  <div class='ocr_page' id='page_1' title='image "/cluster/home/n/w/nwhite01/storage/ocr_20150623/28/hvd.32044015471410/389.png"; bbox 0 0 4114 6364; ppageno 0'>
   <div class='ocr_carea' id='block_1_1' title="bbox 504 317 610 378">
    <p class='ocr_par' dir='ltr' id='par_1_1' title="bbox 504 317 610 378">
     <span class='ocr_line' id='line_1_1' title="bbox 504 317 610 378; baseline 0.009 -2"><span class='ocrx_word' id='word_1_1' title='bbox 504 317 610 378; x_wconf 79' lang='grc'><strong>767</strong></span> 
     </span>
    </p>
   </div>
   <div class='ocr_carea' id='block_1_2' title="bbox 1508 314 2791 379">
    <p class='ocr_par' dir='ltr' id='par_1_2' title="bbox 1508 314 2791 379">
     <span class='ocr_line' id='line_1_2' title="bbox 1508 314 2791 379; baseline -0.003 -1"><span class='ocrx_word' id='word_1_2' title='bbox 1508 320 1566 379; x_wconf 93' lang='lat' dir='ltr'><strong>S.</strong></span> <span class='ocrx_word' id='word_1_3' title='bbox 1608 314 1999 377; x_wconf 80' lang='lat' dir='ltr'><strong>HIERONYMI</strong></span> <span class='ocrx_word' id='word_1_4' title='bbox 2035 315 2273 375; x_wconf 81' lang='lat' dir='ltr'><strong>DIVINA</strong></span> <span class='ocrx_word' id='word_1_5' title='bbox 2310 315 2791 376; x_wconf 79' lang='lat' dir='ltr'><strong>BIBLIOTHECA.</strong></span> 
     </span>
    </p>
   </div>
   <div class='ocr_carea' id='block_1_3' title="bbox 3697 321 3802 382">
    <p class='ocr_par' dir='ltr' id='par_1_3' title="bbox 3697 321 3802 382">
     <span class='ocr_line' id='line_1_3' title="bbox 3697 321 3802 382; baseline 0.01 -2"><span class='ocrx_word' id='word_1_6' title='bbox 3697 321 3802 382; x_wconf 82' lang='lat'><strong>768</strong></span> 
     </span>
    </p>
   </div>
   <div class='ocr_carea' id='block_1_4' title="bbox 503 434 3800 511">
    <p class='ocr_par' dir='ltr' id='par_1_4' title="bbox 503 434 3800 511">
     <span class='ocr_line' id='line_1_4' title="bbox 503 434 3800 511; baseline 0.001 -15"><span class='ocrx_word' id='word_1_7' title='bbox 503 448 560 496; x_wconf 90' lang='lat' dir='ltr'><strong>et</strong></span> <span class='ocrx_word' id='word_1_8' title='bbox 582 439 789 496; x_wconf 88' lang='lat' dir='ltr'><strong>talento</strong></span> <span class='ocrx_word' id='word_1_9' title='bbox 840 436 983 494; x_wconf 82' lang='lat' dir='ltr'><strong>auri.</strong></span> <span class='ocrx_word' id='word_1_10' title='bbox 1021 438 1330 510; x_wconf 70' lang='lat' dir='ltr'><strong>[legemque</strong></span> <span class='ocrx_word' id='word_1_11' title='bbox 1356 436 1634 494; x_wconf 73' lang='lat' dir='ltr'><strong>constituit</strong></span> <span class='ocrx_word' id='word_1_12' title='bbox 1663 435 1876 492; x_wconf 83' lang='lat' dir='ltr'><strong>Pharao</strong></span> <span class='ocrx_word' id='word_1_13' title='bbox 1918 434 2102 491; x_wconf 84' lang='lat' dir='ltr'><strong>Necho</strong></span> <span class='ocrx_word' id='word_1_14' title='bbox 2128 441 2184 500; x_wconf 77' lang='grc' dir='ltr'><strong>Α</strong></span> <span class='ocrx_word' id='word_1_15' title='bbox 2207 437 2485 509; x_wconf 86' lang='lat' dir='ltr'><strong>coepisset.</strong></span> <span class='ocrx_word' id='word_1_16' title='bbox 2513 447 2568 495; x_wconf 91' lang='lat' dir='ltr'><strong>et</strong></span> <span class='ocrx_word' id='word_1_17' title='bbox 2595 438 2766 495; x_wconf 90' lang='lat' dir='ltr'><strong>tribus</strong></span> <span class='ocrx_word' id='word_1_18' title='bbox 2797 437 3076 495; x_wconf 86' lang='lat' dir='ltr'><strong>mensibus</strong></span> <span class='ocrx_word' id='word_1_19' title='bbox 3101 438 3344 511; x_wconf 75' lang='lat' dir='ltr'><strong>regnavit</strong></span> <span class='ocrx_word' id='word_1_20' title='bbox 3363 440 3418 496; x_wconf 93' lang='lat' dir='ltr'><strong>in</strong></span> <span class='ocrx_word' id='word_1_21' title='bbox 3449 441 3800 501; x_wconf 85' lang='lat' dir='ltr'><strong>Jerusalem:</strong></span> 
     </span>
    </p>
   </div>
   <div class='ocr_carea' id='block_1_5' title="bbox 507 529 2103 604">
    <p class='ocr_par' dir='ltr' id='par_1_5' title="bbox 507 529 2103 604">
     <span class='ocr_line' id='line_1_5' title="bbox 507 529 2103 604; baseline -0.001 -15"><span class='ocrx_word' id='word_1_22' title='bbox 507 532 737 590; x_wconf 89' lang='lat' dir='ltr'><strong>Eliacim</strong></span> <span class='ocrx_word' id='word_1_23' title='bbox 767 531 939 589; x_wconf 82' lang='lat' dir='ltr'><strong>lilium</strong></span> <span class='ocrx_word' id='word_1_24' title='bbox 971 532 1135 589; x_wconf 81' lang='lat' dir='ltr'><strong>Josim</strong></span> <span class='ocrx_word' id='word_1_25' title='bbox 1153 548 1251 604; x_wconf 90' lang='lat' dir='ltr'><strong>pro</strong></span> <span class='ocrx_word' id='word_1_26' title='bbox 1274 532 1422 589; x_wconf 92' lang='lat' dir='ltr'><strong>Josia</strong></span> <span class='ocrx_word' id='word_1_27' title='bbox 1461 541 1616 602; x_wconf 90' lang='lat' dir='ltr'><strong>patre</strong></span> <span class='ocrx_word' id='word_1_28' title='bbox 1645 532 1764 601; x_wconf 86' lang='lat' dir='ltr'><strong>ejus</strong></span> <span class='ocrx_word' id='word_1_29' title='bbox 1788 549 1801 584; x_wconf 87' lang='lat'><strong>:</strong></span> <span class='ocrx_word' id='word_1_30' title='bbox 1830 529 2103 601; x_wconf 83' lang='lat' dir='ltr'><strong>vertitque</strong></span> 
     </span>
    </p>
   </div>
   <div class='ocr_carea' id='block_1_6' title="bbox 505 625 2102 699">
    <p class='ocr_par' dir='ltr' id='par_1_6' title="bbox 505 625 2102 699">
     <span class='ocr_line' id='line_1_6' title="bbox 505 625 2102 699; baseline -0.001 -15"><span class='ocrx_word' id='word_1_31' title='bbox 505 643 704 684; x_wconf 92' lang='lat' dir='ltr'><strong>nomen</strong></span> <span class='ocrx_word' id='word_1_32' title='bbox 732 629 850 699; x_wconf 86' lang='lat' dir='ltr'><strong>ejus</strong></span> <span class='ocrx_word' id='word_1_33' title='bbox 877 638 904 667; x_wconf 76' lang='grc' dir='ltr'>ι</span> <span class='ocrx_word' id='word_1_34' title='bbox 925 628 1172 684; x_wconf 89' lang='lat' dir='ltr'><strong>Joiacim.</strong></span> <span class='ocrx_word' id='word_1_35' title='bbox 1201 627 1373 682; x_wconf 89' lang='lat' dir='ltr'><strong>Porro</strong></span> <span class='ocrx_word' id='word_1_36' title='bbox 1396 625 1600 683; x_wconf 84' lang='lat' dir='ltr'><strong>Joahaz</strong></span> <span class='ocrx_word' id='word_1_37' title='bbox 1630 626 1773 694; x_wconf 88' lang='lat' dir='ltr'><strong>tulit,</strong></span> <span class='ocrx_word' id='word_1_38' title='bbox 1794 635 1850 682; x_wconf 92' lang='lat' dir='ltr'><strong>et</strong></span> <span class='ocrx_word' id='word_1_39' title='bbox 1865 625 2020 682; x_wconf 90' lang='lat' dir='ltr'><strong>duxit</strong></span> <span class='ocrx_word' id='word_1_40' title='bbox 2047 626 2102 682; x_wconf 90' lang='lat' dir='ltr'><strong>in</strong></span> 
     </span>
    </p>
   </div>
   <div class='ocr_carea' id='block_1_7' title="bbox 507 718 2100 795">
    <p class='ocr_par' dir='ltr' id='par_1_7' title="bbox 507 718 2100 795">
     <span class='ocr_line' id='line_1_7' title="bbox 507 718 2100 795; baseline -0.003 -16"><span class='ocrx_word' id='word_1_41' title='bbox 507 722 802 795; x_wconf 68' lang='lat' dir='ltr'><strong>Egyptum</strong></span> <span class='ocrx_word' id='word_1_42' title='bbox 829 723 847 795; x_wconf 84' lang='lat'>[</span> <span class='ocrx_word' id='word_1_43' title='bbox 863 724 917 777; x_wconf 79' lang='lat' dir='ltr'><strong>li.</strong></span> <span class='ocrx_word' id='word_1_44' title='bbox 945 731 1000 779; x_wconf 91' lang='lat' dir='ltr'><strong>et</strong></span> <span class='ocrx_word' id='word_1_45' title='bbox 1025 729 1271 778; x_wconf 90' lang='lat' dir='ltr'><strong>mortuus</strong></span> <span class='ocrx_word' id='word_1_46' title='bbox 1294 730 1377 777; x_wconf 84' lang='lat' dir='ltr'><strong>est</strong></span> <span class='ocrx_word' id='word_1_47' title='bbox 1406 720 1505 777; x_wconf 91' lang='lat' dir='ltr'><strong>ibi.</strong></span> <span class='ocrx_word' id='word_1_48' title='bbox 1539 721 1632 777; x_wconf 88' lang='lat' dir='ltr'><strong>Sic</strong></span> <span class='ocrx_word' id='word_1_49' title='bbox 1661 719 1820 792; x_wconf 87' lang='lat' dir='ltr'><strong>Vulg.</strong></span> <span class='ocrx_word' id='word_1_50' title='bbox 1845 718 1864 792; x_wconf 97' lang='lat'><strong>]</strong></span> <span class='ocrx_word' id='word_1_51' title='bbox 1887 720 2100 791; x_wconf 81' lang='lat' dir='ltr'><strong>Argen-</strong></span> 
     </span>
    </p>
   </div>
   <div class='ocr_carea' id='block_1_8' title="bbox 505 812 2100 892">
    <p class='ocr_par' dir='ltr' id='par_1_8' title="bbox 505 812 2100 892">
     <span class='ocr_line' id='line_1_8' title="bbox 505 812 2100 892; baseline -0.001 -23"><span class='ocrx_word' id='word_1_52' title='bbox 505 823 620 871; x_wconf 89' lang='lat' dir='ltr'><strong>tum</strong></span> <span class='ocrx_word' id='word_1_53' title='bbox 643 823 826 872; x_wconf 89' lang='lat' dir='ltr'><strong>autem</strong></span> <span class='ocrx_word' id='word_1_54' title='bbox 846 824 899 870; x_wconf 92' lang='lat' dir='ltr'><strong>et</strong></span> <span class='ocrx_word' id='word_1_55' title='bbox 917 829 1109 870; x_wconf 88' lang='lat' dir='ltr'><strong>aurum</strong></span> <span class='ocrx_word' id='word_1_56' title='bbox 1133 812 1284 870; x_wconf 89' lang='lat' dir='ltr'><strong>dedit</strong></span> <span class='ocrx_word' id='word_1_57' title='bbox 1311 813 1537 870; x_wconf 87' lang='lat' dir='ltr'><strong>Joiacim</strong></span> <span class='ocrx_word' id='word_1_58' title='bbox 1563 813 1850 880; x_wconf 81' lang='lat' dir='ltr'><strong>Pharaoni,</strong></span> <span class='ocrx_word' id='word_1_59' title='bbox 1875 827 1998 868; x_wconf 91' lang='lat' dir='ltr'><strong>cum</strong></span> <span class='ocrx_word' id='word_1_60' title='bbox 2021 814 2100 892; x_wconf 77' lang='lat' dir='ltr'><strong>in-</strong></span> 
     </span>
    </p>
   </div>
   <div class='ocr_carea' id='block_1_9' title="bbox 509 903 2105 980">
    <p class='ocr_par' dir='ltr' id='par_1_9' title="bbox 509 903 2105 980">
     <span class='ocr_line' id='line_1_9' title="bbox 509 903 2105 980; baseline -0.001 -16"><span class='ocrx_word' id='word_1_61' title='bbox 509 907 738 965; x_wconf 81' lang='lat' dir='ltr'><strong>dixisset</strong></span> <span class='ocrx_word' id='word_1_62' title='bbox 752 907 1048 980; x_wconf 77' lang='lat' dir='ltr'><strong>terrm[Ms.</strong></span> <span class='ocrx_word' id='word_1_63' title='bbox 1067 916 1213 964; x_wconf 86' lang='lat' dir='ltr'><strong>tacet</strong></span> <span class='ocrx_word' id='word_1_64' title='bbox 1225 907 1406 980; x_wconf 90' lang='lat' dir='ltr'><strong>terrm]</strong></span> <span class='ocrx_word' id='word_1_65' title='bbox 1424 923 1518 978; x_wconf 88' lang='lat' dir='ltr'><strong>per</strong></span> <span class='ocrx_word' id='word_1_66' title='bbox 1533 903 1797 978; x_wconf 87' lang='lat' dir='ltr'><strong>singulos,</strong></span> <span class='ocrx_word' id='word_1_67' title='bbox 1821 916 1880 962; x_wconf 92' lang='lat' dir='ltr'><strong>ut</strong></span> <span class='ocrx_word' id='word_1_68' title='bbox 1894 905 2105 963; x_wconf 89' lang='lat' dir='ltr'><strong>confer-</strong></span> 
     </span>
    </p>
   </div>
   <div class='ocr_carea' id='block_1_10' title="bbox 506 999 2103 1070">
    <p class='ocr_par' dir='ltr' id='par_1_10' title="bbox 506 999 2103 1070">
     <span class='ocr_line' id='line_1_10' title="bbox 506 999 2103 1070; baseline -0.002 -15"><span class='ocrx_word' id='word_1_69' title='bbox 506 1009 660 1057; x_wconf 87' lang='lat' dir='ltr'><strong>retur</strong></span> <span class='ocrx_word' id='word_1_70' title='bbox 684 1001 838 1070; x_wconf 80' lang='lat' dir='ltr'><strong>juxta</strong></span> <span class='ocrx_word' id='word_1_71' title='bbox 868 1008 1199 1070; x_wconf 84' lang='lat' dir='ltr'><strong>prmceptum</strong></span> <span class='ocrx_word' id='word_1_72' title='bbox 1227 999 1555 1068; x_wconf 85' lang='lat' dir='ltr'><strong>Pharaonis,</strong></span> <span class='ocrx_word' id='word_1_73' title='bbox 1579 1009 1636 1055; x_wconf 89' lang='lat' dir='ltr'><strong>et</strong></span> <span class='ocrx_word' id='word_1_74' title='bbox 1665 1013 2103 1070; x_wconf 83' lang='lat' dir='ltr'><strong>unumquemque</strong></span> 
     </span>
    </p>
   </div>
   <div class='ocr_carea' id='block_1_11' title="bbox 503 1090 2101 1164">
    <p class='ocr_par' dir='ltr' id='par_1_11' title="bbox 503 1090 2101 1164">
     <span class='ocr_line' id='line_1_11' title="bbox 503 1090 2101 1164; baseline -0.001 -17"><span class='ocrx_word' id='word_1_75' title='bbox 503 1090 798 1148; x_wconf 90' lang='lat' dir='ltr'><strong>secundum</strong></span> <span class='ocrx_word' id='word_1_76' title='bbox 849 1091 993 1148; x_wconf 87' lang='lat' dir='ltr'><strong>vires</strong></span> <span class='ocrx_word' id='word_1_77' title='bbox 1040 1106 1166 1147; x_wconf 90' lang='lat' dir='ltr'><strong>suas</strong></span> <span class='ocrx_word' id='word_1_78' title='bbox 1203 1093 1403 1164; x_wconf 81' lang='lat' dir='ltr'><strong>exegit,</strong></span> <span class='ocrx_word' id='word_1_79' title='bbox 1465 1101 1572 1147; x_wconf 88' lang='lat' dir='ltr'><strong>tam</strong></span> <span class='ocrx_word' id='word_1_80' title='bbox 1608 1101 1889 1164; x_wconf 79' lang='lat' dir='ltr'><strong>argentum</strong></span> <span class='ocrx_word' id='word_1_81' title='bbox 1939 1107 2101 1161; x_wconf 87' lang='lat' dir='ltr'><strong>quam</strong></span> 
     </span>
    </p>
   </div>
   <div class='ocr_carea' id='block_1_12' title="bbox 502 1185 2100 1257">
    <p class='ocr_par' dir='ltr' id='par_1_12' title="bbox 502 1185 2100 1257">
     <span class='ocr_line' id='line_1_12' title="bbox 502 1185 2100 1257; baseline -0.001 -17"><span class='ocrx_word' id='word_1_82' title='bbox 502 1199 693 1241; x_wconf 90' lang='lat' dir='ltr'><strong>aurum</strong></span> <span class='ocrx_word' id='word_1_83' title='bbox 722 1185 790 1242; x_wconf 90' lang='lat' dir='ltr'><strong>de</strong></span> <span class='ocrx_word' id='word_1_84' title='bbox 839 1185 1034 1257; x_wconf 88' lang='lat' dir='ltr'><strong>populo</strong></span> <span class='ocrx_word' id='word_1_85' title='bbox 1067 1196 1246 1255; x_wconf 88' lang='lat' dir='ltr'><strong>terrm,</strong></span> <span class='ocrx_word' id='word_1_86' title='bbox 1284 1196 1345 1242; x_wconf 92' lang='lat' dir='ltr'><strong>ut</strong></span> <span class='ocrx_word' id='word_1_87' title='bbox 1386 1187 1548 1242; x_wconf 89' lang='lat' dir='ltr'><strong>daret</strong></span> <span class='ocrx_word' id='word_1_88' title='bbox 1591 1185 1859 1243; x_wconf 87' lang='lat' dir='ltr'><strong>Pharaoni</strong></span> <span class='ocrx_word' id='word_1_89' title='bbox 1894 1185 2100 1242; x_wconf 89' lang='lat' dir='ltr'><strong>Necho.</strong></span> 
     </span>
    </p>
   </div>
   <div class='ocr_carea' id='block_1_13' title="bbox 505 1276 2104 1349">
    <p class='ocr_par' dir='ltr' id='par_1_13' title="bbox 505 1276 2104 1349">
     <span class='ocr_line' id='line_1_13' title="bbox 505 1276 2104 1349; baseline 0.001 -18"><span class='ocrx_word' id='word_1_90' title='bbox 505 1276 709 1347; x_wconf 76' lang='lat' dir='ltr'><strong>Viginti</strong></span> <span class='ocrx_word' id='word_1_91' title='bbox 739 1277 977 1349; x_wconf 88' lang='lat' dir='ltr'><strong>quinque</strong></span> <span class='ocrx_word' id='word_1_92' title='bbox 1003 1292 1268 1333; x_wconf 87' lang='lat' dir='ltr'><strong>annorum</strong></span> <span class='ocrx_word' id='word_1_93' title='bbox 1295 1286 1412 1334; x_wconf 86' lang='lat' dir='ltr'><strong>erat</strong></span> <span class='ocrx_word' id='word_1_94' title='bbox 1443 1278 1670 1334; x_wconf 91' lang='lat' dir='ltr'><strong>Joiacim</strong></span> <span class='ocrx_word' id='word_1_95' title='bbox 1700 1294 1822 1334; x_wconf 89' lang='lat' dir='ltr'><strong>cum</strong></span> <span class='ocrx_word' id='word_1_96' title='bbox 1873 1291 2104 1348; x_wconf 87' lang='lat' dir='ltr'><strong>regnare</strong></span> 
     </span>
    </p>
   </div>
   <div class='ocr_carea' id='block_1_14' title="bbox 508 1369 2100 1442">
    <p class='ocr_par' dir='ltr' id='par_1_14' title="bbox 508 1369 2100 1442">
     <span class='ocr_line' id='line_1_14' title="bbox 508 1369 2100 1442; baseline -0.001 -18"><span class='ocrx_word' id='word_1_97' title='bbox 508 1369 787 1438; x_wconf 72' lang='lat' dir='ltr'><strong>cmpisset,</strong></span> <span class='ocrx_word' id='word_1_98' title='bbox 826 1378 882 1425; x_wconf 88' lang='lat' dir='ltr'><strong>et</strong></span> <span class='ocrx_word' id='word_1_99' title='bbox 911 1370 1164 1426; x_wconf 90' lang='lat' dir='ltr'><strong>undecim</strong></span> <span class='ocrx_word' id='word_1_100' title='bbox 1195 1371 1356 1426; x_wconf 86' lang='lat' dir='ltr'><strong>annis</strong></span> <span class='ocrx_word' id='word_1_101' title='bbox 1388 1371 1632 1442; x_wconf 84' lang='lat' dir='ltr'><strong>regnavit</strong></span> <span class='ocrx_word' id='word_1_102' title='bbox 1673 1371 1724 1426; x_wconf 93' lang='lat' dir='ltr'><strong>in</strong></span> <span class='ocrx_word' id='word_1_103' title='bbox 1755 1369 2058 1426; x_wconf 80' lang='lat' dir='ltr'><strong>Jerusalem</strong></span> <span class='ocrx_word' id='word_1_104' title='bbox 2087 1385 2100 1422; x_wconf 91' lang='lat'><strong>:</strong></span> 
     </span>
    </p>
   </div>
   <div class='ocr_carea' id='block_1_15' title="bbox 507 1460 2100 1533">
    <p class='ocr_par' dir='ltr' id='par_1_15' title="bbox 507 1460 2100 1533">
     <span class='ocr_line' id='line_1_15' title="bbox 507 1460 2100 1533; baseline -0.002 -16"><span class='ocrx_word' id='word_1_105' title='bbox 507 1476 707 1517; x_wconf 88' lang='lat' dir='ltr'><strong>nomen</strong></span> <span class='ocrx_word' id='word_1_106' title='bbox 739 1463 928 1517; x_wconf 88' lang='lat' dir='ltr'><strong>malris</strong></span> <span class='ocrx_word' id='word_1_107' title='bbox 964 1462 1084 1533; x_wconf 92' lang='lat' dir='ltr'><strong>ejus</strong></span> <span class='ocrx_word' id='word_1_108' title='bbox 1113 1461 1139 1502; x_wconf 69' lang='grc'><strong>1³</strong></span> <span class='ocrx_word' id='word_1_109' title='bbox 1170 1463 1366 1518; x_wconf 89' lang='lat' dir='ltr'><strong>Zebida</strong></span> <span class='ocrx_word' id='word_1_110' title='bbox 1389 1461 1496 1518; x_wconf 88' lang='lat' dir='ltr'><strong>lilia</strong></span> <span class='ocrx_word' id='word_1_111' title='bbox 1525 1462 1761 1532; x_wconf 79' lang='lat' dir='ltr'><strong>Pliadaja</strong></span> <span class='ocrx_word' id='word_1_112' title='bbox 1790 1461 1859 1517; x_wconf 90' lang='lat' dir='ltr'><strong>de</strong></span> <span class='ocrx_word' id='word_1_113' title='bbox 1905 1460 2100 1515; x_wconf 84' lang='lat' dir='ltr'><strong>Ruma.</strong></span> 
     </span>
    </p>
   </div>
   <div class='ocr_carea' id='block_1_16' title="bbox 511 1551 2100 1628">
    <p class='ocr_par' dir='ltr' id='par_1_16' title="bbox 511 1551 2100 1628">
     <span class='ocr_line' id='line_1_16' title="bbox 511 1551 2100 1628; baseline 0.001 -21"><span class='ocrx_word' id='word_1_114' title='bbox 511 1552 578 1609; x_wconf 87' lang='lat' dir='ltr'><strong>Et</strong></span> <span class='ocrx_word' id='word_1_115' title='bbox 596 1552 724 1609; x_wconf 89' lang='lat' dir='ltr'><strong>fecit</strong></span> <span class='ocrx_word' id='word_1_116' title='bbox 753 1554 952 1609; x_wconf 89' lang='lat' dir='ltr'><strong>malum</strong></span> <span class='ocrx_word' id='word_1_117' title='bbox 975 1569 1158 1609; x_wconf 89' lang='lat' dir='ltr'><strong>coram</strong></span> <span class='ocrx_word' id='word_1_118' title='bbox 1210 1554 1440 1610; x_wconf 92' lang='lat' dir='ltr'><strong>Domino</strong></span> <span class='ocrx_word' id='word_1_119' title='bbox 1464 1554 1541 1628; x_wconf 90' lang='lat' dir='ltr'><strong>[h.</strong></span> <span class='ocrx_word' id='word_1_120' title='bbox 1571 1555 1624 1609; x_wconf 93' lang='lat' dir='ltr'><strong>in</strong></span> <span class='ocrx_word' id='word_1_121' title='bbox 1652 1554 1827 1610; x_wconf 83' lang='lat' dir='ltr'><strong>oculis</strong></span> <span class='ocrx_word' id='word_1_122' title='bbox 1844 1551 2100 1624; x_wconf 85' lang='lat' dir='ltr'><strong>Domini],</strong></span> 
     </span>
    </p>
   </div>
   <div class='ocr_carea' id='block_1_17' title="bbox 502 1644 1686 1718">
    <p class='ocr_par' dir='ltr' id='par_1_17' title="bbox 502 1644 1686 1718">
     <span class='ocr_line' id='line_1_17' title="bbox 502 1644 1686 1718; baseline 0.002 -18"><span class='ocrx_word' id='word_1_123' title='bbox 502 1644 656 1716; x_wconf 87' lang='lat' dir='ltr'><strong>juxta</strong></span> <span class='ocrx_word' id='word_1_124' title='bbox 687 1648 871 1701; x_wconf 87' lang='lat' dir='ltr'><strong>omnia</strong></span> <span class='ocrx_word' id='word_1_125' title='bbox 893 1661 1014 1717; x_wconf 81' lang='lat' dir='ltr'><strong>qum</strong></span> <span class='ocrx_word' id='word_1_126' title='bbox 1046 1646 1291 1703; x_wconf 89' lang='lat' dir='ltr'><strong>fecerant</strong></span> <span class='ocrx_word' id='word_1_127' title='bbox 1332 1657 1516 1718; x_wconf 87' lang='lat' dir='ltr'><strong>patres</strong></span> <span class='ocrx_word' id='word_1_128' title='bbox 1545 1647 1686 1716; x_wconf 90' lang='lat' dir='ltr'><strong>ejus.</strong></span> 
     </span>
    </p>
   </div>
   <div class='ocr_carea' id='block_1_18' title="bbox 513 1737 2106 1811">
    <p class='ocr_par' dir='ltr' id='par_1_18' title="bbox 513 1737 2106 1811">
     <span class='ocr_line' id='line_1_18' title="bbox 513 1737 2106 1811; baseline 0 -16"><span class='ocrx_word' id='word_1_129' title='bbox 513 1744 530 1751; x_wconf 72' lang='lat'><strong><em>’</em></strong></span> <span class='ocrx_word' id='word_1_130' title='bbox 583 1738 734 1811; x_wconf 83' lang='lat' dir='ltr'><strong>[Cap.</strong></span> <span class='ocrx_word' id='word_1_131' title='bbox 766 1738 986 1811; x_wconf 80' lang='lat' dir='ltr'><strong>XXIV.]</strong></span> <span class='ocrx_word' id='word_1_132' title='bbox 1015 1740 1070 1794; x_wconf 83' lang='lat' dir='ltr'><strong>In</strong></span> <span class='ocrx_word' id='word_1_133' title='bbox 1100 1739 1297 1796; x_wconf 89' lang='lat' dir='ltr'><strong>diebus</strong></span> <span class='ocrx_word' id='word_1_134' title='bbox 1325 1742 1444 1809; x_wconf 91' lang='lat' dir='ltr'><strong>ejus</strong></span> <span class='ocrx_word' id='word_1_135' title='bbox 1475 1740 1722 1796; x_wconf 85' lang='lat' dir='ltr'><strong>ascendit</strong></span> <span class='ocrx_word' id='word_1_136' title='bbox 1745 1737 2106 1796; x_wconf 85' lang='lat' dir='ltr'><strong>Nabuchodo-</strong></span> 
     </span>
    </p>
   </div>
   <div class='ocr_carea' id='block_1_19' title="bbox 2207 527 3793 602">
    <p class='ocr_par' dir='ltr' id='par_1_19' title="bbox 2207 527 3793 602">
     <span class='ocr_line' id='line_1_19' title="bbox 2207 527 3793 602; baseline 0.004 -17"><span class='ocrx_word' id='word_1_137' title='bbox 2207 544 2400 588; x_wconf 90' lang='lat' dir='ltr'><strong>nomen</strong></span> <span class='ocrx_word' id='word_1_138' title='bbox 2434 531 2624 586; x_wconf 84' lang='lat' dir='ltr'><strong>matris</strong></span> <span class='ocrx_word' id='word_1_139' title='bbox 2647 531 2768 602; x_wconf 91' lang='lat' dir='ltr'><strong>ejus</strong></span> <span class='ocrx_word' id='word_1_140' title='bbox 2792 527 2820 568; x_wconf 74' lang='grc' dir='ltr'><strong>ἀ</strong></span> <span class='ocrx_word' id='word_1_141' title='bbox 2847 529 3081 587; x_wconf 86' lang='lat' dir='ltr'><strong>Nebesta</strong></span> <span class='ocrx_word' id='word_1_142' title='bbox 3110 532 3218 588; x_wconf 86' lang='lat' dir='ltr'><strong>lilia</strong></span> <span class='ocrx_word' id='word_1_143' title='bbox 3250 533 3514 592; x_wconf 80' lang='lat' dir='ltr'><strong>Elnathan</strong></span> <span class='ocrx_word' id='word_1_144' title='bbox 3544 536 3612 592; x_wconf 92' lang='lat' dir='ltr'><strong>de</strong></span> <span class='ocrx_word' id='word_1_145' title='bbox 3632 536 3793 593; x_wconf 85' lang='lat' dir='ltr'><strong>Jeru-</strong></span> 
     </span>
    </p>
   </div>
   <div class='ocr_carea' id='block_1_20' title="bbox 2205 623 3808 700">
    <p class='ocr_par' dir='ltr' id='par_1_20' title="bbox 2205 623 3808 700">
     <span class='ocr_line' id='line_1_20' title="bbox 2205 623 3808 700; baseline 0.006 -23"><span class='ocrx_word' id='word_1_146' title='bbox 2205 623 2400 678; x_wconf 87' lang='lat' dir='ltr'><strong>salem.</strong></span> <span class='ocrx_word' id='word_1_147' title='bbox 2429 623 2493 677; x_wconf 88' lang='lat' dir='ltr'><strong>Et</strong></span> <span class='ocrx_word' id='word_1_148' title='bbox 2534 623 2664 678; x_wconf 91' lang='lat' dir='ltr'><strong>fecit</strong></span> <span class='ocrx_word' id='word_1_149' title='bbox 2694 624 2893 679; x_wconf 90' lang='lat' dir='ltr'><strong>malum</strong></span> <span class='ocrx_word' id='word_1_150' title='bbox 2940 637 3128 680; x_wconf 89' lang='lat' dir='ltr'><strong>coram</strong></span> <span class='ocrx_word' id='word_1_151' title='bbox 3176 625 3407 683; x_wconf 92' lang='lat' dir='ltr'><strong>Domino</strong></span> <span class='ocrx_word' id='word_1_152' title='bbox 3428 627 3514 700; x_wconf 85' lang='lat' dir='ltr'><strong>[h.</strong></span> <span class='ocrx_word' id='word_1_153' title='bbox 3545 629 3597 684; x_wconf 92' lang='lat' dir='ltr'><strong>in</strong></span> <span class='ocrx_word' id='word_1_154' title='bbox 3629 629 3808 686; x_wconf 85' lang='lat' dir='ltr'><strong>oculis</strong></span> 
     </span>
    </p>
   </div>
   <div class='ocr_carea' id='block_1_21' title="bbox 2207 709 3811 791">
    <p class='ocr_par' dir='ltr' id='par_1_21' title="bbox 2207 709 3811 791">
     <span class='ocr_line' id='line_1_21' title="bbox 2207 709 3811 791; baseline 0.006 -23"><span class='ocrx_word' id='word_1_155' title='bbox 2207 709 2468 786; x_wconf 89' lang='lat' dir='ltr'><strong>Domini],</strong></span> <span class='ocrx_word' id='word_1_156' title='bbox 2488 713 2833 786; x_wconf 86' lang='lat' dir='ltr'><strong>juxtaontnia</strong></span> <span class='ocrx_word' id='word_1_157' title='bbox 2858 731 2979 788; x_wconf 85' lang='lat' dir='ltr'><strong>qum</strong></span> <span class='ocrx_word' id='word_1_158' title='bbox 3005 715 3215 772; x_wconf 79' lang='lat' dir='ltr'><strong>fecerat</strong></span> <span class='ocrx_word' id='word_1_159' title='bbox 3242 729 3399 788; x_wconf 88' lang='lat' dir='ltr'><strong>pater</strong></span> <span class='ocrx_word' id='word_1_160' title='bbox 3427 720 3567 791; x_wconf 90' lang='lat' dir='ltr'><strong>ejus.</strong></span> <span class='ocrx_word' id='word_1_161' title='bbox 3592 721 3649 776; x_wconf 87' lang='lat' dir='ltr'><strong>In</strong></span> <span class='ocrx_word' id='word_1_162' title='bbox 3670 728 3811 777; x_wconf 84' lang='lat' dir='ltr'><strong>tem-</strong></span> 
     </span>
    </p>
   </div>
   <div class='ocr_carea' id='block_1_22' title="bbox 2206 807 3812 885">
    <p class='ocr_par' dir='ltr' id='par_1_22' title="bbox 2206 807 3812 885">
     <span class='ocr_line' id='line_1_22' title="bbox 2206 807 3812 885; baseline 0.004 -23"><span class='ocrx_word' id='word_1_163' title='bbox 2206 821 2339 876; x_wconf 91' lang='lat' dir='ltr'><strong>pore</strong></span> <span class='ocrx_word' id='word_1_164' title='bbox 2375 807 2469 862; x_wconf 90' lang='lat' dir='ltr'><strong>illo</strong></span> <span class='ocrx_word' id='word_1_165' title='bbox 2513 807 2881 864; x_wconf 88' lang='lat' dir='ltr'><strong>ascenderunt</strong></span> <span class='ocrx_word' id='word_1_166' title='bbox 2925 810 3066 864; x_wconf 82' lang='lat' dir='ltr'><strong>servi</strong></span> <span class='ocrx_word' id='word_1_167' title='bbox 3099 809 3611 868; x_wconf 83' lang='lat' dir='ltr'><strong>Nabuchodonosor</strong></span> <span class='ocrx_word' id='word_1_168' title='bbox 3663 813 3812 885; x_wconf 86' lang='lat' dir='ltr'><strong>regis</strong></span> 
     </span>
    </p>
   </div>
   <div class='ocr_carea' id='block_1_23' title="bbox 2211 899 3810 972">
    <p class='ocr_par' dir='ltr' id='par_1_23' title="bbox 2211 899 3810 972">
     <span class='ocr_line' id='line_1_23' title="bbox 2211 899 3810 972; baseline 0.003 -18"><span class='ocrx_word' id='word_1_169' title='bbox 2211 899 2508 972; x_wconf 87' lang='lat' dir='ltr'><strong>Babylonis</strong></span> <span class='ocrx_word' id='word_1_170' title='bbox 2540 901 2592 955; x_wconf 93' lang='lat' dir='ltr'><strong>in</strong></span> <span class='ocrx_word' id='word_1_171' title='bbox 2618 900 2948 968; x_wconf 81' lang='lat' dir='ltr'><strong>Jerusalem,</strong></span> <span class='ocrx_word' id='word_1_172' title='bbox 2975 910 3031 958; x_wconf 92' lang='lat' dir='ltr'><strong>et</strong></span> <span class='ocrx_word' id='word_1_173' title='bbox 3055 900 3386 959; x_wconf 87' lang='lat' dir='ltr'><strong>circumdata</strong></span> <span class='ocrx_word' id='word_1_174' title='bbox 3413 914 3498 960; x_wconf 87' lang='lat' dir='ltr'><strong>est</strong></span> <span class='ocrx_word' id='word_1_175' title='bbox 3527 905 3659 960; x_wconf 90' lang='lat' dir='ltr'><strong>urbs</strong></span> <span class='ocrx_word' id='word_1_176' title='bbox 3683 921 3810 960; x_wconf 81' lang='lat' dir='ltr'><strong>mu-</strong></span> 
     </span>
    </p>
   </div>
   <div class='ocr_carea' id='block_1_24' title="bbox 2206 993 3804 1070">
    <p class='ocr_par' dir='ltr' id='par_1_24' title="bbox 2206 993 3804 1070">
     <span class='ocr_line' id='line_1_24' title="bbox 2206 993 3804 1070; baseline 0.002 -22"><span class='ocrx_word' id='word_1_177' title='bbox 2206 993 2524 1050; x_wconf 90' lang='lat' dir='ltr'><strong>nitionibus.</strong></span> <span class='ocrx_word' id='word_1_178' title='bbox 2549 993 2812 1066; x_wconf 85' lang='lat' dir='ltr'><strong>Venitque</strong></span> <span class='ocrx_word' id='word_1_179' title='bbox 2846 995 3349 1053; x_wconf 80' lang='lat' dir='ltr'><strong>Nabuchodonosor</strong></span> <span class='ocrx_word' id='word_1_180' title='bbox 3380 1013 3474 1053; x_wconf 85' lang='lat' dir='ltr'><strong>rex</strong></span> <span class='ocrx_word' id='word_1_181' title='bbox 3507 999 3804 1070; x_wconf 82' lang='lat' dir='ltr'><strong>Babylonis</strong></span> 
     </span>
    </p>
   </div>
   <div class='ocr_carea' id='block_1_25' title="bbox 2203 1087 3805 1160">
    <p class='ocr_par' dir='ltr' id='par_1_25' title="bbox 2203 1087 3805 1160">
     <span class='ocr_line' id='line_1_25' title="bbox 2203 1087 3805 1160; baseline 0.002 -20"><span class='ocrx_word' id='word_1_182' title='bbox 2203 1088 2270 1142; x_wconf 92' lang='lat' dir='ltr'><strong>ad</strong></span> <span class='ocrx_word' id='word_1_183' title='bbox 2319 1087 2628 1158; x_wconf 86' lang='lat' dir='ltr'><strong>civitatem,</strong></span> <span class='ocrx_word' id='word_1_184' title='bbox 2673 1103 2798 1143; x_wconf 90' lang='lat' dir='ltr'><strong>cum</strong></span> <span class='ocrx_word' id='word_1_185' title='bbox 2848 1089 2998 1145; x_wconf 86' lang='lat' dir='ltr'><strong>servi</strong></span> <span class='ocrx_word' id='word_1_186' title='bbox 3053 1090 3170 1160; x_wconf 88' lang='lat' dir='ltr'><strong>ejus</strong></span> <span class='ocrx_word' id='word_1_187' title='bbox 3220 1102 3600 1160; x_wconf 86' lang='lat' dir='ltr'><strong>oppugnarent</strong></span> <span class='ocrx_word' id='word_1_188' title='bbox 3657 1107 3805 1146; x_wconf 88' lang='lat' dir='ltr'><strong>eam.</strong></span> 
     </span>
    </p>
   </div>
   <div class='ocr_carea' id='block_1_26' title="bbox 2206 1179 3810 1256">
    <p class='ocr_par' dir='ltr' id='par_1_26' title="bbox 2206 1179 3810 1256">
     <span class='ocr_line' id='line_1_26' title="bbox 2206 1179 3810 1256; baseline 0.002 -20"><span class='ocrx_word' id='word_1_189' title='bbox 2206 1180 2576 1251; x_wconf 87' lang='lat' dir='ltr'><strong>Egressusque</strong></span> <span class='ocrx_word' id='word_1_190' title='bbox 2595 1190 2676 1236; x_wconf 89' lang='lat' dir='ltr'><strong>est</strong></span> <span class='ocrx_word' id='word_1_191' title='bbox 2705 1179 2951 1236; x_wconf 89' lang='lat' dir='ltr'><strong>Joiachin</strong></span> <span class='ocrx_word' id='word_1_192' title='bbox 2983 1197 3078 1238; x_wconf 89' lang='lat' dir='ltr'><strong>rex</strong></span> <span class='ocrx_word' id='word_1_193' title='bbox 3105 1181 3242 1238; x_wconf 89' lang='lat' dir='ltr'><strong>Juda</strong></span> <span class='ocrx_word' id='word_1_194' title='bbox 3264 1185 3333 1239; x_wconf 92' lang='lat' dir='ltr'><strong>ad</strong></span> <span class='ocrx_word' id='word_1_195' title='bbox 3359 1198 3544 1256; x_wconf 84' lang='lat' dir='ltr'><strong>regem</strong></span> <span class='ocrx_word' id='word_1_196' title='bbox 3573 1183 3810 1256; x_wconf 88' lang='lat' dir='ltr'><strong>Babylo-</strong></span> 
     </span>
    </p>
   </div>
   <div class='ocr_carea' id='block_1_27' title="bbox 2206 1272 3812 1346">
    <p class='ocr_par' dir='ltr' id='par_1_27' title="bbox 2206 1272 3812 1346">
     <span class='ocr_line' id='line_1_27' title="bbox 2206 1272 3812 1346; baseline 0.002 -20"><span class='ocrx_word' id='word_1_197' title='bbox 2206 1273 2313 1338; x_wconf 89' lang='lat' dir='ltr'><strong>nis,</strong></span> <span class='ocrx_word' id='word_1_198' title='bbox 2339 1272 2456 1342; x_wconf 89' lang='lat' dir='ltr'><strong>ipse</strong></span> <span class='ocrx_word' id='word_1_199' title='bbox 2503 1281 2558 1329; x_wconf 91' lang='lat' dir='ltr'><strong>et</strong></span> <span class='ocrx_word' id='word_1_200' title='bbox 2587 1281 2760 1330; x_wconf 89' lang='lat' dir='ltr'><strong>mater</strong></span> <span class='ocrx_word' id='word_1_201' title='bbox 2786 1273 2928 1343; x_wconf 88' lang='lat' dir='ltr'><strong>ejus,</strong></span> <span class='ocrx_word' id='word_1_202' title='bbox 2960 1283 3016 1329; x_wconf 89' lang='lat' dir='ltr'><strong>et</strong></span> <span class='ocrx_word' id='word_1_203' title='bbox 3065 1275 3211 1330; x_wconf 85' lang='lat' dir='ltr'><strong>servi</strong></span> <span class='ocrx_word' id='word_1_204' title='bbox 3260 1274 3402 1344; x_wconf 84' lang='lat' dir='ltr'><strong>ejus,</strong></span> <span class='ocrx_word' id='word_1_205' title='bbox 3452 1286 3507 1332; x_wconf 92' lang='lat' dir='ltr'><strong>et</strong></span> <span class='ocrx_word' id='word_1_206' title='bbox 3535 1275 3812 1346; x_wconf 86' lang='lat' dir='ltr'><strong>principes</strong></span> 
     </span>
    </p>
   </div>
   <div class='ocr_carea' id='block_1_28' title="bbox 2207 1359 3811 1440">
    <p class='ocr_par' dir='ltr' id='par_1_28' title="bbox 2207 1359 3811 1440">
     <span class='ocr_line' id='line_1_28' title="bbox 2207 1359 3811 1440; baseline 0.001 -19"><span class='ocrx_word' id='word_1_207' title='bbox 2207 1365 2346 1436; x_wconf 89' lang='lat' dir='ltr'><strong>ejus,</strong></span> <span class='ocrx_word' id='word_1_208' title='bbox 2380 1375 2436 1422; x_wconf 90' lang='lat' dir='ltr'><strong>et</strong></span> <span class='ocrx_word' id='word_1_209' title='bbox 2459 1359 2692 1422; x_wconf 86' lang='lat' dir='ltr'><strong>eunuchi</strong></span> <span class='ocrx_word' id='word_1_210' title='bbox 2719 1366 2858 1436; x_wconf 88' lang='lat' dir='ltr'><strong>ejus,</strong></span> <span class='ocrx_word' id='word_1_211' title='bbox 2886 1373 2943 1422; x_wconf 92' lang='lat' dir='ltr'><strong>et</strong></span> <span class='ocrx_word' id='word_1_212' title='bbox 2970 1368 3211 1437; x_wconf 87' lang='lat' dir='ltr'><strong>suscepit</strong></span> <span class='ocrx_word' id='word_1_213' title='bbox 3236 1383 3364 1424; x_wconf 89' lang='lat' dir='ltr'><strong>eum</strong></span> <span class='ocrx_word' id='word_1_214' title='bbox 3396 1384 3490 1423; x_wconf 91' lang='lat' dir='ltr'><strong>rex</strong></span> <span class='ocrx_word' id='word_1_215' title='bbox 3513 1368 3811 1440; x_wconf 87' lang='lat' dir='ltr'><strong>Babylonis</strong></span> 
     </span>
    </p>
   </div>
   <div class='ocr_carea' id='block_1_29' title="bbox 2153 1458 3812 1529">
    <p class='ocr_par' dir='ltr' id='par_1_29' title="bbox 2153 1458 3812 1529">
     <span class='ocr_line' id='line_1_29' title="bbox 2153 1458 3812 1529; baseline 0.003 -17"><span class='ocrx_word' id='word_1_216' title='bbox 2153 1525 2158 1529; x_wconf 34' lang='grc'><strong><em>,</em></strong></span> <span class='ocrx_word' id='word_1_217' title='bbox 2207 1472 2353 1514; x_wconf 91' lang='lat' dir='ltr'><strong>anno</strong></span> <span class='ocrx_word' id='word_1_218' title='bbox 2380 1468 2573 1514; x_wconf 90' lang='lat' dir='ltr'><strong>octavo</strong></span> <span class='ocrx_word' id='word_1_219' title='bbox 2595 1468 2618 1496; x_wconf 74' lang='grc' dir='ltr'>θ</span> <span class='ocrx_word' id='word_1_220' title='bbox 2648 1460 2803 1528; x_wconf 90' lang='lat' dir='ltr'><strong>regni</strong></span> <span class='ocrx_word' id='word_1_221' title='bbox 2833 1459 2939 1514; x_wconf 91' lang='lat' dir='ltr'><strong>sui.</strong></span> <span class='ocrx_word' id='word_1_222' title='bbox 2974 1458 3043 1514; x_wconf 87' lang='lat' dir='ltr'><strong>Et</strong></span> <span class='ocrx_word' id='word_1_223' title='bbox 3072 1460 3296 1528; x_wconf 90' lang='lat' dir='ltr'><strong>protulit</strong></span> <span class='ocrx_word' id='word_1_224' title='bbox 3325 1461 3453 1516; x_wconf 89' lang='lat' dir='ltr'><strong>inde</strong></span> <span class='ocrx_word' id='word_1_225' title='bbox 3472 1475 3664 1517; x_wconf 88' lang='lat' dir='ltr'><strong>omnes</strong></span> <span class='ocrx_word' id='word_1_226' title='bbox 3690 1460 3812 1517; x_wconf 86' lang='lat' dir='ltr'><strong>the-</strong></span> 
     </span>
    </p>
   </div>
   <div class='ocr_carea' id='block_1_30' title="bbox 2207 1550 3807 1624">
    <p class='ocr_par' dir='ltr' id='par_1_30' title="bbox 2207 1550 3807 1624">
     <span class='ocr_line' id='line_1_30' title="bbox 2207 1550 3807 1624; baseline 0 -18"><span class='ocrx_word' id='word_1_227' title='bbox 2207 1565 2399 1607; x_wconf 89' lang='lat' dir='ltr'><strong>sauros</strong></span> <span class='ocrx_word' id='word_1_228' title='bbox 2425 1550 2620 1606; x_wconf 91' lang='lat' dir='ltr'><strong>domus</strong></span> <span class='ocrx_word' id='word_1_229' title='bbox 2667 1550 2910 1620; x_wconf 90' lang='lat' dir='ltr'><strong>Domini,</strong></span> <span class='ocrx_word' id='word_1_230' title='bbox 2935 1559 2993 1606; x_wconf 91' lang='lat' dir='ltr'><strong>et</strong></span> <span class='ocrx_word' id='word_1_231' title='bbox 3032 1551 3317 1608; x_wconf 87' lang='lat' dir='ltr'><strong>thesauros</strong></span> <span class='ocrx_word' id='word_1_232' title='bbox 3345 1553 3544 1608; x_wconf 87' lang='lat' dir='ltr'><strong>domus</strong></span> <span class='ocrx_word' id='word_1_233' title='bbox 3592 1554 3762 1624; x_wconf 80' lang='lat' dir='ltr'><strong>regim</strong></span> <span class='ocrx_word' id='word_1_234' title='bbox 3793 1570 3807 1606; x_wconf 91' lang='lat'><strong>:</strong></span> 
     </span>
    </p>
   </div>
   <div class='ocr_carea' id='block_1_31' title="bbox 2207 1644 3816 1723">
    <p class='ocr_par' dir='ltr' id='par_1_31' title="bbox 2207 1644 3816 1723">
     <span class='ocr_line' id='line_1_31' title="bbox 2207 1644 3816 1723; baseline 0.002 -24"><span class='ocrx_word' id='word_1_235' title='bbox 2207 1656 2261 1699; x_wconf 92' lang='lat' dir='ltr'><strong>et</strong></span> <span class='ocrx_word' id='word_1_236' title='bbox 2283 1644 2521 1699; x_wconf 87' lang='lat' dir='ltr'><strong>concidit</strong></span> <span class='ocrx_word' id='word_1_237' title='bbox 2548 1645 2797 1700; x_wconf 88' lang='lat' dir='ltr'><strong>universa</strong></span> <span class='ocrx_word' id='word_1_238' title='bbox 2822 1660 2947 1700; x_wconf 86' lang='lat' dir='ltr'><strong>vasa</strong></span> <span class='ocrx_word' id='word_1_239' title='bbox 2975 1661 3161 1712; x_wconf 90' lang='lat' dir='ltr'><strong>aurea,</strong></span> <span class='ocrx_word' id='word_1_240' title='bbox 3181 1662 3299 1716; x_wconf 84' lang='lat' dir='ltr'><strong>qum</strong></span> <span class='ocrx_word' id='word_1_241' title='bbox 3324 1647 3524 1702; x_wconf 87' lang='lat' dir='ltr'><strong>fecerat</strong></span> <span class='ocrx_word' id='word_1_242' title='bbox 3552 1646 3816 1723; x_wconf 84' lang='lat' dir='ltr'><strong>Salomon</strong></span> 
     </span>
    </p>
   </div>
   <div class='ocr_carea' id='block_1_32' title="bbox 2215 1735 3812 1807">
    <p class='ocr_par' dir='ltr' id='par_1_32' title="bbox 2215 1735 3812 1807">
     <span class='ocr_line' id='line_1_32' title="bbox 2215 1735 3812 1807; baseline 0.003 -17"><span class='ocrx_word' id='word_1_243' title='bbox 2215 1751 2314 1792; x_wconf 87' lang='lat' dir='ltr'><strong>rex</strong></span> <span class='ocrx_word' id='word_1_244' title='bbox 2340 1736 2508 1792; x_wconf 87' lang='lat' dir='ltr'><strong>Israel</strong></span> <span class='ocrx_word' id='word_1_245' title='bbox 2541 1736 2591 1790; x_wconf 93' lang='lat' dir='ltr'><strong>in</strong></span> <span class='ocrx_word' id='word_1_246' title='bbox 2624 1736 2830 1806; x_wconf 89' lang='lat' dir='ltr'><strong>templo</strong></span> <span class='ocrx_word' id='word_1_247' title='bbox 2853 1735 3069 1796; x_wconf 84' lang='lat' dir='ltr'><strong>Domini</strong></span> <span class='ocrx_word' id='word_1_248' title='bbox 3114 1737 3266 1807; x_wconf 88' lang='lat' dir='ltr'><strong>juxta</strong></span> <span class='ocrx_word' id='word_1_249' title='bbox 3310 1738 3535 1794; x_wconf 85' lang='lat' dir='ltr'><strong>verbum</strong></span> <span class='ocrx_word' id='word_1_250' title='bbox 3569 1737 3812 1794; x_wconf 87' lang='lat' dir='ltr'><strong>Domini.</strong></span> 
     </span>
    </p>
   </div>
   <div class='ocr_carea' id='block_1_33' title="bbox 509 1827 3814 1904">
    <p class='ocr_par' dir='ltr' id='par_1_33' title="bbox 509 1827 3814 1904">
     <span class='ocr_line' id='line_1_33' title="bbox 509 1827 3814 1904; baseline 0 -16"><span class='ocrx_word' id='word_1_251' title='bbox 509 1845 693 1898; x_wconf 89' lang='lat' dir='ltr'><strong>nosor,</strong></span> <span class='ocrx_word' id='word_1_252' title='bbox 725 1847 818 1888; x_wconf 88' lang='lat' dir='ltr'><strong>rex</strong></span> <span class='ocrx_word' id='word_1_253' title='bbox 849 1831 1162 1904; x_wconf 85' lang='lat' dir='ltr'><strong>Babylonis,</strong></span> <span class='ocrx_word' id='word_1_254' title='bbox 1187 1840 1241 1889; x_wconf 93' lang='lat' dir='ltr'><strong>et</strong></span> <span class='ocrx_word' id='word_1_255' title='bbox 1272 1832 1449 1890; x_wconf 90' lang='lat' dir='ltr'><strong>factus</strong></span> <span class='ocrx_word' id='word_1_256' title='bbox 1476 1842 1561 1890; x_wconf 92' lang='lat' dir='ltr'><strong>est</strong></span> <span class='ocrx_word' id='word_1_257' title='bbox 1589 1835 1637 1888; x_wconf 91' lang='lat' dir='ltr'><strong>ei</strong></span> <span class='ocrx_word' id='word_1_258' title='bbox 1661 1832 1886 1889; x_wconf 90' lang='lat' dir='ltr'><strong>Joiacim</strong></span> <span class='ocrx_word' id='word_1_259' title='bbox 1917 1847 2110 1889; x_wconf 89' lang='lat' dir='ltr'><strong>servus</strong></span> <span class='ocrx_word' id='word_1_260' title='bbox 2141 1833 2187 1893; x_wconf 84' lang='grc' dir='ltr'><strong>Β</strong></span> <span class='ocrx_word' id='word_1_261' title='bbox 2217 1827 2284 1883; x_wconf 87' lang='lat' dir='ltr'><strong>Et</strong></span> <span class='ocrx_word' id='word_1_262' title='bbox 2313 1829 2587 1885; x_wconf 88' lang='lat' dir='ltr'><strong>transtulit</strong></span> <span class='ocrx_word' id='word_1_263' title='bbox 2613 1844 2829 1884; x_wconf 91' lang='lat' dir='ltr'><strong>omnem</strong></span> <span class='ocrx_word' id='word_1_264' title='bbox 2884 1830 3207 1896; x_wconf 84' lang='lat' dir='ltr'><strong>Jerusalem,</strong></span> <span class='ocrx_word' id='word_1_265' title='bbox 3238 1840 3296 1887; x_wconf 91' lang='lat' dir='ltr'><strong>et</strong></span> <span class='ocrx_word' id='word_1_266' title='bbox 3323 1834 3612 1888; x_wconf 77' lang='lat' dir='ltr'><strong>universos</strong></span> <span class='ocrx_word' id='word_1_267' title='bbox 3660 1833 3814 1903; x_wconf 88' lang='lat' dir='ltr'><strong>prin-</strong></span> 
     </span>
    </p>
   </div>
   <div class='ocr_carea' id='block_1_34' title="bbox 509 1923 2113 1996">
    <p class='ocr_par' dir='ltr' id='par_1_34' title="bbox 509 1923 2113 1996">
     <span class='ocr_line' id='line_1_34' title="bbox 509 1923 2113 1996; baseline 0.001 -18"><span class='ocrx_word' id='word_1_268' title='bbox 509 1923 686 1980; x_wconf 91' lang='lat' dir='ltr'><strong>tribus</strong></span> <span class='ocrx_word' id='word_1_269' title='bbox 710 1923 894 1992; x_wconf 90' lang='lat' dir='ltr'><strong>annis,</strong></span> <span class='ocrx_word' id='word_1_270' title='bbox 921 1933 977 1980; x_wconf 91' lang='lat' dir='ltr'><strong>et</strong></span> <span class='ocrx_word' id='word_1_271' title='bbox 1000 1939 1213 1980; x_wconf 87' lang='lat' dir='ltr'><strong>rursum</strong></span> <span class='ocrx_word' id='word_1_272' title='bbox 1244 1924 1530 1980; x_wconf 89' lang='lat' dir='ltr'><strong>rebellavit</strong></span> <span class='ocrx_word' id='word_1_273' title='bbox 1548 1924 1676 1994; x_wconf 72' lang='lat' dir='ltr'><strong>lMs.</strong></span> <span class='ocrx_word' id='word_1_274' title='bbox 1706 1923 1954 1996; x_wconf 89' lang='lat' dir='ltr'><strong>bellavit]</strong></span> <span class='ocrx_word' id='word_1_275' title='bbox 1976 1939 2113 1980; x_wconf 81' lang='lat' dir='ltr'><strong>con-</strong></span> 
     </span>
    </p>
   </div>
   <div class='ocr_carea' id='block_1_35' title="bbox 509 2015 2152 2089">
    <p class='ocr_par' dir='ltr' id='par_1_35' title="bbox 509 2015 2152 2089">
     <span class='ocr_line' id='line_1_35' title="bbox 509 2015 2152 2089; baseline -0.001 -17"><span class='ocrx_word' id='word_1_276' title='bbox 509 2025 592 2072; x_wconf 88' lang='lat' dir='ltr'><strong>tra</strong></span> <span class='ocrx_word' id='word_1_277' title='bbox 621 2032 766 2073; x_wconf 91' lang='lat' dir='ltr'><strong>eum.</strong></span> <span class='ocrx_word' id='word_1_278' title='bbox 795 2018 1140 2089; x_wconf 86' lang='lat' dir='ltr'><strong>lmmisitque</strong></span> <span class='ocrx_word' id='word_1_279' title='bbox 1166 2019 1214 2073; x_wconf 91' lang='lat' dir='ltr'><strong>ei</strong></span> <span class='ocrx_word' id='word_1_280' title='bbox 1246 2018 1507 2074; x_wconf 91' lang='lat' dir='ltr'><strong>Dominus</strong></span> <span class='ocrx_word' id='word_1_281' title='bbox 1557 2016 1890 2072; x_wconf 85' lang='lat' dir='ltr'><strong>latrunculos</strong></span> <span class='ocrx_word' id='word_1_282' title='bbox 1947 2015 2110 2071; x_wconf 85' lang='lat' dir='ltr'><strong>Chal—</strong></span> <span class='ocrx_word' id='word_1_283' title='bbox 2149 2031 2152 2034; x_wconf 66' lang='lat'>‘</span> 
     </span>
    </p>
   </div>
   <div class='ocr_carea' id='block_1_36' title="bbox 509 2108 2107 2183">
    <p class='ocr_par' dir='ltr' id='par_1_36' title="bbox 509 2108 2107 2183">
     <span class='ocr_line' id='line_1_36' title="bbox 509 2108 2107 2183; baseline -0.001 -17"><span class='ocrx_word' id='word_1_284' title='bbox 509 2108 780 2177; x_wconf 85' lang='lat' dir='ltr'><strong>dmorum,</strong></span> <span class='ocrx_word' id='word_1_285' title='bbox 817 2118 873 2166; x_wconf 91' lang='lat' dir='ltr'><strong>et</strong></span> <span class='ocrx_word' id='word_1_286' title='bbox 896 2110 1234 2167; x_wconf 85' lang='lat' dir='ltr'><strong>latrunculos</strong></span> <span class='ocrx_word' id='word_1_287' title='bbox 1254 2110 1450 2183; x_wconf 89' lang='lat' dir='ltr'><strong>Syrim,</strong></span> <span class='ocrx_word' id='word_1_288' title='bbox 1479 2119 1533 2166; x_wconf 92' lang='lat' dir='ltr'><strong>et</strong></span> <span class='ocrx_word' id='word_1_289' title='bbox 1562 2110 1898 2166; x_wconf 89' lang='lat' dir='ltr'><strong>latrunculos</strong></span> <span class='ocrx_word' id='word_1_290' title='bbox 1927 2109 2107 2176; x_wconf 82' lang='lat' dir='ltr'><strong>Moab,</strong></span> 
     </span>
    </p>
   </div>
   <div class='ocr_carea' id='block_1_37' title="bbox 509 2202 2110 2270">
    <p class='ocr_par' dir='ltr' id='par_1_37' title="bbox 509 2202 2110 2270">
     <span class='ocr_line' id='line_1_37' title="bbox 509 2202 2110 2270; baseline -0.001 -10"><span class='ocrx_word' id='word_1_291' title='bbox 509 2212 567 2260; x_wconf 90' lang='lat' dir='ltr'><strong>et</strong></span> <span class='ocrx_word' id='word_1_292' title='bbox 594 2203 936 2261; x_wconf 88' lang='lat' dir='ltr'><strong>latrunculos</strong></span> <span class='ocrx_word' id='word_1_293' title='bbox 981 2204 1217 2262; x_wconf 87' lang='lat' dir='ltr'><strong>tiliorum</strong></span> <span class='ocrx_word' id='word_1_294' title='bbox 1266 2208 1521 2270; x_wconf 80' lang='lat' dir='ltr'><strong>Ammon,</strong></span> <span class='ocrx_word' id='word_1_295' title='bbox 1553 2215 1609 2260; x_wconf 88' lang='lat' dir='ltr'><strong>et</strong></span> <span class='ocrx_word' id='word_1_296' title='bbox 1639 2204 1858 2259; x_wconf 88' lang='lat' dir='ltr'><strong>immisit</strong></span> <span class='ocrx_word' id='word_1_297' title='bbox 1911 2217 2009 2259; x_wconf 92' lang='lat' dir='ltr'><strong>eos</strong></span> <span class='ocrx_word' id='word_1_298' title='bbox 2055 2202 2110 2259; x_wconf 93' lang='lat' dir='ltr'><strong>in</strong></span> 
     </span>
    </p>
   </div>
   <div class='ocr_carea' id='block_1_38' title="bbox 511 2294 2109 2367">
    <p class='ocr_par' dir='ltr' id='par_1_38' title="bbox 511 2294 2109 2367">
     <span class='ocr_line' id='line_1_38' title="bbox 511 2294 2109 2367; baseline -0.001 -16"><span class='ocrx_word' id='word_1_299' title='bbox 511 2294 733 2362; x_wconf 88' lang='lat' dir='ltr'><strong>Judam,</strong></span> <span class='ocrx_word' id='word_1_300' title='bbox 757 2303 816 2350; x_wconf 92' lang='lat' dir='ltr'><strong>ut</strong></span> <span class='ocrx_word' id='word_1_301' title='bbox 842 2295 1220 2366; x_wconf 87' lang='lat' dir='ltr'><strong>disperderent</strong></span> <span class='ocrx_word' id='word_1_302' title='bbox 1245 2311 1392 2362; x_wconf 91' lang='lat' dir='ltr'><strong>eum,</strong></span> <span class='ocrx_word' id='word_1_303' title='bbox 1415 2295 1570 2367; x_wconf 88' lang='lat' dir='ltr'><strong>juxta</strong></span> <span class='ocrx_word' id='word_1_304' title='bbox 1603 2296 1827 2352; x_wconf 89' lang='lat' dir='ltr'><strong>verbum</strong></span> <span class='ocrx_word' id='word_1_305' title='bbox 1870 2295 2109 2363; x_wconf 90' lang='lat' dir='ltr'><strong>Domini,</strong></span> 
     </span>
    </p>
   </div>
   <div class='ocr_carea' id='block_1_39' title="bbox 517 2387 2108 2464">
    <p class='ocr_par' dir='ltr' id='par_1_39' title="bbox 517 2387 2108 2464">
     <span class='ocr_line' id='line_1_39' title="bbox 517 2387 2108 2464; baseline 0 -21"><span class='ocrx_word' id='word_1_306' title='bbox 517 2387 662 2459; x_wconf 90' lang='lat' dir='ltr'><strong>quod</strong></span> <span class='ocrx_word' id='word_1_307' title='bbox 695 2388 911 2444; x_wconf 89' lang='lat' dir='ltr'><strong>locutus</strong></span> <span class='ocrx_word' id='word_1_308' title='bbox 942 2388 1113 2444; x_wconf 85' lang='lat' dir='ltr'><strong>fuerat</strong></span> <span class='ocrx_word' id='word_1_309' title='bbox 1146 2405 1240 2460; x_wconf 89' lang='lat' dir='ltr'><strong>per</strong></span> <span class='ocrx_word' id='word_1_310' title='bbox 1269 2404 1458 2445; x_wconf 78' lang='lat' dir='ltr'><strong>servos</strong></span> <span class='ocrx_word' id='word_1_311' title='bbox 1487 2405 1618 2446; x_wconf 89' lang='lat' dir='ltr'><strong>suos</strong></span> <span class='ocrx_word' id='word_1_312' title='bbox 1671 2389 1980 2459; x_wconf 85' lang='lat' dir='ltr'><strong>prophetas.</strong></span> <span class='ocrx_word' id='word_1_313' title='bbox 2003 2390 2024 2464; x_wconf 95' lang='lat'>[</span> <span class='ocrx_word' id='word_1_314' title='bbox 2044 2390 2108 2444; x_wconf 89' lang='lat' dir='ltr'><strong>T.</strong></span> 
     </span>
    </p>
   </div>
   <div class='ocr_carea' id='block_1_40' title="bbox 513 2477 2113 2552">
    <p class='ocr_par' dir='ltr' id='par_1_40' title="bbox 513 2477 2113 2552">
     <span class='ocr_line' id='line_1_40' title="bbox 513 2477 2113 2552; baseline 0.001 -17"><span class='ocrx_word' id='word_1_315' title='bbox 513 2477 742 2536; x_wconf 82' lang='lat' dir='ltr'><strong>CCXVI.</strong></span> <span class='ocrx_word' id='word_1_316' title='bbox 772 2479 791 2552; x_wconf 86' lang='lat'><strong>]</strong></span> <span class='ocrx_word' id='word_1_317' title='bbox 823 2479 1048 2536; x_wconf 85' lang='lat' dir='ltr'><strong>Factum</strong></span> <span class='ocrx_word' id='word_1_318' title='bbox 1079 2489 1166 2536; x_wconf 89' lang='lat' dir='ltr'><strong>est</strong></span> <span class='ocrx_word' id='word_1_319' title='bbox 1205 2489 1386 2536; x_wconf 89' lang='lat' dir='ltr'><strong>autem</strong></span> <span class='ocrx_word' id='word_1_320' title='bbox 1419 2481 1525 2536; x_wconf 88' lang='lat' dir='ltr'><strong>hoc</strong></span> <span class='ocrx_word' id='word_1_321' title='bbox 1549 2497 1646 2552; x_wconf 90' lang='lat' dir='ltr'><strong>per</strong></span> <span class='ocrx_word' id='word_1_322' title='bbox 1674 2481 1900 2536; x_wconf 85' lang='lat' dir='ltr'><strong>verbum</strong></span> <span class='ocrx_word' id='word_1_323' title='bbox 1931 2481 2113 2536; x_wconf 82' lang='lat' dir='ltr'><strong>Domi-</strong></span> 
     </span>
    </p>
   </div>
   <div class='ocr_carea' id='block_1_41' title="bbox 515 2564 2112 2645">
    <p class='ocr_par' dir='ltr' id='par_1_41' title="bbox 515 2564 2112 2645">
     <span class='ocr_line' id='line_1_41' title="bbox 515 2564 2112 2645; baseline 0.001 -19"><span class='ocrx_word' id='word_1_324' title='bbox 515 2571 572 2626; x_wconf 90' lang='lat' dir='ltr'><strong>ni</strong></span> <span class='ocrx_word' id='word_1_325' title='bbox 603 2578 796 2627; x_wconf 91' lang='lat' dir='ltr'><strong>contra</strong></span> <span class='ocrx_word' id='word_1_326' title='bbox 823 2573 1040 2639; x_wconf 85' lang='lat' dir='ltr'><strong>Judam,</strong></span> <span class='ocrx_word' id='word_1_327' title='bbox 1073 2581 1134 2626; x_wconf 92' lang='lat' dir='ltr'><strong>ut</strong></span> <span class='ocrx_word' id='word_1_328' title='bbox 1157 2575 1398 2630; x_wconf 88' lang='lat' dir='ltr'><strong>aulerret</strong></span> <span class='ocrx_word' id='word_1_329' title='bbox 1420 2589 1545 2630; x_wconf 89' lang='lat' dir='ltr'><strong>eum</strong></span> <span class='ocrx_word' id='word_1_330' title='bbox 1568 2564 1754 2631; x_wconf 85' lang='lat' dir='ltr'><strong>coram</strong></span> <span class='ocrx_word' id='word_1_331' title='bbox 1783 2589 1864 2641; x_wconf 89' lang='lat' dir='ltr'><strong>se,</strong></span> <span class='ocrx_word' id='word_1_332' title='bbox 1891 2584 2112 2645; x_wconf 89' lang='lat' dir='ltr'><strong>propter</strong></span> 
     </span>
    </p>
   </div>
   <div class='ocr_carea' id='block_1_42' title="bbox 515 2665 2114 2740">
    <p class='ocr_par' dir='ltr' id='par_1_42' title="bbox 515 2665 2114 2740">
     <span class='ocr_line' id='line_1_42' title="bbox 515 2665 2114 2740; baseline 0.003 -20"><span class='ocrx_word' id='word_1_333' title='bbox 515 2673 737 2735; x_wconf 84' lang='lat' dir='ltr'><strong>peccata</strong></span> <span class='ocrx_word' id='word_1_334' title='bbox 761 2665 1007 2722; x_wconf 85' lang='lat' dir='ltr'><strong>Manasse</strong></span> <span class='ocrx_word' id='word_1_335' title='bbox 1032 2669 1286 2722; x_wconf 89' lang='lat' dir='ltr'><strong>universa</strong></span> <span class='ocrx_word' id='word_1_336' title='bbox 1314 2683 1436 2738; x_wconf 86' lang='lat' dir='ltr'><strong>qum</strong></span> <span class='ocrx_word' id='word_1_337' title='bbox 1463 2668 1610 2735; x_wconf 88' lang='lat' dir='ltr'><strong>fecit,</strong></span> <span class='ocrx_word' id='word_1_338' title='bbox 1642 2679 1696 2724; x_wconf 91' lang='lat' dir='ltr'><strong>et</strong></span> <span class='ocrx_word' id='word_1_339' title='bbox 1727 2678 1950 2740; x_wconf 87' lang='lat' dir='ltr'><strong>propter</strong></span> <span class='ocrx_word' id='word_1_340' title='bbox 1987 2684 2114 2724; x_wconf 88' lang='lat' dir='ltr'><strong>san-</strong></span> 
     </span>
    </p>
   </div>
   <div class='ocr_carea' id='block_1_43' title="bbox 512 2758 2114 2832">
    <p class='ocr_par' dir='ltr' id='par_1_43' title="bbox 512 2758 2114 2832">
     <span class='ocr_line' id='line_1_43' title="bbox 512 2758 2114 2832; baseline 0.002 -19"><span class='ocrx_word' id='word_1_341' title='bbox 512 2759 732 2828; x_wconf 90' lang='lat' dir='ltr'><strong>guinem</strong></span> <span class='ocrx_word' id='word_1_342' title='bbox 774 2758 1084 2827; x_wconf 86' lang='lat' dir='ltr'><strong>innoxium,</strong></span> <span class='ocrx_word' id='word_1_343' title='bbox 1114 2776 1276 2832; x_wconf 91' lang='lat' dir='ltr'><strong>quem</strong></span> <span class='ocrx_word' id='word_1_344' title='bbox 1303 2761 1512 2828; x_wconf 84' lang='lat' dir='ltr'><strong>ell&#39;udit,</strong></span> <span class='ocrx_word' id='word_1_345' title='bbox 1544 2771 1598 2816; x_wconf 88' lang='lat' dir='ltr'><strong>et</strong></span> <span class='ocrx_word' id='word_1_346' title='bbox 1621 2762 1866 2832; x_wconf 89' lang='lat' dir='ltr'><strong>implevit</strong></span> <span class='ocrx_word' id='word_1_347' title='bbox 1891 2761 2114 2818; x_wconf 80' lang='lat' dir='ltr'><strong>Jerusa-</strong></span> 
     </span>
    </p>
   </div>
   <div class='ocr_carea' id='block_1_44' title="bbox 513 2849 2112 2918">
    <p class='ocr_par' dir='ltr' id='par_1_44' title="bbox 513 2849 2112 2918">
     <span class='ocr_line' id='line_1_44' title="bbox 513 2849 2112 2918; baseline 0.003 -14"><span class='ocrx_word' id='word_1_348' title='bbox 513 2849 620 2905; x_wconf 93' lang='lat' dir='ltr'><strong>lem</strong></span> <span class='ocrx_word' id='word_1_349' title='bbox 671 2864 864 2906; x_wconf 90' lang='lat' dir='ltr'><strong>cruore</strong></span> <span class='ocrx_word' id='word_1_350' title='bbox 919 2850 1312 2918; x_wconf 90' lang='lat' dir='ltr'><strong>innocentium,</strong></span> <span class='ocrx_word' id='word_1_351' title='bbox 1373 2861 1429 2908; x_wconf 91' lang='lat' dir='ltr'><strong>et</strong></span> <span class='ocrx_word' id='word_1_352' title='bbox 1483 2853 1556 2908; x_wconf 90' lang='lat' dir='ltr'><strong>ob</strong></span> <span class='ocrx_word' id='word_1_353' title='bbox 1585 2853 1724 2908; x_wconf 90' lang='lat' dir='ltr'><strong>hanc</strong></span> <span class='ocrx_word' id='word_1_354' title='bbox 1771 2868 1888 2910; x_wconf 90' lang='lat' dir='ltr'><strong>rem</strong></span> <span class='ocrx_word' id='word_1_355' title='bbox 1934 2854 2112 2909; x_wconf 84' lang='lat' dir='ltr'><strong>noluit</strong></span> 
     </span>
    </p>
   </div>
   <div class='ocr_carea' id='block_1_45' title="bbox 517 2941 2111 3016">
    <p class='ocr_par' dir='ltr' id='par_1_45' title="bbox 517 2941 2111 3016">
     <span class='ocr_line' id='line_1_45' title="bbox 517 2941 2111 3016; baseline 0.004 -20"><span class='ocrx_word' id='word_1_356' title='bbox 517 2941 784 2998; x_wconf 89' lang='lat' dir='ltr'><strong>Dominus</strong></span> <span class='ocrx_word' id='word_1_357' title='bbox 831 2943 1136 3015; x_wconf 90' lang='lat' dir='ltr'><strong>propitiari.</strong></span> <span class='ocrx_word' id='word_1_358' title='bbox 1176 2944 1277 3015; x_wconf 79' lang='grc' dir='ltr'><strong>[Τ.</strong></span> <span class='ocrx_word' id='word_1_359' title='bbox 1309 2942 1556 3000; x_wconf 76' lang='lat' dir='ltr'><strong>CCXVII.</strong></span> <span class='ocrx_word' id='word_1_360' title='bbox 1604 2943 1622 3016; x_wconf 95' lang='lat'><strong>]</strong></span> <span class='ocrx_word' id='word_1_361' title='bbox 1659 2945 1885 3016; x_wconf 83' lang='lat' dir='ltr'><strong>Reliqua</strong></span> <span class='ocrx_word' id='word_1_362' title='bbox 1925 2953 2111 3002; x_wconf 90' lang='lat' dir='ltr'><strong>autem</strong></span> 
     </span>
    </p>
   </div>
   <div class='ocr_carea' id='block_1_46' title="bbox 513 3034 2112 3108">
    <p class='ocr_par' dir='ltr' id='par_1_46' title="bbox 513 3034 2112 3108">
     <span class='ocr_line' id='line_1_46' title="bbox 513 3034 2112 3108; baseline 0.004 -21"><span class='ocrx_word' id='word_1_363' title='bbox 513 3045 826 3089; x_wconf 90' lang='lat' dir='ltr'><strong>sermonum</strong></span> <span class='ocrx_word' id='word_1_364' title='bbox 857 3034 1106 3103; x_wconf 86' lang='lat' dir='ltr'><strong>Joiacim,</strong></span> <span class='ocrx_word' id='word_1_365' title='bbox 1160 3044 1216 3092; x_wconf 92' lang='lat' dir='ltr'><strong>et</strong></span> <span class='ocrx_word' id='word_1_366' title='bbox 1271 3038 1526 3092; x_wconf 90' lang='lat' dir='ltr'><strong>universa</strong></span> <span class='ocrx_word' id='word_1_367' title='bbox 1556 3052 1678 3108; x_wconf 86' lang='lat' dir='ltr'><strong>qum</strong></span> <span class='ocrx_word' id='word_1_368' title='bbox 1727 3037 1876 3104; x_wconf 89' lang='lat' dir='ltr'><strong>fecit,</strong></span> <span class='ocrx_word' id='word_1_369' title='bbox 1929 3053 2112 3094; x_wconf 87' lang='lat' dir='ltr'><strong>nonne</strong></span> 
     </span>
    </p>
   </div>
   <div class='ocr_carea' id='block_1_47' title="bbox 515 3115 2111 3204">
    <p class='ocr_par' dir='ltr' id='par_1_47' title="bbox 515 3115 2111 3204">
     <span class='ocr_line' id='line_1_47' title="bbox 515 3115 2111 3204; baseline 0.004 -23"><span class='ocrx_word' id='word_1_370' title='bbox 515 3115 634 3182; x_wconf 79' lang='lat' dir='ltr'><strong>hmc</strong></span> <span class='ocrx_word' id='word_1_371' title='bbox 657 3127 860 3198; x_wconf 88' lang='lat' dir='ltr'><strong>scripta</strong></span> <span class='ocrx_word' id='word_1_372' title='bbox 887 3137 1016 3184; x_wconf 89' lang='lat' dir='ltr'><strong>sunt</strong></span> <span class='ocrx_word' id='word_1_373' title='bbox 1044 3128 1097 3184; x_wconf 91' lang='lat' dir='ltr'><strong>in</strong></span> <span class='ocrx_word' id='word_1_374' title='bbox 1127 3129 1270 3185; x_wconf 89' lang='lat' dir='ltr'><strong>libro</strong></span> <span class='ocrx_word' id='word_1_375' title='bbox 1301 3129 1628 3187; x_wconf 89' lang='lat' dir='ltr'><strong>Sermouum</strong></span> <span class='ocrx_word' id='word_1_376' title='bbox 1657 3131 1867 3188; x_wconf 90' lang='lat' dir='ltr'><strong>dierum</strong></span> <span class='ocrx_word' id='word_1_377' title='bbox 1920 3148 2111 3204; x_wconf 86' lang='lat' dir='ltr'><strong>regum</strong></span> 
     </span>
    </p>
   </div>
   <div class='ocr_carea' id='block_1_48' title="bbox 2211 1923 3814 1994">
    <p class='ocr_par' dir='ltr' id='par_1_48' title="bbox 2211 1923 3814 1994">
     <span class='ocr_line' id='line_1_48' title="bbox 2211 1923 3814 1994; baseline 0.001 -16"><span class='ocrx_word' id='word_1_378' title='bbox 2211 1923 2360 1992; x_wconf 89' lang='lat' dir='ltr'><strong>cipes</strong></span> <span class='ocrx_word' id='word_1_379' title='bbox 2405 1930 2459 1978; x_wconf 91' lang='lat' dir='ltr'><strong>et</strong></span> <span class='ocrx_word' id='word_1_380' title='bbox 2499 1937 2690 1978; x_wconf 87' lang='lat' dir='ltr'><strong>omnes</strong></span> <span class='ocrx_word' id='word_1_381' title='bbox 2739 1924 2906 1979; x_wconf 90' lang='lat' dir='ltr'><strong>fortes</strong></span> <span class='ocrx_word' id='word_1_382' title='bbox 2945 1924 3244 1994; x_wconf 85' lang='lat' dir='ltr'><strong>exercitus,</strong></span> <span class='ocrx_word' id='word_1_383' title='bbox 3278 1923 3471 1980; x_wconf 88' lang='lat' dir='ltr'><strong>decem</strong></span> <span class='ocrx_word' id='word_1_384' title='bbox 3514 1924 3706 1990; x_wconf 89' lang='lat' dir='ltr'><strong>millia,</strong></span> <span class='ocrx_word' id='word_1_385' title='bbox 3760 1925 3814 1979; x_wconf 91' lang='lat' dir='ltr'><strong>in</strong></span> 
     </span>
    </p>
   </div>
   <div class='ocr_carea' id='block_1_49' title="bbox 2211 2015 3818 2086">
    <p class='ocr_par' dir='ltr' id='par_1_49' title="bbox 2211 2015 3818 2086">
     <span class='ocr_line' id='line_1_49' title="bbox 2211 2015 3818 2086; baseline 0.001 -14"><span class='ocrx_word' id='word_1_386' title='bbox 2211 2015 2601 2086; x_wconf 87' lang='lat' dir='ltr'><strong>captivitatem,</strong></span> <span class='ocrx_word' id='word_1_387' title='bbox 2651 2024 2708 2072; x_wconf 89' lang='lat' dir='ltr'><strong>et</strong></span> <span class='ocrx_word' id='word_1_388' title='bbox 2735 2032 2954 2073; x_wconf 87' lang='lat' dir='ltr'><strong>omnem</strong></span> <span class='ocrx_word' id='word_1_389' title='bbox 3006 2016 3270 2074; x_wconf 71' lang='lat' dir='ltr'><strong>artificem</strong></span> <span class='ocrx_word' id='word_1_390' title='bbox 3301 2027 3362 2074; x_wconf 92' lang='lat' dir='ltr'><strong>et</strong></span> <span class='ocrx_word' id='word_1_391' title='bbox 3387 2019 3656 2075; x_wconf 89' lang='lat' dir='ltr'><strong>elusorem</strong></span> <span class='ocrx_word' id='word_1_392' title='bbox 3685 2035 3701 2074; x_wconf 88' lang='lat'><strong>:</strong></span> <span class='ocrx_word' id='word_1_393' title='bbox 3734 2018 3818 2074; x_wconf 82' lang='lat' dir='ltr'><strong>ni-</strong></span> 
     </span>
    </p>
   </div>
   <div class='ocr_carea' id='block_1_50' title="bbox 2213 2107 3810 2181">
    <p class='ocr_par' dir='ltr' id='par_1_50' title="bbox 2213 2107 3810 2181">
     <span class='ocr_line' id='line_1_50' title="bbox 2213 2107 3810 2181; baseline -0.001 -18"><span class='ocrx_word' id='word_1_394' title='bbox 2213 2107 2398 2179; x_wconf 91' lang='lat' dir='ltr'><strong>hilque</strong></span> <span class='ocrx_word' id='word_1_395' title='bbox 2413 2108 2657 2163; x_wconf 90' lang='lat' dir='ltr'><strong>relictum</strong></span> <span class='ocrx_word' id='word_1_396' title='bbox 2677 2116 2782 2177; x_wconf 88' lang='lat' dir='ltr'><strong>est,</strong></span> <span class='ocrx_word' id='word_1_397' title='bbox 2796 2109 3039 2178; x_wconf 85' lang='lat' dir='ltr'><strong>exceptis</strong></span> <span class='ocrx_word' id='word_1_398' title='bbox 3051 2110 3384 2181; x_wconf 83' lang='lat' dir='ltr'><strong>pauperibus</strong></span> <span class='ocrx_word' id='word_1_399' title='bbox 3413 2108 3599 2181; x_wconf 89' lang='lat' dir='ltr'><strong>populi</strong></span> <span class='ocrx_word' id='word_1_400' title='bbox 3625 2119 3810 2165; x_wconf 90' lang='lat' dir='ltr'><strong>terrm.</strong></span> 
     </span>
    </p>
   </div>
   <div class='ocr_carea' id='block_1_51' title="bbox 2211 2200 3814 2274">
    <p class='ocr_par' dir='ltr' id='par_1_51' title="bbox 2211 2200 3814 2274">
     <span class='ocr_line' id='line_1_51' title="bbox 2211 2200 3814 2274; baseline 0 -18"><span class='ocrx_word' id='word_1_401' title='bbox 2211 2201 2511 2256; x_wconf 85' lang='lat' dir='ltr'><strong>Transtulit</strong></span> <span class='ocrx_word' id='word_1_402' title='bbox 2537 2215 2752 2272; x_wconf 90' lang='lat' dir='ltr'><strong>quoque</strong></span> <span class='ocrx_word' id='word_1_403' title='bbox 2773 2200 3020 2257; x_wconf 90' lang='lat' dir='ltr'><strong>Joiachin</strong></span> <span class='ocrx_word' id='word_1_404' title='bbox 3051 2204 3104 2256; x_wconf 93' lang='lat' dir='ltr'><strong>in</strong></span> <span class='ocrx_word' id='word_1_405' title='bbox 3133 2201 3484 2274; x_wconf 88' lang='lat' dir='ltr'><strong>Babylonem,</strong></span> <span class='ocrx_word' id='word_1_406' title='bbox 3514 2210 3569 2258; x_wconf 89' lang='lat' dir='ltr'><strong>et</strong></span> <span class='ocrx_word' id='word_1_407' title='bbox 3586 2211 3814 2256; x_wconf 89' lang='lat' dir='ltr'><strong>matrem</strong></span> 
     </span>
    </p>
   </div>
   <div class='ocr_carea' id='block_1_52' title="bbox 2212 2292 3814 2364">
    <p class='ocr_par' dir='ltr' id='par_1_52' title="bbox 2212 2292 3814 2364">
     <span class='ocr_line' id='line_1_52' title="bbox 2212 2292 3814 2364; baseline 0 -17"><span class='ocrx_word' id='word_1_408' title='bbox 2212 2292 2378 2364; x_wconf 89' lang='lat' dir='ltr'><strong>regis,</strong></span> <span class='ocrx_word' id='word_1_409' title='bbox 2412 2301 2469 2348; x_wconf 91' lang='lat' dir='ltr'><strong>et</strong></span> <span class='ocrx_word' id='word_1_410' title='bbox 2487 2307 2688 2348; x_wconf 82' lang='lat' dir='ltr'><strong>uxores</strong></span> <span class='ocrx_word' id='word_1_411' title='bbox 2717 2294 2881 2363; x_wconf 87' lang='lat' dir='ltr'><strong>regis,</strong></span> <span class='ocrx_word' id='word_1_412' title='bbox 2924 2303 2981 2350; x_wconf 88' lang='lat' dir='ltr'><strong>et</strong></span> <span class='ocrx_word' id='word_1_413' title='bbox 3005 2295 3287 2350; x_wconf 86' lang='lat' dir='ltr'><strong>eunuchos</strong></span> <span class='ocrx_word' id='word_1_414' title='bbox 3313 2294 3434 2364; x_wconf 84' lang='lat' dir='ltr'><strong>ejus</strong></span> <span class='ocrx_word' id='word_1_415' title='bbox 3459 2312 3472 2348; x_wconf 93' lang='lat'><strong>:</strong></span> <span class='ocrx_word' id='word_1_416' title='bbox 3496 2302 3552 2350; x_wconf 90' lang='lat' dir='ltr'><strong>et</strong></span> <span class='ocrx_word' id='word_1_417' title='bbox 3595 2294 3814 2363; x_wconf 87' lang='lat' dir='ltr'><strong>judices</strong></span> 
     </span>
    </p>
   </div>
   <div class='ocr_carea' id='block_1_53' title="bbox 2213 2384 3815 2458">
    <p class='ocr_par' dir='ltr' id='par_1_53' title="bbox 2213 2384 3815 2458">
     <span class='ocr_line' id='line_1_53' title="bbox 2213 2384 3815 2458; baseline 0.002 -18"><span class='ocrx_word' id='word_1_418' title='bbox 2213 2392 2380 2441; x_wconf 87' lang='lat' dir='ltr'><strong>terrm</strong></span> <span class='ocrx_word' id='word_1_419' title='bbox 2409 2384 2566 2440; x_wconf 88' lang='lat' dir='ltr'><strong>duxit</strong></span> <span class='ocrx_word' id='word_1_420' title='bbox 2590 2386 2642 2440; x_wconf 94' lang='lat' dir='ltr'><strong>iu</strong></span> <span class='ocrx_word' id='word_1_421' title='bbox 2673 2384 3040 2456; x_wconf 86' lang='lat' dir='ltr'><strong>captivitatem</strong></span> <span class='ocrx_word' id='word_1_422' title='bbox 3062 2387 3132 2442; x_wconf 90' lang='lat' dir='ltr'><strong>de</strong></span> <span class='ocrx_word' id='word_1_423' title='bbox 3160 2385 3467 2443; x_wconf 84' lang='lat' dir='ltr'><strong>Jerusalem</strong></span> <span class='ocrx_word' id='word_1_424' title='bbox 3493 2387 3546 2441; x_wconf 92' lang='lat' dir='ltr'><strong>in</strong></span> <span class='ocrx_word' id='word_1_425' title='bbox 3575 2385 3815 2458; x_wconf 88' lang='lat' dir='ltr'><strong>Babylo-</strong></span> 
     </span>
    </p>
   </div>
   <div class='ocr_carea' id='block_1_54' title="bbox 2214 2477 3816 2549">
    <p class='ocr_par' dir='ltr' id='par_1_54' title="bbox 2214 2477 3816 2549">
     <span class='ocr_line' id='line_1_54' title="bbox 2214 2477 3816 2549; baseline 0.001 -16"><span class='ocrx_word' id='word_1_426' title='bbox 2214 2493 2358 2533; x_wconf 91' lang='lat' dir='ltr'><strong>nem.</strong></span> <span class='ocrx_word' id='word_1_427' title='bbox 2389 2478 2456 2534; x_wconf 90' lang='lat' dir='ltr'><strong>Et</strong></span> <span class='ocrx_word' id='word_1_428' title='bbox 2482 2493 2676 2534; x_wconf 84' lang='lat' dir='ltr'><strong>omnes</strong></span> <span class='ocrx_word' id='word_1_429' title='bbox 2729 2477 2879 2534; x_wconf 85' lang='lat' dir='ltr'><strong>viros</strong></span> <span class='ocrx_word' id='word_1_430' title='bbox 2923 2479 3199 2547; x_wconf 89' lang='lat' dir='ltr'><strong>robustos,</strong></span> <span class='ocrx_word' id='word_1_431' title='bbox 3257 2489 3468 2549; x_wconf 91' lang='lat' dir='ltr'><strong>septem</strong></span> <span class='ocrx_word' id='word_1_432' title='bbox 3519 2477 3714 2544; x_wconf 88' lang='lat' dir='ltr'><strong>millia,</strong></span> <span class='ocrx_word' id='word_1_433' title='bbox 3759 2485 3816 2534; x_wconf 93' lang='lat' dir='ltr'><strong>et</strong></span> 
     </span>
    </p>
   </div>
   <div class='ocr_carea' id='block_1_55' title="bbox 2213 2571 3817 2640">
    <p class='ocr_par' dir='ltr' id='par_1_55' title="bbox 2213 2571 3817 2640">
     <span class='ocr_line' id='line_1_55' title="bbox 2213 2571 3817 2640; baseline 0.001 -15"><span class='ocrx_word' id='word_1_434' title='bbox 2213 2571 2475 2639; x_wconf 78' lang='lat' dir='ltr'><strong>artiﬁces,</strong></span> <span class='ocrx_word' id='word_1_435' title='bbox 2501 2579 2560 2628; x_wconf 90' lang='lat' dir='ltr'><strong>et</strong></span> <span class='ocrx_word' id='word_1_436' title='bbox 2578 2572 2821 2628; x_wconf 88' lang='lat' dir='ltr'><strong>clusores</strong></span> <span class='ocrx_word' id='word_1_437' title='bbox 2871 2572 3044 2640; x_wconf 83' lang='lat' dir='ltr'><strong>mille,</strong></span> <span class='ocrx_word' id='word_1_438' title='bbox 3099 2587 3291 2628; x_wconf 92' lang='lat' dir='ltr'><strong>omnes</strong></span> <span class='ocrx_word' id='word_1_439' title='bbox 3341 2572 3490 2628; x_wconf 87' lang='lat' dir='ltr'><strong>viros</strong></span> <span class='ocrx_word' id='word_1_440' title='bbox 3531 2572 3706 2627; x_wconf 78' lang='lat' dir='ltr'><strong>fortes</strong></span> <span class='ocrx_word' id='word_1_441' title='bbox 3759 2582 3817 2627; x_wconf 91' lang='lat' dir='ltr'><strong>et</strong></span> 
     </span>
    </p>
   </div>
   <div class='ocr_carea' id='block_1_56' title="bbox 2214 2662 3814 2736">
    <p class='ocr_par' dir='ltr' id='par_1_56' title="bbox 2214 2662 3814 2736">
     <span class='ocr_line' id='line_1_56' title="bbox 2214 2662 3814 2736; baseline -0.001 -18"><span class='ocrx_word' id='word_1_442' title='bbox 2214 2663 2526 2730; x_wconf 87' lang='lat' dir='ltr'><strong>bellatores,</strong></span> <span class='ocrx_word' id='word_1_443' title='bbox 2555 2662 2819 2735; x_wconf 87' lang='lat' dir='ltr'><strong>duxitque</strong></span> <span class='ocrx_word' id='word_1_444' title='bbox 2857 2677 2955 2721; x_wconf 91' lang='lat' dir='ltr'><strong>eos</strong></span> <span class='ocrx_word' id='word_1_445' title='bbox 3003 2679 3096 2720; x_wconf 89' lang='lat' dir='ltr'><strong>rex</strong></span> <span class='ocrx_word' id='word_1_446' title='bbox 3128 2663 3424 2736; x_wconf 88' lang='lat' dir='ltr'><strong>Babylonis</strong></span> <span class='ocrx_word' id='word_1_447' title='bbox 3477 2664 3726 2734; x_wconf 87' lang='lat' dir='ltr'><strong>captivos</strong></span> <span class='ocrx_word' id='word_1_448' title='bbox 3760 2663 3814 2717; x_wconf 91' lang='lat' dir='ltr'><strong>in</strong></span> 
     </span>
    </p>
   </div>
   <div class='ocr_carea' id='block_1_57' title="bbox 2215 2753 3812 2827">
    <p class='ocr_par' dir='ltr' id='par_1_57' title="bbox 2215 2753 3812 2827">
     <span class='ocr_line' id='line_1_57' title="bbox 2215 2753 3812 2827; baseline -0.001 -18"><span class='ocrx_word' id='word_1_449' title='bbox 2215 2753 2570 2827; x_wconf 88' lang='lat' dir='ltr'><strong>Babylonem.</strong></span> <span class='ocrx_word' id='word_1_450' title='bbox 2595 2755 2662 2810; x_wconf 87' lang='lat' dir='ltr'><strong>Et</strong></span> <span class='ocrx_word' id='word_1_451' title='bbox 2689 2755 2976 2810; x_wconf 86' lang='lat' dir='ltr'><strong>constituit</strong></span> <span class='ocrx_word' id='word_1_452' title='bbox 3021 2754 3374 2810; x_wconf 79' lang='lat' dir='ltr'><strong>Matthaniam</strong></span> <span class='ocrx_word' id='word_1_453' title='bbox 3405 2762 3656 2825; x_wconf 89' lang='lat' dir='ltr'><strong>patruum</strong></span> <span class='ocrx_word' id='word_1_454' title='bbox 3691 2754 3812 2823; x_wconf 89' lang='lat' dir='ltr'><strong>ejus</strong></span> 
     </span>
    </p>
   </div>
   <div class='ocr_carea' id='block_1_58' title="bbox 2214 2847 3815 2921">
    <p class='ocr_par' dir='ltr' id='par_1_58' title="bbox 2214 2847 3815 2921">
     <span class='ocr_line' id='line_1_58' title="bbox 2214 2847 3815 2921; baseline -0.001 -17"><span class='ocrx_word' id='word_1_455' title='bbox 2214 2863 2314 2920; x_wconf 89' lang='lat' dir='ltr'><strong>pro</strong></span> <span class='ocrx_word' id='word_1_456' title='bbox 2341 2864 2408 2904; x_wconf 92' lang='lat' dir='ltr'><strong>eo</strong></span> <span class='ocrx_word' id='word_1_457' title='bbox 2437 2866 2450 2901; x_wconf 88' lang='lat'>:</span> <span class='ocrx_word' id='word_1_458' title='bbox 2477 2849 2844 2920; x_wconf 88' lang='lat' dir='ltr'><strong>imposuitque</strong></span> <span class='ocrx_word' id='word_1_459' title='bbox 2875 2863 3074 2905; x_wconf 90' lang='lat' dir='ltr'><strong>nomen</strong></span> <span class='ocrx_word' id='word_1_460' title='bbox 3097 2848 3149 2904; x_wconf 91' lang='lat' dir='ltr'><strong>ei</strong></span> <span class='ocrx_word' id='word_1_461' title='bbox 3173 2847 3193 2921; x_wconf 88' lang='lat'>[</span> <span class='ocrx_word' id='word_1_462' title='bbox 3224 2849 3280 2904; x_wconf 89' lang='lat' dir='ltr'><strong>h.</strong></span> <span class='ocrx_word' id='word_1_463' title='bbox 3313 2847 3588 2919; x_wconf 82' lang='lat' dir='ltr'><strong>vertitque</strong></span> <span class='ocrx_word' id='word_1_464' title='bbox 3615 2861 3815 2903; x_wconf 89' lang='lat' dir='ltr'><strong>nomen</strong></span> 
     </span>
    </p>
   </div>
   <div class='ocr_carea' id='block_1_59' title="bbox 2215 2938 3817 3014">
    <p class='ocr_par' dir='ltr' id='par_1_59' title="bbox 2215 2938 3817 3014">
     <span class='ocr_line' id='line_1_59' title="bbox 2215 2938 3817 3014; baseline -0.001 -18"><span class='ocrx_word' id='word_1_465' title='bbox 2215 2940 2354 3014; x_wconf 88' lang='lat' dir='ltr'><strong>ejus]</strong></span> <span class='ocrx_word' id='word_1_466' title='bbox 2377 2941 2684 2998; x_wconf 90' lang='lat' dir='ltr'><strong>Sedeciam.</strong></span> <span class='ocrx_word' id='word_1_467' title='bbox 2706 2941 3039 3012; x_wconf 78' lang='lat' dir='ltr'><strong>Vigesimum</strong></span> <span class='ocrx_word' id='word_1_468' title='bbox 3061 2949 3118 2996; x_wconf 89' lang='lat' dir='ltr'><strong>et</strong></span> <span class='ocrx_word' id='word_1_469' title='bbox 3144 2940 3377 3010; x_wconf 90' lang='lat' dir='ltr'><strong>primum</strong></span> <span class='ocrx_word' id='word_1_470' title='bbox 3401 2955 3604 2996; x_wconf 88' lang='lat' dir='ltr'><strong>annum</strong></span> <span class='ocrx_word' id='word_1_471' title='bbox 3634 2938 3817 2994; x_wconf 85' lang='lat' dir='ltr'><strong>mtatis</strong></span> 
     </span>
    </p>
   </div>
   <div class='ocr_carea' id='block_1_60' title="bbox 2215 3033 3815 3106">
    <p class='ocr_par' dir='ltr' id='par_1_60' title="bbox 2215 3033 3815 3106">
     <span class='ocr_line' id='line_1_60' title="bbox 2215 3033 3815 3106; baseline -0.001 -16"><span class='ocrx_word' id='word_1_472' title='bbox 2215 3035 2448 3091; x_wconf 88' lang='lat' dir='ltr'><strong>habebat</strong></span> <span class='ocrx_word' id='word_1_473' title='bbox 2474 3035 2728 3092; x_wconf 88' lang='lat' dir='ltr'><strong>Sedecias</strong></span> <span class='ocrx_word' id='word_1_474' title='bbox 2756 3050 2881 3090; x_wconf 90' lang='lat' dir='ltr'><strong>cum</strong></span> <span class='ocrx_word' id='word_1_475' title='bbox 2907 3049 3136 3106; x_wconf 87' lang='lat' dir='ltr'><strong>regnare</strong></span> <span class='ocrx_word' id='word_1_476' title='bbox 3161 3035 3438 3104; x_wconf 83' lang='lat' dir='ltr'><strong>cmpisset,</strong></span> <span class='ocrx_word' id='word_1_477' title='bbox 3470 3042 3528 3090; x_wconf 91' lang='lat' dir='ltr'><strong>et</strong></span> <span class='ocrx_word' id='word_1_478' title='bbox 3553 3033 3815 3089; x_wconf 89' lang='lat' dir='ltr'><strong>undecim</strong></span> 
     </span>
    </p>
   </div>
   <div class='ocr_carea' id='block_1_61' title="bbox 2215 3128 3816 3200">
    <p class='ocr_par' dir='ltr' id='par_1_61' title="bbox 2215 3128 3816 3200">
     <span class='ocr_line' id='line_1_61' title="bbox 2215 3128 3816 3200; baseline 0.001 -18"><span class='ocrx_word' id='word_1_479' title='bbox 2215 3130 2370 3184; x_wconf 90' lang='lat' dir='ltr'><strong>annis</strong></span> <span class='ocrx_word' id='word_1_480' title='bbox 2422 3129 2665 3200; x_wconf 83' lang='lat' dir='ltr'><strong>regnavit</strong></span> <span class='ocrx_word' id='word_1_481' title='bbox 2717 3129 2771 3184; x_wconf 90' lang='lat' dir='ltr'><strong>in</strong></span> <span class='ocrx_word' id='word_1_482' title='bbox 2811 3128 3146 3194; x_wconf 86' lang='lat' dir='ltr'><strong>Jerusalem;</strong></span> <span class='ocrx_word' id='word_1_483' title='bbox 3192 3143 3393 3184; x_wconf 88' lang='lat' dir='ltr'><strong>nomen</strong></span> <span class='ocrx_word' id='word_1_484' title='bbox 3443 3128 3634 3184; x_wconf 90' lang='lat' dir='ltr'><strong>matris</strong></span> <span class='ocrx_word' id='word_1_485' title='bbox 3692 3129 3816 3198; x_wconf 88' lang='lat' dir='ltr'><strong>ejus</strong></span> 
     </span>
    </p>
   </div>
   <div class='ocr_carea' id='block_1_62' title="bbox 514 3215 3822 3295">
    <p class='ocr_par' dir='ltr' id='par_1_62' title="bbox 514 3215 3822 3295">
     <span class='ocr_line' id='line_1_62' title="bbox 514 3215 3822 3295; baseline 0 -20"><span class='ocrx_word' id='word_1_486' title='bbox 514 3217 688 3275; x_wconf 76' lang='lat' dir='ltr'><strong>Juda?</strong></span> <span class='ocrx_word' id='word_1_487' title='bbox 717 3219 784 3275; x_wconf 86' lang='lat' dir='ltr'><strong>Et</strong></span> <span class='ocrx_word' id='word_1_488' title='bbox 834 3220 1095 3277; x_wconf 86' lang='lat' dir='ltr'><strong>dormivit</strong></span> <span class='ocrx_word' id='word_1_489' title='bbox 1135 3221 1362 3278; x_wconf 86' lang='lat' dir='ltr'><strong>Joiacim</strong></span> <span class='ocrx_word' id='word_1_490' title='bbox 1396 3237 1520 3279; x_wconf 92' lang='lat' dir='ltr'><strong>cum</strong></span> <span class='ocrx_word' id='word_1_491' title='bbox 1577 3225 1820 3295; x_wconf 86' lang='lat' dir='ltr'><strong>patribus</strong></span> <span class='ocrx_word' id='word_1_492' title='bbox 1873 3225 1988 3280; x_wconf 88' lang='lat' dir='ltr'><strong>suis</strong></span> <span class='ocrx_word' id='word_1_493' title='bbox 2020 3236 2116 3281; x_wconf 89' lang='lat' dir='ltr'><strong>:et</strong></span> <span class='ocrx_word' id='word_1_494' title='bbox 2140 3215 2186 3276; x_wconf 88' lang='lat' dir='ltr'><strong>C</strong></span> <span class='ocrx_word' id='word_1_495' title='bbox 2218 3234 2335 3279; x_wconf 90' lang='lat' dir='ltr'><strong>erat</strong></span> <span class='ocrx_word' id='word_1_496' title='bbox 2359 3221 2379 3262; x_wconf 75' lang='grc' dir='ltr'>ί</span> <span class='ocrx_word' id='word_1_497' title='bbox 2412 3223 2632 3288; x_wconf 81' lang='lat' dir='ltr'><strong>Amital,</strong></span> <span class='ocrx_word' id='word_1_498' title='bbox 2658 3222 2767 3278; x_wconf 87' lang='lat' dir='ltr'><strong>lilia</strong></span> <span class='ocrx_word' id='word_1_499' title='bbox 2783 3221 3060 3290; x_wconf 83' lang='lat' dir='ltr'><strong>Jeremim,</strong></span> <span class='ocrx_word' id='word_1_500' title='bbox 3088 3221 3156 3278; x_wconf 92' lang='lat' dir='ltr'><strong>de</strong></span> <span class='ocrx_word' id='word_1_501' title='bbox 3172 3221 3360 3278; x_wconf 87' lang='lat' dir='ltr'><strong>Lobna</strong></span> <span class='ocrx_word' id='word_1_502' title='bbox 3382 3221 3473 3295; x_wconf 93' lang='lat' dir='ltr'><strong>[h.</strong></span> <span class='ocrx_word' id='word_1_503' title='bbox 3501 3221 3726 3294; x_wconf 88' lang='lat' dir='ltr'><strong>Libna].</strong></span> <span class='ocrx_word' id='word_1_504' title='bbox 3750 3221 3822 3276; x_wconf 85' lang='lat' dir='ltr'><strong>Et</strong></span> 
     </span>
    </p>
   </div>
   <div class='ocr_carea' id='block_1_63' title="bbox 516 3312 2118 3387">
    <p class='ocr_par' dir='ltr' id='par_1_63' title="bbox 516 3312 2118 3387">
     <span class='ocr_line' id='line_1_63' title="bbox 516 3312 2118 3387; baseline 0.002 -21"><span class='ocrx_word' id='word_1_505' title='bbox 516 3313 768 3384; x_wconf 88' lang='lat' dir='ltr'><strong>regnavit</strong></span> <span class='ocrx_word' id='word_1_506' title='bbox 793 3312 1084 3369; x_wconf 66' lang='lat' dir='ltr'><strong>c.loiacbin</strong></span> <span class='ocrx_word' id='word_1_507' title='bbox 1114 3314 1258 3371; x_wconf 80' lang='lat' dir='ltr'><strong>filius</strong></span> <span class='ocrx_word' id='word_1_508' title='bbox 1285 3313 1405 3385; x_wconf 90' lang='lat' dir='ltr'><strong>ejus</strong></span> <span class='ocrx_word' id='word_1_509' title='bbox 1455 3331 1557 3387; x_wconf 92' lang='lat' dir='ltr'><strong>pro</strong></span> <span class='ocrx_word' id='word_1_510' title='bbox 1604 3330 1692 3371; x_wconf 92' lang='lat' dir='ltr'><strong>eo.</strong></span> <span class='ocrx_word' id='word_1_511' title='bbox 1725 3317 1791 3371; x_wconf 89' lang='lat' dir='ltr'><strong>Et</strong></span> <span class='ocrx_word' id='word_1_512' title='bbox 1819 3317 1960 3372; x_wconf 90' lang='lat' dir='ltr'><strong>ultra</strong></span> <span class='ocrx_word' id='word_1_513' title='bbox 2007 3331 2118 3371; x_wconf 92' lang='lat' dir='ltr'><strong>non</strong></span> 
     </span>
    </p>
   </div>
   <div class='ocr_carea' id='block_1_64' title="bbox 517 3402 2120 3478">
    <p class='ocr_par' dir='ltr' id='par_1_64' title="bbox 517 3402 2120 3478">
     <span class='ocr_line' id='line_1_64' title="bbox 517 3402 2120 3478; baseline 0.001 -18"><span class='ocrx_word' id='word_1_514' title='bbox 517 3402 732 3460; x_wconf 85' lang='lat' dir='ltr'><strong>addidit</strong></span> <span class='ocrx_word' id='word_1_515' title='bbox 753 3419 848 3460; x_wconf 80' lang='lat' dir='ltr'><strong>rex</strong></span> <span class='ocrx_word' id='word_1_516' title='bbox 881 3403 1126 3478; x_wconf 70' lang='lat' dir='ltr'><strong>AEgypti,</strong></span> <span class='ocrx_word' id='word_1_517' title='bbox 1156 3417 1212 3460; x_wconf 93' lang='lat' dir='ltr'><strong>ut</strong></span> <span class='ocrx_word' id='word_1_518' title='bbox 1234 3405 1585 3478; x_wconf 89' lang='lat' dir='ltr'><strong>egrederetur</strong></span> <span class='ocrx_word' id='word_1_519' title='bbox 1600 3408 1666 3462; x_wconf 91' lang='lat' dir='ltr'><strong>de</strong></span> <span class='ocrx_word' id='word_1_520' title='bbox 1699 3417 1842 3462; x_wconf 91' lang='lat' dir='ltr'><strong>terra</strong></span> <span class='ocrx_word' id='word_1_521' title='bbox 1872 3422 1970 3463; x_wconf 88' lang='lat' dir='ltr'><strong>sua</strong></span> <span class='ocrx_word' id='word_1_522' title='bbox 1995 3425 2008 3460; x_wconf 87' lang='lat'><strong>:</strong></span> <span class='ocrx_word' id='word_1_523' title='bbox 2035 3417 2120 3462; x_wconf 86' lang='lat' dir='ltr'><strong>tu-</strong></span> 
     </span>
    </p>
   </div>
   <div class='ocr_carea' id='block_1_65' title="bbox 519 3495 2117 3575">
    <p class='ocr_par' dir='ltr' id='par_1_65' title="bbox 519 3495 2117 3575">
     <span class='ocr_line' id='line_1_65' title="bbox 519 3495 2117 3575; baseline 0.004 -23"><span class='ocrx_word' id='word_1_524' title='bbox 519 3495 661 3552; x_wconf 87' lang='lat' dir='ltr'><strong>lerat</strong></span> <span class='ocrx_word' id='word_1_525' title='bbox 687 3498 832 3554; x_wconf 90' lang='lat' dir='ltr'><strong>enim</strong></span> <span class='ocrx_word' id='word_1_526' title='bbox 874 3514 970 3555; x_wconf 90' lang='lat' dir='ltr'><strong>rex</strong></span> <span class='ocrx_word' id='word_1_527' title='bbox 1007 3499 1321 3572; x_wconf 90' lang='lat' dir='ltr'><strong>Babylonis,</strong></span> <span class='ocrx_word' id='word_1_528' title='bbox 1359 3516 1388 3555; x_wconf 91' lang='lat' dir='ltr'><strong>a</strong></span> <span class='ocrx_word' id='word_1_529' title='bbox 1436 3504 1556 3557; x_wconf 93' lang='lat' dir='ltr'><strong>rivo</strong></span> <span class='ocrx_word' id='word_1_530' title='bbox 1580 3501 1800 3575; x_wconf 68' lang='lat' dir='ltr'><strong>Egypti</strong></span> <span class='ocrx_word' id='word_1_531' title='bbox 1850 3516 2021 3574; x_wconf 90' lang='lat' dir='ltr'><strong>usque</strong></span> <span class='ocrx_word' id='word_1_532' title='bbox 2049 3502 2117 3559; x_wconf 89' lang='lat' dir='ltr'><strong>ad</strong></span> 
     </span>
    </p>
   </div>
   <div class='ocr_carea' id='block_1_66' title="bbox 524 3588 2113 3668">
    <p class='ocr_par' dir='ltr' id='par_1_66' title="bbox 524 3588 2113 3668">
     <span class='ocr_line' id='line_1_66' title="bbox 524 3588 2113 3668; baseline 0.004 -24"><span class='ocrx_word' id='word_1_533' title='bbox 524 3588 749 3644; x_wconf 79' lang='lat' dir='ltr'><strong>ﬂuvium</strong></span> <span class='ocrx_word' id='word_1_534' title='bbox 775 3589 1116 3661; x_wconf 86' lang='lat' dir='ltr'><strong>Euphraten,</strong></span> <span class='ocrx_word' id='word_1_535' title='bbox 1139 3593 1322 3648; x_wconf 88' lang='lat' dir='ltr'><strong>omnia</strong></span> <span class='ocrx_word' id='word_1_536' title='bbox 1343 3607 1464 3663; x_wconf 84' lang='lat' dir='ltr'><strong>qum</strong></span> <span class='ocrx_word' id='word_1_537' title='bbox 1484 3593 1696 3650; x_wconf 78' lang='lat' dir='ltr'><strong>fuerant</strong></span> <span class='ocrx_word' id='word_1_538' title='bbox 1711 3595 1852 3666; x_wconf 89' lang='lat' dir='ltr'><strong>regis</strong></span> <span class='ocrx_word' id='word_1_539' title='bbox 1868 3595 2113 3668; x_wconf 66' lang='lat' dir='ltr'><strong>Aﬁgypti.</strong></span> 
     </span>
    </p>
   </div>
   <div class='ocr_carea' id='block_1_67' title="bbox 519 3679 2103 3761">
    <p class='ocr_par' dir='ltr' id='par_1_67' title="bbox 519 3679 2103 3761">
     <span class='ocr_line' id='line_1_67' title="bbox 519 3679 2103 3761; baseline 0.008 -26"><span class='ocrx_word' id='word_1_540' title='bbox 519 3679 715 3737; x_wconf 84' lang='lat' dir='ltr'><strong>Decem</strong></span> <span class='ocrx_word' id='word_1_541' title='bbox 755 3693 810 3739; x_wconf 91' lang='lat' dir='ltr'><strong>et</strong></span> <span class='ocrx_word' id='word_1_542' title='bbox 838 3691 962 3740; x_wconf 92' lang='lat' dir='ltr'><strong>octo</strong></span> <span class='ocrx_word' id='word_1_543' title='bbox 990 3699 1254 3741; x_wconf 90' lang='lat' dir='ltr'><strong>annorum</strong></span> <span class='ocrx_word' id='word_1_544' title='bbox 1285 3694 1403 3742; x_wconf 89' lang='lat' dir='ltr'><strong>erat</strong></span> <span class='ocrx_word' id='word_1_545' title='bbox 1429 3685 1676 3743; x_wconf 87' lang='lat' dir='ltr'><strong>Joiachin</strong></span> <span class='ocrx_word' id='word_1_546' title='bbox 1703 3703 1826 3744; x_wconf 92' lang='lat' dir='ltr'><strong>cum</strong></span> <span class='ocrx_word' id='word_1_547' title='bbox 1874 3704 2103 3761; x_wconf 86' lang='lat' dir='ltr'><strong>regnare</strong></span> 
     </span>
    </p>
   </div>
   <div class='ocr_carea' id='block_1_68' title="bbox 594 3885 2112 3962">
    <p class='ocr_par' dir='ltr' id='par_1_68' title="bbox 594 3885 2112 3962">
     <span class='ocr_line' id='line_1_68' title="bbox 594 3885 2112 3962; baseline 0.006 -22"><span class='ocrx_word' id='word_1_548' title='bbox 594 3894 620 3923; x_wconf 74' lang='grc' dir='ltr'><strong>α</strong></span> <span class='ocrx_word' id='word_1_549' title='bbox 643 3885 821 3962; x_wconf 82' lang='lat' dir='ltr'><strong>Monet</strong></span> <span class='ocrx_word' id='word_1_550' title='bbox 843 3886 940 3962; x_wconf 22' lang='grc' dir='ltr'><strong>με.-</strong></span> <span class='ocrx_word' id='word_1_551' title='bbox 955 3887 1318 3962; x_wconf 88' lang='lat' dir='ltr'><strong>Hieronymus</strong></span> <span class='ocrx_word' id='word_1_552' title='bbox 1359 3891 1399 3945; x_wconf 93' lang='lat' dir='ltr'><strong>l.</strong></span> <span class='ocrx_word' id='word_1_553' title='bbox 1433 3907 1450 3946; x_wconf 84' lang='grc' dir='ltr'><strong>ι</strong></span> <span class='ocrx_word' id='word_1_554' title='bbox 1479 3890 1694 3948; x_wconf 90' lang='lat' dir='ltr'><strong>Comm.</strong></span> <span class='ocrx_word' id='word_1_555' title='bbox 1724 3893 1777 3948; x_wconf 93' lang='lat' dir='ltr'><strong>in</strong></span> <span class='ocrx_word' id='word_1_556' title='bbox 1805 3902 1971 3962; x_wconf 89' lang='lat' dir='ltr'><strong>caput</strong></span> <span class='ocrx_word' id='word_1_557' title='bbox 2003 3894 2112 3962; x_wconf 88' lang='lat' dir='ltr'><strong>pri-</strong></span> 
     </span>
    </p>
   </div>
   <div class='ocr_carea' id='block_1_69' title="bbox 520 3959 2110 4034">
    <p class='ocr_par' dir='ltr' id='par_1_69' title="bbox 520 3959 2110 4034">
     <span class='ocr_line' id='line_1_69' title="bbox 520 3959 2110 4034; baseline 0.005 -22"><span class='ocrx_word' id='word_1_558' title='bbox 520 3973 667 4012; x_wconf 88' lang='lat' dir='ltr'><strong>mum</strong></span> <span class='ocrx_word' id='word_1_559' title='bbox 707 3959 966 4034; x_wconf 64' lang='lat' dir='ltr'><strong>Mattlimj,</strong></span> <span class='ocrx_word' id='word_1_560' title='bbox 1007 3959 1329 4034; x_wconf 63' lang='lat' dir='ltr'><strong>scripturum</strong></span> <span class='ocrx_word' id='word_1_561' title='bbox 1361 3963 1493 4018; x_wconf 92' lang='lat' dir='ltr'><strong>vitio</strong></span> <span class='ocrx_word' id='word_1_562' title='bbox 1518 3973 1578 4018; x_wconf 91' lang='lat' dir='ltr'><strong>et</strong></span> <span class='ocrx_word' id='word_1_563' title='bbox 1609 3959 1946 4034; x_wconf 84' lang='lat' dir='ltr'><strong>longitudine</strong></span> <span class='ocrx_word' id='word_1_564' title='bbox 1977 3959 2110 4022; x_wconf 83' lang='lat' dir='ltr'><strong>tem-</strong></span> 
     </span>
    </p>
   </div>
   <div class='ocr_carea' id='block_1_70' title="bbox 522 4029 2112 4103">
    <p class='ocr_par' dir='ltr' id='par_1_70' title="bbox 522 4029 2112 4103">
     <span class='ocr_line' id='line_1_70' title="bbox 522 4029 2112 4103; baseline 0.006 -21"><span class='ocrx_word' id='word_1_565' title='bbox 522 4043 715 4103; x_wconf 80' lang='lat' dir='ltr'><strong>porum</strong></span> <span class='ocrx_word' id='word_1_566' title='bbox 742 4029 882 4103; x_wconf 74' lang='lat' dir='ltr'><strong>apud</strong></span> <span class='ocrx_word' id='word_1_567' title='bbox 909 4029 1129 4103; x_wconf 82' lang='lat' dir='ltr'><strong>Graecos</strong></span> <span class='ocrx_word' id='word_1_568' title='bbox 1152 4030 1483 4103; x_wconf 80' lang='lat' dir='ltr'><strong>Latinosque</strong></span> <span class='ocrx_word' id='word_1_569' title='bbox 1507 4029 1732 4090; x_wconf 72' lang='lat' dir='ltr'><strong>confusa</strong></span> <span class='ocrx_word' id='word_1_570' title='bbox 1752 4051 1875 4092; x_wconf 88' lang='lat' dir='ltr'><strong>esse</strong></span> <span class='ocrx_word' id='word_1_571' title='bbox 1890 4038 2112 4092; x_wconf 88' lang='lat' dir='ltr'><strong>nomina</strong></span> 
     </span>
    </p>
   </div>
   <div class='ocr_carea' id='block_1_71' title="bbox 521 4097 2112 4176">
    <p class='ocr_par' dir='ltr' id='par_1_71' title="bbox 521 4097 2112 4176">
     <span class='ocr_line' id='line_1_71' title="bbox 521 4097 2112 4176; baseline 0.006 -24"><span class='ocrx_word' id='word_1_572' title='bbox 521 4097 730 4176; x_wconf 71' lang='lat' dir='ltr'><strong>Joakim</strong></span> <span class='ocrx_word' id='word_1_573' title='bbox 759 4097 812 4176; x_wconf 75' lang='lat' dir='ltr'><strong>et</strong></span> <span class='ocrx_word' id='word_1_574' title='bbox 833 4099 1083 4156; x_wconf 80' lang='lat' dir='ltr'><strong>Joachin.</strong></span> <span class='ocrx_word' id='word_1_575' title='bbox 1113 4097 1557 4176; x_wconf 59' lang='lat' dir='ltr'><strong>Sriamns_i:qitur,</strong></span> <span class='ocrx_word' id='word_1_576' title='bbox 1589 4107 1784 4176; x_wconf 88' lang='lat' dir='ltr'><strong>inquit,</strong></span> <span class='ocrx_word' id='word_1_577' title='bbox 1805 4106 2112 4162; x_wconf 84' lang='lat' dir='ltr'><strong>Jechoniaut</strong></span> 
     </span>
    </p>
   </div>
   <div class='ocr_carea' id='block_1_72' title="bbox 524 4171 2110 4252">
    <p class='ocr_par' dir='ltr' id='par_1_72' title="bbox 524 4171 2110 4252">
     <span class='ocr_line' id='line_1_72' title="bbox 524 4171 2110 4252; baseline 0.004 -29"><span class='ocrx_word' id='word_1_578' title='bbox 524 4171 746 4252; x_wconf 54' lang='lat' dir='ltr'><strong>priorem</strong></span> <span class='ocrx_word' id='word_1_579' title='bbox 768 4171 942 4238; x_wconf 82' lang='lat' dir='ltr'><strong>ipsum</strong></span> <span class='ocrx_word' id='word_1_580' title='bbox 967 4189 1095 4238; x_wconf 84' lang='lat' dir='ltr'><strong>cssc,</strong></span> <span class='ocrx_word' id='word_1_581' title='bbox 1115 4190 1261 4242; x_wconf 85' lang='lat' dir='ltr'><strong>quem</strong></span> <span class='ocrx_word' id='word_1_582' title='bbox 1284 4185 1331 4228; x_wconf 84' lang='lat' dir='ltr'><strong>et</strong></span> <span class='ocrx_word' id='word_1_583' title='bbox 1347 4171 1557 4230; x_wconf 74' lang='lat' dir='ltr'><strong>Joakint</strong></span> <span class='ocrx_word' id='word_1_584' title='bbox 1577 4171 1894 4252; x_wconf 52' lang='lat' dir='ltr'><strong>:secundum</strong></span> <span class='ocrx_word' id='word_1_585' title='bbox 1919 4188 2110 4246; x_wconf 83' lang='lat' dir='ltr'><strong>autem,</strong></span> 
     </span>
    </p>
   </div>
   <div class='ocr_carea' id='block_1_73' title="bbox 525 4239 2112 4318">
    <p class='ocr_par' dir='ltr' id='par_1_73' title="bbox 525 4239 2112 4318">
     <span class='ocr_line' id='line_1_73' title="bbox 525 4239 2112 4318; baseline 0.006 -25"><span class='ocrx_word' id='word_1_586' title='bbox 525 4239 722 4318; x_wconf 54' lang='lat' dir='ltr'><strong>ﬁliuni.</strong></span> <span class='ocrx_word' id='word_1_587' title='bbox 742 4258 842 4296; x_wconf 86' lang='lat' dir='ltr'><strong>non</strong></span> <span class='ocrx_word' id='word_1_588' title='bbox 866 4252 1067 4318; x_wconf 52' lang='lat' dir='ltr'><strong>patrem</strong></span> <span class='ocrx_word' id='word_1_589' title='bbox 1094 4260 1112 4296; x_wconf 91' lang='lat'><strong><em>:</em></strong></span> <span class='ocrx_word' id='word_1_590' title='bbox 1128 4239 1360 4318; x_wconf 74' lang='lat' dir='ltr'><strong>quorum</strong></span> <span class='ocrx_word' id='word_1_591' title='bbox 1383 4249 1525 4317; x_wconf 82' lang='lat' dir='ltr'><strong>prior</strong></span> <span class='ocrx_word' id='word_1_592' title='bbox 1546 4264 1635 4314; x_wconf 82' lang='lat' dir='ltr'><strong>per</strong></span> <span class='ocrx_word' id='word_1_593' title='bbox 1660 4248 1695 4303; x_wconf 73' lang='grc' dir='ltr'><strong>ις</strong></span> <span class='ocrx_word' id='word_1_594' title='bbox 1715 4257 1760 4301; x_wconf 82' lang='lat' dir='ltr'><strong>et</strong></span> <span class='ocrx_word' id='word_1_595' title='bbox 1789 4265 1839 4304; x_wconf 89' lang='lat' dir='ltr'><strong>m</strong></span> <span class='ocrx_word' id='word_1_596' title='bbox 1858 4290 1872 4312; x_wconf 86' lang='lat'><strong>,</strong></span> <span class='ocrx_word' id='word_1_597' title='bbox 1900 4239 2112 4318; x_wconf 71' lang='lat' dir='ltr'><strong>sequens</strong></span> 
     </span>
    </p>
   </div>
   <div class='ocr_carea' id='block_1_74' title="bbox 523 4311 2117 4390">
    <p class='ocr_par' dir='ltr' id='par_1_74' title="bbox 523 4311 2117 4390">
     <span class='ocr_line' id='line_1_74' title="bbox 523 4311 2117 4390; baseline 0.006 -26"><span class='ocrx_word' id='word_1_598' title='bbox 523 4328 615 4390; x_wconf 60' lang='lat' dir='ltr'><strong>per</strong></span> <span class='ocrx_word' id='word_1_599' title='bbox 640 4311 710 4366; x_wconf 88' lang='lat' dir='ltr'><strong>ch</strong></span> <span class='ocrx_word' id='word_1_600' title='bbox 732 4323 778 4366; x_wconf 81' lang='lat' dir='ltr'><strong>et</strong></span> <span class='ocrx_word' id='word_1_601' title='bbox 804 4331 834 4367; x_wconf 85' lang='grc' dir='ltr'><strong>ιι</strong></span> <span class='ocrx_word' id='word_1_602' title='bbox 858 4311 1104 4368; x_wconf 74' lang='lat' dir='ltr'><strong>scribitur</strong></span> <span class='ocrx_word' id='word_1_603' title='bbox 1124 4311 1306 4390; x_wconf 55' lang='lat' dir='ltr'><strong>{quod</strong></span> <span class='ocrx_word' id='word_1_604' title='bbox 1334 4311 1645 4390; x_wconf 61' lang='lat' dir='ltr'><strong>scriptorum</strong></span> <span class='ocrx_word' id='word_1_605' title='bbox 1671 4319 1794 4372; x_wconf 84' lang='lat' dir='ltr'><strong>vitio</strong></span> <span class='ocrx_word' id='word_1_606' title='bbox 1819 4329 1864 4373; x_wconf 86' lang='lat' dir='ltr'><strong>et</strong></span> <span class='ocrx_word' id='word_1_607' title='bbox 1887 4311 2117 4390; x_wconf 73' lang='lat' dir='ltr'><strong>longitu-</strong></span> 
     </span>
    </p>
   </div>
   <div class='ocr_carea' id='block_1_75' title="bbox 523 4381 2117 4458">
    <p class='ocr_par' dir='ltr' id='par_1_75' title="bbox 523 4381 2117 4458">
     <span class='ocr_line' id='line_1_75' title="bbox 523 4381 2117 4458; baseline 0.008 -26"><span class='ocrx_word' id='word_1_608' title='bbox 523 4381 647 4436; x_wconf 83' lang='lat' dir='ltr'><strong>dine</strong></span> <span class='ocrx_word' id='word_1_609' title='bbox 672 4391 978 4458; x_wconf 78' lang='lat' dir='ltr'><strong>_t_emporum</strong></span> <span class='ocrx_word' id='word_1_610' title='bbox 1025 4381 1191 4458; x_wconf 49' lang='lat' dir='ltr'><strong>apnd&#39;</strong></span> <span class='ocrx_word' id='word_1_611' title='bbox 1222 4381 1449 4442; x_wconf 67' lang='grc' dir='ltr'><strong>(ἐνίεσοέ</strong></span> <span class='ocrx_word' id='word_1_612' title='bbox 1475 4387 1792 4458; x_wconf 74' lang='lat' dir='ltr'><strong>Latinosque</strong></span> <span class='ocrx_word' id='word_1_613' title='bbox 1839 4381 2117 4458; x_wconf 65' lang='lat' dir='ltr'><strong>confusum</strong></span> 
     </span>
    </p>
   </div>
   <div class='ocr_carea' id='block_1_76' title="bbox 525 4453 2116 4542">
    <p class='ocr_par' dir='ltr' id='par_1_76' title="bbox 525 4453 2116 4542">
     <span class='ocr_line' id='line_1_76' title="bbox 525 4453 2116 4542; baseline 0.008 -38"><span class='ocrx_word' id='word_1_614' title='bbox 525 4461 639 4542; x_wconf 39' lang='lat' dir='ltr'><strong>est...</strong></span> <span class='ocrx_word' id='word_1_615' title='bbox 672 4453 801 4508; x_wconf 76' lang='lat' dir='ltr'><strong>Hme</strong></span> <span class='ocrx_word' id='word_1_616' title='bbox 826 4453 1461 4542; x_wconf 50' lang='lat' dir='ltr'><strong>quidem.Hieronymus</strong></span> <span class='ocrx_word' id='word_1_617' title='bbox 1505 4453 1792 4542; x_wconf 56' lang='lat' dir='ltr'><strong>attendens</strong></span> <span class='ocrx_word' id='word_1_618' title='bbox 1832 4453 2116 4542; x_wconf 82' lang='lat' dir='ltr'><strong>ad__G_rmc_a</strong></span> 
     </span>
    </p>
   </div>
   <div class='ocr_carea' id='block_1_77' title="bbox 526 4522 2119 4593">
    <p class='ocr_par' dir='ltr' id='par_1_77' title="bbox 526 4522 2119 4593">
     <span class='ocr_line' id='line_1_77' title="bbox 526 4522 2119 4593; baseline 0.007 -17"><span class='ocrx_word' id='word_1_619' title='bbox 526 4522 823 4593; x_wconf 82' lang='lat' dir='ltr'><strong>Latinaque</strong></span> <span class='ocrx_word' id='word_1_620' title='bbox 848 4522 1139 4587; x_wconf 76' lang='lat' dir='ltr'><strong>vocabula,</strong></span> <span class='ocrx_word' id='word_1_621' title='bbox 1173 4529 1266 4584; x_wconf 89' lang='lat' dir='ltr'><strong>sed</strong></span> <span class='ocrx_word' id='word_1_622' title='bbox 1298 4522 1352 4584; x_wconf 76' lang='lat' dir='ltr'><strong>in</strong></span> <span class='ocrx_word' id='word_1_623' title='bbox 1405 4530 1549 4584; x_wconf 90' lang='lat' dir='ltr'><strong>libro</strong></span> <span class='ocrx_word' id='word_1_624' title='bbox 1579 4530 1866 4585; x_wconf 88' lang='lat' dir='ltr'><strong>Nominum</strong></span> <span class='ocrx_word' id='word_1_625' title='bbox 1893 4531 2119 4587; x_wconf 86' lang='lat' dir='ltr'><strong>Hebrai-</strong></span> 
     </span>
    </p>
   </div>
   <div class='ocr_carea' id='block_1_78' title="bbox 524 4598 2117 4670">
    <p class='ocr_par' dir='ltr' id='par_1_78' title="bbox 524 4598 2117 4670">
     <span class='ocr_line' id='line_1_78' title="bbox 524 4598 2117 4670; baseline 0.008 -24"><span class='ocrx_word' id='word_1_626' title='bbox 524 4608 738 4670; x_wconf 81' lang='lat' dir='ltr'><strong>corum,</strong></span> <span class='ocrx_word' id='word_1_627' title='bbox 777 4598 1037 4667; x_wconf 87' lang='lat' dir='ltr'><strong>scriptum</strong></span> <span class='ocrx_word' id='word_1_628' title='bbox 1084 4599 1248 4658; x_wconf 85' lang='lat' dir='ltr'><strong>habet</strong></span> <span class='ocrx_word' id='word_1_629' title='bbox 1296 4600 1524 4654; x_wconf 85' lang='lat' dir='ltr'><strong>Joiacim</strong></span> <span class='ocrx_word' id='word_1_630' title='bbox 1563 4601 1714 4670; x_wconf 83' lang='lat' dir='ltr'><strong>juxta</strong></span> <span class='ocrx_word' id='word_1_631' title='bbox 1761 4602 2117 4658; x_wconf 87' lang='lat' dir='ltr'><strong>llebrmorum</strong></span> 
     </span>
    </p>
   </div>
   <div class='ocr_carea' id='block_1_79' title="bbox 523 4665 2119 4761">
    <p class='ocr_par' dir='ltr' id='par_1_79' title="bbox 523 4665 2119 4761">
     <span class='ocr_line' id='line_1_79' title="bbox 523 4665 2119 4761; baseline 0.008 -44"><span class='ocrx_word' id='word_1_632' title='bbox 523 4665 798 4720; x_wconf 87' lang='lat' dir='ltr'><strong>elementa</strong></span> <span class='ocrx_word' id='word_1_633' title='bbox 832 4665 901 4722; x_wconf 32' lang='lat' dir='ltr'><strong>ac‘</strong></span> <span class='ocrx_word' id='word_1_634' title='bbox 925 4682 1118 4724; x_wconf 88' lang='lat' dir='ltr'><strong>sonum</strong></span> <span class='ocrx_word' id='word_1_635' title='bbox 1153 4671 1454 4727; x_wconf 87' lang='lat' dir='ltr'><strong>litterarqu</strong></span> <span class='ocrx_word' id='word_1_636' title='bbox 1488 4665 1712 4727; x_wconf 80' lang='lat' dir='ltr'><strong>istarum</strong></span> <span class='ocrx_word' id='word_1_637' title='bbox 1744 4680 1982 4761; x_wconf 51' lang='lat' dir='ltr'><strong>napum.</strong></span> <span class='ocrx_word' id='word_1_638' title='bbox 2015 4673 2119 4729; x_wconf 89' lang='lat' dir='ltr'><strong>Le-</strong></span> 
     </span>
    </p>
   </div>
   <div class='ocr_carea' id='block_1_80' title="bbox 524 4756 2114 4828">
    <p class='ocr_par' dir='ltr' id='par_1_80' title="bbox 524 4756 2114 4828">
     <span class='ocr_line' id='line_1_80' title="bbox 524 4756 2114 4828; baseline 0.008 -21"><span class='ocrx_word' id='word_1_639' title='bbox 524 4756 703 4828; x_wconf 85' lang='lat' dir='ltr'><strong>gimus</strong></span> <span class='ocrx_word' id='word_1_640' title='bbox 746 4757 908 4812; x_wconf 87' lang='lat' dir='ltr'><strong>etiam</strong></span> <span class='ocrx_word' id='word_1_641' title='bbox 941 4759 995 4814; x_wconf 91' lang='lat' dir='ltr'><strong>in</strong></span> <span class='ocrx_word' id='word_1_642' title='bbox 1023 4761 1246 4816; x_wconf 88' lang='lat' dir='ltr'><strong>Canone</strong></span> <span class='ocrx_word' id='word_1_643' title='bbox 1274 4762 1413 4816; x_wconf 87' lang='lat' dir='ltr'><strong>lleb.</strong></span> <span class='ocrx_word' id='word_1_644' title='bbox 1449 4763 1608 4818; x_wconf 85' lang='lat' dir='ltr'><strong>verit.</strong></span> <span class='ocrx_word' id='word_1_645' title='bbox 1640 4756 1922 4828; x_wconf 74' lang='lat' dir='ltr'><strong>Joiacliim,</strong></span> <span class='ocrx_word' id='word_1_646' title='bbox 1960 4763 2048 4819; x_wconf 93' lang='lat' dir='ltr'><strong>ubi</strong></span> <span class='ocrx_word' id='word_1_647' title='bbox 2082 4768 2114 4819; x_wconf 81' lang='lat' dir='ltr'><strong>Ii</strong></span> 
     </span>
    </p>
   </div>
   <div class='ocr_carea' id='block_1_81' title="bbox 527 4827 2117 4904">
    <p class='ocr_par' dir='ltr' id='par_1_81' title="bbox 527 4827 2117 4904">
     <span class='ocr_line' id='line_1_81' title="bbox 527 4827 2117 4904; baseline 0.008 -27"><span class='ocrx_word' id='word_1_648' title='bbox 527 4827 886 4904; x_wconf 75' lang='lat' dir='ltr'><strong>additum_est</strong></span> <span class='ocrx_word' id='word_1_649' title='bbox 914 4844 1104 4904; x_wconf 86' lang='lat' dir='ltr'><strong>errore</strong></span> <span class='ocrx_word' id='word_1_650' title='bbox 1135 4841 1188 4886; x_wconf 89' lang='lat' dir='ltr'><strong>ct</strong></span> <span class='ocrx_word' id='word_1_651' title='bbox 1209 4849 1309 4887; x_wconf 90' lang='lat' dir='ltr'><strong>usu</strong></span> <span class='ocrx_word' id='word_1_652' title='bbox 1343 4833 1716 4889; x_wconf 86' lang='lat' dir='ltr'><strong>librariorum.</strong></span> <span class='ocrx_word' id='word_1_653' title='bbox 1750 4827 1926 4904; x_wconf 78' lang='lat' dir='ltr'><strong>Fretis</strong></span> <span class='ocrx_word' id='word_1_654' title='bbox 1957 4835 2117 4904; x_wconf 82' lang='lat' dir='ltr'><strong>igitur</strong></span> 
     </span>
    </p>
   </div>
   <div class='ocr_carea' id='block_1_82' title="bbox 524 4895 2118 4978">
    <p class='ocr_par' dir='ltr' id='par_1_82' title="bbox 524 4895 2118 4978">
     <span class='ocr_line' id='line_1_82' title="bbox 524 4895 2118 4978; baseline 0.006 -28"><span class='ocrx_word' id='word_1_655' title='bbox 524 4895 700 4978; x_wconf 77' lang='lat' dir='ltr'><strong>ipsius</strong></span> <span class='ocrx_word' id='word_1_656' title='bbox 749 4898 1062 4978; x_wconf 72' lang='lat' dir='ltr'><strong>Hieronymi</strong></span> <span class='ocrx_word' id='word_1_657' title='bbox 1087 4905 1429 4978; x_wconf 68' lang='lat' dir='ltr'><strong>auctoritate</strong></span> <span class='ocrx_word' id='word_1_658' title='bbox 1475 4920 1537 4958; x_wconf 89' lang='lat' dir='ltr'><strong>ac</strong></span> <span class='ocrx_word' id='word_1_659' title='bbox 1576 4905 1861 4978; x_wconf 82' lang='lat' dir='ltr'><strong>exemplo,</strong></span> <span class='ocrx_word' id='word_1_660' title='bbox 1892 4895 2118 4978; x_wconf 66' lang='lat' dir='ltr'><strong>Joaicim</strong></span> 
     </span>
    </p>
   </div>
   <div class='ocr_carea' id='block_1_83' title="bbox 529 4966 2116 5038">
    <p class='ocr_par' dir='ltr' id='par_1_83' title="bbox 529 4966 2116 5038">
     <span class='ocr_line' id='line_1_83' title="bbox 529 4966 2116 5038; baseline 0.007 -17"><span class='ocrx_word' id='word_1_661' title='bbox 529 4966 809 5038; x_wconf 83' lang='lat' dir='ltr'><strong>deinceps,</strong></span> <span class='ocrx_word' id='word_1_662' title='bbox 825 4966 988 5036; x_wconf 60' lang='lat' dir='ltr'><strong>atque.</strong></span> <span class='ocrx_word' id='word_1_663' title='bbox 1007 4970 1042 5024; x_wconf 91' lang='grc'><strong>.1</strong></span> <span class='ocrx_word' id='word_1_664' title='bbox 1049 4972 1272 5028; x_wconf 79' lang='grc' dir='ltr'><strong>οἱαεΙιὶηι</strong></span> <span class='ocrx_word' id='word_1_665' title='bbox 1292 4976 1536 5030; x_wconf 85' lang='lat' dir='ltr'><strong>scribere</strong></span> <span class='ocrx_word' id='word_1_666' title='bbox 1561 4976 1719 5031; x_wconf 89' lang='lat' dir='ltr'><strong>nobis</strong></span> <span class='ocrx_word' id='word_1_667' title='bbox 1740 4966 1918 5031; x_wconf 83' lang='lat' dir='ltr'><strong>liceat.</strong></span> <span class='ocrx_word' id='word_1_668' title='bbox 1939 4976 2116 5032; x_wconf 74' lang='lat' dir='ltr'><strong>Manr.</strong></span> 
     </span>
    </p>
   </div>
   <div class='ocr_carea' id='block_1_84' title="bbox 600 5039 2119 5116">
    <p class='ocr_par' dir='ltr' id='par_1_84' title="bbox 600 5039 2119 5116">
     <span class='ocr_line' id='line_1_84' title="bbox 600 5039 2119 5116; baseline 0.006 -25"><span class='ocrx_word' id='word_1_669' title='bbox 600 5039 881 5116; x_wconf 50' lang='lat' dir='ltr'><strong>-:Ctit_t_ler</strong></span> <span class='ocrx_word' id='word_1_670' title='bbox 901 5041 958 5098; x_wconf 92' lang='lat' dir='ltr'><strong>S.</strong></span> <span class='ocrx_word' id='word_1_671' title='bbox 976 5043 1222 5116; x_wconf 80' lang='lat' dir='ltr'><strong>Docmris</strong></span> <span class='ocrx_word' id='word_1_672' title='bbox 1234 5047 1666 5103; x_wconf 76' lang='lat' dir='ltr'><strong>Commentarios</strong></span> <span class='ocrx_word' id='word_1_673' title='bbox 1691 5049 1741 5101; x_wconf 89' lang='lat' dir='ltr'><strong>in</strong></span> <span class='ocrx_word' id='word_1_674' title='bbox 1771 5047 1978 5101; x_wconf 78' lang='lat' dir='ltr'><strong>Daniel.</strong></span> <span class='ocrx_word' id='word_1_675' title='bbox 1994 5063 2119 5116; x_wconf 87' lang='lat' dir='ltr'><strong>cap.</strong></span> 
     </span>
    </p>
   </div>
   <div class='ocr_carea' id='block_1_85' title="bbox 529 5109 2126 5192">
    <p class='ocr_par' dir='ltr' id='par_1_85' title="bbox 529 5109 2126 5192">
     <span class='ocr_line' id='line_1_85' title="bbox 529 5109 2126 5192; baseline 0.004 -28"><span class='ocrx_word' id='word_1_676' title='bbox 529 5109 584 5192; x_wconf 66' lang='lat'><strong>1,</strong></span> <span class='ocrx_word' id='word_1_677' title='bbox 617 5110 732 5190; x_wconf 77' lang='lat' dir='ltr'><strong>ubi,</strong></span> <span class='ocrx_word' id='word_1_678' title='bbox 763 5110 951 5192; x_wconf 51' lang='lat' dir='ltr'><strong>Neirio,</strong></span> <span class='ocrx_word' id='word_1_679' title='bbox 981 5114 1172 5192; x_wconf 78' lang='lat' dir='ltr'><strong>inquit,</strong></span> <span class='ocrx_word' id='word_1_680' title='bbox 1192 5124 1330 5192; x_wconf 76' lang='lat' dir='ltr'><strong>putet</strong></span> <span class='ocrx_word' id='word_1_681' title='bbox 1353 5117 1599 5192; x_wconf 48' lang='lat' dir='ltr'><strong>eumdem</strong></span> <span class='ocrx_word' id='word_1_682' title='bbox 1636 5118 1688 5172; x_wconf 88' lang='lat' dir='ltr'><strong>in</strong></span> <span class='ocrx_word' id='word_1_683' title='bbox 1723 5117 1956 5192; x_wconf 66' lang='lat' dir='ltr'><strong>Danielis</strong></span> <span class='ocrx_word' id='word_1_684' title='bbox 1979 5109 2126 5192; x_wconf 70' lang='lat' dir='ltr'><strong>prin-</strong></span> 
     </span>
    </p>
   </div>
   <div class='ocr_carea' id='block_1_86' title="bbox 529 5181 2121 5262">
    <p class='ocr_par' dir='ltr' id='par_1_86' title="bbox 529 5181 2121 5262">
     <span class='ocr_line' id='line_1_86' title="bbox 529 5181 2121 5262; baseline 0.006 -30"><span class='ocrx_word' id='word_1_685' title='bbox 529 5181 826 5262; x_wconf 39' lang='lat' dir='ltr'><strong>cipioLetse</strong></span> <span class='ocrx_word' id='word_1_686' title='bbox 851 5181 1097 5262; x_wconf 57' lang='lat' dir='ltr'><strong>_Joacin},</strong></span> <span class='ocrx_word' id='word_1_687' title='bbox 1138 5181 1227 5258; x_wconf 82' lang='lat' dir='ltr'><strong>qui</strong></span> <span class='ocrx_word' id='word_1_688' title='bbox 1248 5191 1300 5241; x_wconf 87' lang='lat' dir='ltr'><strong>in</strong></span> <span class='ocrx_word' id='word_1_689' title='bbox 1343 5186 1626 5262; x_wconf 76' lang='lat' dir='ltr'><strong>Ezechielis</strong></span> <span class='ocrx_word' id='word_1_690' title='bbox 1647 5190 1859 5262; x_wconf 73' lang='lat' dir='ltr'><strong>exordio</strong></span> <span class='ocrx_word' id='word_1_691' title='bbox 1897 5181 2121 5262; x_wconf 73' lang='lat' dir='ltr'><strong>Joacltin</strong></span> 
     </span>
    </p>
   </div>
   <div class='ocr_carea' id='block_1_87' title="bbox 532 5253 2122 5330">
    <p class='ocr_par' dir='ltr' id='par_1_87' title="bbox 532 5253 2122 5330">
     <span class='ocr_line' id='line_1_87' title="bbox 532 5253 2122 5330; baseline 0.006 -27"><span class='ocrx_word' id='word_1_692' title='bbox 532 5253 772 5330; x_wconf 68' lang='lat' dir='ltr'><strong>scribitur</strong></span> <span class='ocrx_word' id='word_1_693' title='bbox 799 5254 956 5330; x_wconf 75' lang='lat' dir='ltr'><strong>:__istc_</strong></span> <span class='ocrx_word' id='word_1_694' title='bbox 978 5257 1115 5330; x_wconf 76' lang='lat' dir='ltr'><strong>enim</strong></span> <span class='ocrx_word' id='word_1_695' title='bbox 1150 5253 1443 5314; x_wconf 65' lang='lat' dir='ltr'><strong>extremam</strong></span> <span class='ocrx_word' id='word_1_696' title='bbox 1473 5259 1726 5330; x_wconf 67' lang='lat' dir='ltr'><strong>syllabam</strong></span> <span class='ocrx_word' id='word_1_697' title='bbox 1771 5260 1898 5315; x_wconf 91' lang='lat' dir='ltr'><strong>chin</strong></span> <span class='ocrx_word' id='word_1_698' title='bbox 1949 5259 2122 5325; x_wconf 78' lang='lat' dir='ltr'><strong>habet,</strong></span> 
     </span>
    </p>
   </div>
   <div class='ocr_carea' id='block_1_88' title="bbox 533 5321 2130 5402">
    <p class='ocr_par' dir='ltr' id='par_1_88' title="bbox 533 5321 2130 5402">
     <span class='ocr_line' id='line_1_88' title="bbox 533 5321 2130 5402; baseline 0.006 -28"><span class='ocrx_word' id='word_1_699' title='bbox 533 5321 622 5402; x_wconf 67' lang='lat' dir='ltr'><strong>ille</strong></span> <span class='ocrx_word' id='word_1_700' title='bbox 651 5324 778 5402; x_wconf 78' lang='lat' dir='ltr'><strong>cim.</strong></span> <span class='ocrx_word' id='word_1_701' title='bbox 810 5323 876 5377; x_wconf 84' lang='lat' dir='ltr'><strong>Et</strong></span> <span class='ocrx_word' id='word_1_702' title='bbox 905 5327 967 5381; x_wconf 89' lang='lat' dir='ltr'><strong>ob</strong></span> <span class='ocrx_word' id='word_1_703' title='bbox 990 5328 1125 5402; x_wconf 69' lang='lat' dir='ltr'><strong>hanc</strong></span> <span class='ocrx_word' id='word_1_704' title='bbox 1171 5345 1382 5384; x_wconf 77' lang='lat' dir='ltr'><strong>causam</strong></span> <span class='ocrx_word' id='word_1_705' title='bbox 1411 5330 1466 5383; x_wconf 84' lang='lat' dir='ltr'><strong>in</strong></span> <span class='ocrx_word' id='word_1_706' title='bbox 1497 5321 1803 5402; x_wconf 45' lang='lat' dir='ltr'><strong>vaangclio</strong></span> <span class='ocrx_word' id='word_1_707' title='bbox 1847 5321 2130 5385; x_wconf 69' lang='lat' dir='ltr'><strong>secundum</strong></span> 
     </span>
    </p>
   </div>
   <div class='ocr_carea' id='block_1_89' title="bbox 534 5392 2132 5473">
    <p class='ocr_par' dir='ltr' id='par_1_89' title="bbox 534 5392 2132 5473">
     <span class='ocr_line' id='line_1_89' title="bbox 534 5392 2132 5473; baseline 0.005 -28"><span class='ocrx_word' id='word_1_708' title='bbox 534 5392 846 5449; x_wconf 79' lang='lat' dir='ltr'><strong>Matt/imum</strong></span> <span class='ocrx_word' id='word_1_709' title='bbox 889 5413 994 5473; x_wconf 71' lang='lat' dir='ltr'><strong>una</strong></span> <span class='ocrx_word' id='word_1_710' title='bbox 1040 5399 1238 5473; x_wconf 71' lang='lat' dir='ltr'><strong>videtur</strong></span> <span class='ocrx_word' id='word_1_711' title='bbox 1261 5402 1434 5473; x_wconf 76' lang='lat' dir='ltr'><strong>deesse</strong></span> <span class='ocrx_word' id='word_1_712' title='bbox 1463 5392 1869 5473; x_wconf 61' lang='lat' dir='ltr'><strong>generatioquia</strong></span> <span class='ocrx_word' id='word_1_713' title='bbox 1901 5403 2132 5456; x_wconf 79' lang='lat' dir='ltr'><strong>secunda</strong></span> 
     </span>
    </p>
   </div>
   <div class='ocr_carea' id='block_1_90' title="bbox 535 5467 2133 5547">
    <p class='ocr_par' dir='ltr' id='par_1_90' title="bbox 535 5467 2133 5547">
     <span class='ocr_line' id='line_1_90' title="bbox 535 5467 2133 5547; baseline 0.004 -28"><span class='ocrx_word' id='word_1_714' title='bbox 535 5467 1037 5547; x_wconf 49' lang='lat' dir='ltr'><strong>feaaatpwgatdixac</strong></span> <span class='ocrx_word' id='word_1_715' title='bbox 1064 5470 1340 5547; x_wconf 39' lang='lat' dir='ltr'><strong>iit-ancilli</strong></span> <span class='ocrx_word' id='word_1_716' title='bbox 1365 5467 1556 5547; x_wconf 54' lang='lat' dir='ltr'><strong>desinit</strong></span> <span class='ocrx_word' id='word_1_717' title='bbox 1577 5473 1690 5547; x_wconf 69' lang='lat' dir='ltr'><strong>lilio</strong></span> <span class='ocrx_word' id='word_1_718' title='bbox 1708 5467 1893 5541; x_wconf 76' lang='lat' dir='ltr'><strong>Josiw,</strong></span> <span class='ocrx_word' id='word_1_719' title='bbox 1910 5481 1962 5547; x_wconf 62' lang='lat' dir='ltr'><strong>et</strong></span> <span class='ocrx_word' id='word_1_720' title='bbox 1982 5473 2133 5547; x_wconf 79' lang='lat' dir='ltr'><strong>lcrlia</strong></span> 
     </span>
    </p>
   </div>
   <div class='ocr_carea' id='block_1_91' title="bbox 535 5537 2134 5616">
    <p class='ocr_par' dir='ltr' id='par_1_91' title="bbox 535 5537 2134 5616">
     <span class='ocr_line' id='line_1_91' title="bbox 535 5537 2134 5616; baseline 0.004 -27"><span class='ocrx_word' id='word_1_721' title='bbox 535 5537 718 5616; x_wconf 66' lang='lat' dir='ltr'><strong>incipii</strong></span> <span class='ocrx_word' id='word_1_722' title='bbox 741 5555 774 5590; x_wconf 84' lang='grc' dir='ltr'><strong>ιι</strong></span> <span class='ocrx_word' id='word_1_723' title='bbox 797 5537 1024 5616; x_wconf 56' lang='lat' dir='ltr'><strong>June-hin</strong></span> <span class='ocrx_word' id='word_1_724' title='bbox 1049 5539 1160 5608; x_wconf 79' lang='lat' dir='ltr'><strong>ﬁlio</strong></span> <span class='ocrx_word' id='word_1_725' title='bbox 1185 5542 1414 5616; x_wconf 77' lang='lat' dir='ltr'><strong>Joacim.</strong></span> <span class='ocrx_word' id='word_1_726' title='bbox 1453 5543 1604 5610; x_wconf 85' lang='lat' dir='ltr'><strong>Quod</strong></span> <span class='ocrx_word' id='word_1_727' title='bbox 1630 5537 2134 5616; x_wconf 75' lang='lat' dir='ltr'><strong>ignoransPorphy-</strong></span> 
     </span>
    </p>
   </div>
   <div class='ocr_carea' id='block_1_92' title="bbox 536 5606 2132 5684">
    <p class='ocr_par' dir='ltr' id='par_1_92' title="bbox 536 5606 2132 5684">
     <span class='ocr_line' id='line_1_92' title="bbox 536 5606 2132 5684; baseline 0.007 -26"><span class='ocrx_word' id='word_1_728' title='bbox 536 5606 669 5672; x_wconf 81' lang='lat' dir='ltr'><strong>rius,</strong></span> <span class='ocrx_word' id='word_1_729' title='bbox 693 5618 804 5664; x_wconf 88' lang='lat' dir='ltr'><strong>etc.</strong></span> <span class='ocrx_word' id='word_1_730' title='bbox 829 5607 962 5684; x_wconf 65' lang='lat' dir='ltr'><strong>Yide</strong></span> <span class='ocrx_word' id='word_1_731' title='bbox 988 5606 1165 5679; x_wconf 83' lang='lat' dir='ltr'><strong>itaque</strong></span> <span class='ocrx_word' id='word_1_732' title='bbox 1187 5621 1242 5667; x_wconf 86' lang='lat' dir='ltr'><strong>et</strong></span> <span class='ocrx_word' id='word_1_733' title='bbox 1264 5606 1719 5669; x_wconf 44' lang='lat' dir='ltr'><strong>Commentarfin</strong></span> <span class='ocrx_word' id='word_1_734' title='bbox 1748 5615 1897 5670; x_wconf 86' lang='lat' dir='ltr'><strong>Matt.</strong></span> <span class='ocrx_word' id='word_1_735' title='bbox 1921 5606 2042 5684; x_wconf 80' lang='lat' dir='ltr'><strong>cap.</strong></span> <span class='ocrx_word' id='word_1_736' title='bbox 2077 5606 2132 5679; x_wconf 73' lang='grc' dir='ltr'><strong>ἱ,</strong></span> 
     </span>
    </p>
   </div>
   <div class='ocr_carea' id='block_1_93' title="bbox 538 5680 2052 5754">
    <p class='ocr_par' dir='ltr' id='par_1_93' title="bbox 538 5680 2052 5754">
     <span class='ocr_line' id='line_1_93' title="bbox 538 5680 2052 5754; baseline 0.004 -23"><span class='ocrx_word' id='word_1_737' title='bbox 538 5685 594 5732; x_wconf 87' lang='lat' dir='ltr'><strong>et</strong></span> <span class='ocrx_word' id='word_1_738' title='bbox 614 5680 938 5754; x_wconf 73' lang='lat' dir='ltr'><strong>qumnobis</strong></span> <span class='ocrx_word' id='word_1_739' title='bbox 967 5685 1029 5734; x_wconf 85' lang='lat' dir='ltr'><strong>ad</strong></span> <span class='ocrx_word' id='word_1_740' title='bbox 1061 5694 1350 5754; x_wconf 52' lang='lat' dir='ltr'><strong>utrumque</strong></span> <span class='ocrx_word' id='word_1_741' title='bbox 1379 5685 1558 5742; x_wconf 90' lang='lat' dir='ltr'><strong>locum</strong></span> <span class='ocrx_word' id='word_1_742' title='bbox 1589 5686 1876 5741; x_wconf 88' lang='lat' dir='ltr'><strong>observata</strong></span> <span class='ocrx_word' id='word_1_743' title='bbox 1903 5680 2052 5740; x_wconf 77' lang='lat' dir='ltr'><strong>sunt.</strong></span> 
     </span>
    </p>
   </div>
   <div class='ocr_carea' id='block_1_94' title="bbox 613 5748 2130 5828">
    <p class='ocr_par' dir='ltr' id='par_1_94' title="bbox 613 5748 2130 5828">
     <span class='ocr_line' id='line_1_94' title="bbox 613 5748 2130 5828; baseline 0.004 -25"><span class='ocrx_word' id='word_1_744' title='bbox 613 5748 639 5828; x_wconf 66' lang='grc' dir='ltr'><strong><em>ξ’</em></strong></span> <span class='ocrx_word' id='word_1_745' title='bbox 668 5750 833 5805; x_wconf 87' lang='lat' dir='ltr'><strong>Hebr.</strong></span> <span class='ocrx_word' id='word_1_746' title='bbox 865 5758 1047 5828; x_wconf 64' lang='lat' dir='ltr'><strong>mur.</strong></span> <span class='ocrx_word' id='word_1_747' title='bbox 1079 5748 1298 5810; x_wconf 75' lang='lat' dir='ltr'><strong>Zabidd.</strong></span> <span class='ocrx_word' id='word_1_748' title='bbox 1331 5755 1401 5828; x_wconf 70' lang='lat' dir='ltr'><strong>At</strong></span> <span class='ocrx_word' id='word_1_749' title='bbox 1452 5758 1504 5810; x_wconf 90' lang='lat' dir='ltr'><strong>in</strong></span> <span class='ocrx_word' id='word_1_750' title='bbox 1555 5757 1820 5828; x_wconf 80' lang='lat' dir='ltr'><strong>hodierno</strong></span> <span class='ocrx_word' id='word_1_751' title='bbox 1846 5764 2003 5828; x_wconf 80' lang='lat' dir='ltr'><strong>textu</strong></span> <span class='ocrx_word' id='word_1_752' title='bbox 2028 5755 2130 5828; x_wconf 84' lang='lat' dir='ltr'><strong>jod</strong></span> 
     </span>
    </p>
   </div>
   <div class='ocr_carea' id='block_1_95' title="bbox 541 5816 2129 5898">
    <p class='ocr_par' dir='ltr' id='par_1_95' title="bbox 541 5816 2129 5898">
     <span class='ocr_line' id='line_1_95' title="bbox 541 5816 2129 5898; baseline 0.008 -26"><span class='ocrx_word' id='word_1_753' title='bbox 541 5816 703 5876; x_wconf 87' lang='lat' dir='ltr'><strong>habet</strong></span> <span class='ocrx_word' id='word_1_754' title='bbox 732 5830 988 5890; x_wconf 89' lang='lat' dir='ltr'><strong>punctum</strong></span> <span class='ocrx_word' id='word_1_755' title='bbox 1019 5816 1076 5879; x_wconf 87' lang='lat' dir='ltr'><strong>in</strong></span> <span class='ocrx_word' id='word_1_756' title='bbox 1099 5832 1310 5898; x_wconf 88' lang='lat' dir='ltr'><strong>ventre,</strong></span> <span class='ocrx_word' id='word_1_757' title='bbox 1335 5824 1387 5882; x_wconf 91' lang='lat' dir='ltr'><strong>id</strong></span> <span class='ocrx_word' id='word_1_758' title='bbox 1415 5835 1520 5896; x_wconf 88' lang='lat' dir='ltr'><strong>est,</strong></span> <span class='ocrx_word' id='word_1_759' title='bbox 1551 5827 1605 5883; x_wconf 90' lang='lat' dir='ltr'><strong>in</strong></span> <span class='ocrx_word' id='word_1_760' title='bbox 1628 5827 1938 5884; x_wconf 90' lang='lat' dir='ltr'><strong>meditullio</strong></span> <span class='ocrx_word' id='word_1_761' title='bbox 1969 5816 2129 5898; x_wconf 58' lang='lat' dir='ltr'><strong>:q&#39;uia</strong></span> 
     </span>
    </p>
   </div>
   <div class='ocr_carea' id='block_1_96' title="bbox 2218 3317 3820 3389">
    <p class='ocr_par' dir='ltr' id='par_1_96' title="bbox 2218 3317 3820 3389">
     <span class='ocr_line' id='line_1_96' title="bbox 2218 3317 3820 3389; baseline 0.001 -17"><span class='ocrx_word' id='word_1_762' title='bbox 2218 3317 2344 3374; x_wconf 91' lang='lat' dir='ltr'><strong>fecit</strong></span> <span class='ocrx_word' id='word_1_763' title='bbox 2372 3317 2574 3372; x_wconf 89' lang='lat' dir='ltr'><strong>malum</strong></span> <span class='ocrx_word' id='word_1_764' title='bbox 2608 3332 2792 3373; x_wconf 90' lang='lat' dir='ltr'><strong>coram</strong></span> <span class='ocrx_word' id='word_1_765' title='bbox 2827 3317 3080 3384; x_wconf 90' lang='lat' dir='ltr'><strong>Domino,</strong></span> <span class='ocrx_word' id='word_1_766' title='bbox 3124 3317 3280 3388; x_wconf 85' lang='lat' dir='ltr'><strong>juxta</strong></span> <span class='ocrx_word' id='word_1_767' title='bbox 3317 3317 3498 3374; x_wconf 89' lang='lat' dir='ltr'><strong>omnia</strong></span> <span class='ocrx_word' id='word_1_768' title='bbox 3521 3333 3642 3389; x_wconf 88' lang='lat' dir='ltr'><strong>qum</strong></span> <span class='ocrx_word' id='word_1_769' title='bbox 3670 3317 3820 3374; x_wconf 88' lang='lat' dir='ltr'><strong>fece-</strong></span> 
     </span>
    </p>
   </div>
   <div class='ocr_carea' id='block_1_97' title="bbox 2219 3408 3812 3466">
    <p class='ocr_par' dir='ltr' id='par_1_97' title="bbox 2219 3408 3812 3466">
     <span class='ocr_line' id='line_1_97' title="bbox 2219 3408 3812 3466; baseline -0.001 0"><span class='ocrx_word' id='word_1_770' title='bbox 2219 3420 2304 3466; x_wconf 92' lang='lat' dir='ltr'><strong>rat</strong></span> <span class='ocrx_word' id='word_1_771' title='bbox 2330 3409 2577 3466; x_wconf 90' lang='lat' dir='ltr'><strong>Joiacim.</strong></span> <span class='ocrx_word' id='word_1_772' title='bbox 2603 3409 2943 3466; x_wconf 85' lang='lat' dir='ltr'><strong>Irascebatur</strong></span> <span class='ocrx_word' id='word_1_773' title='bbox 2967 3409 3111 3465; x_wconf 92' lang='lat' dir='ltr'><strong>enim</strong></span> <span class='ocrx_word' id='word_1_774' title='bbox 3140 3409 3402 3466; x_wconf 91' lang='lat' dir='ltr'><strong>Dominus</strong></span> <span class='ocrx_word' id='word_1_775' title='bbox 3421 3419 3608 3466; x_wconf 85' lang='lat' dir='ltr'><strong>contra</strong></span> <span class='ocrx_word' id='word_1_776' title='bbox 3651 3408 3812 3465; x_wconf 84' lang='lat' dir='ltr'><strong>Jeru-</strong></span> 
     </span>
    </p>
   </div>
   <div class='ocr_carea' id='block_1_98' title="bbox 2220 3501 3816 3572">
    <p class='ocr_par' dir='ltr' id='par_1_98' title="bbox 2220 3501 3816 3572">
     <span class='ocr_line' id='line_1_98' title="bbox 2220 3501 3816 3572; baseline 0 -16"><span class='ocrx_word' id='word_1_777' title='bbox 2220 3502 2413 3568; x_wconf 89' lang='lat' dir='ltr'><strong>salem,</strong></span> <span class='ocrx_word' id='word_1_778' title='bbox 2471 3509 2527 3556; x_wconf 91' lang='lat' dir='ltr'><strong>et</strong></span> <span class='ocrx_word' id='word_1_779' title='bbox 2577 3511 2768 3556; x_wconf 89' lang='lat' dir='ltr'><strong>contra</strong></span> <span class='ocrx_word' id='word_1_780' title='bbox 2811 3501 3028 3570; x_wconf 76' lang='lat' dir='ltr'><strong>ludam,</strong></span> <span class='ocrx_word' id='word_1_781' title='bbox 3072 3501 3246 3557; x_wconf 90' lang='lat' dir='ltr'><strong>donec</strong></span> <span class='ocrx_word' id='word_1_782' title='bbox 3297 3501 3592 3572; x_wconf 88' lang='lat' dir='ltr'><strong>projiceret</strong></span> <span class='ocrx_word' id='word_1_783' title='bbox 3638 3515 3737 3558; x_wconf 89' lang='lat' dir='ltr'><strong>eos</strong></span> <span class='ocrx_word' id='word_1_784' title='bbox 3783 3516 3816 3556; x_wconf 89' lang='lat' dir='ltr'><strong>a</strong></span> 
     </span>
    </p>
   </div>
   <div class='ocr_carea' id='block_1_99' title="bbox 2220 3593 3815 3667">
    <p class='ocr_par' dir='ltr' id='par_1_99' title="bbox 2220 3593 3815 3667">
     <span class='ocr_line' id='line_1_99' title="bbox 2220 3593 3815 3667; baseline 0.001 -18"><span class='ocrx_word' id='word_1_785' title='bbox 2220 3595 2357 3651; x_wconf 83' lang='lat' dir='ltr'><strong>facie</strong></span> <span class='ocrx_word' id='word_1_786' title='bbox 2378 3608 2477 3648; x_wconf 91' lang='lat' dir='ltr'><strong>sua</strong></span> <span class='ocrx_word' id='word_1_787' title='bbox 2507 3610 2520 3648; x_wconf 93' lang='lat'><strong>:</strong></span> <span class='ocrx_word' id='word_1_788' title='bbox 2545 3594 2874 3667; x_wconf 85' lang='lat' dir='ltr'><strong>recessitque</strong></span> <span class='ocrx_word' id='word_1_789' title='bbox 2895 3595 2983 3666; x_wconf 82' lang='lat' dir='ltr'><strong>[h.</strong></span> <span class='ocrx_word' id='word_1_790' title='bbox 3008 3593 3326 3667; x_wconf 86' lang='lat' dir='ltr'><strong>rebellavit]</strong></span> <span class='ocrx_word' id='word_1_791' title='bbox 3347 3594 3604 3652; x_wconf 89' lang='lat' dir='ltr'><strong>Sedecias</strong></span> <span class='ocrx_word' id='word_1_792' title='bbox 3621 3610 3654 3651; x_wconf 72' lang='grc' dir='ltr'>ι</span> <span class='ocrx_word' id='word_1_793' title='bbox 3687 3609 3815 3665; x_wconf 84' lang='lat' dir='ltr'><strong>rege</strong></span> 
     </span>
    </p>
   </div>
   <div class='ocr_carea' id='block_1_100' title="bbox 2222 3686 2536 3760">
    <p class='ocr_par' dir='ltr' id='par_1_100' title="bbox 2222 3686 2536 3760">
     <span class='ocr_line' id='line_1_100' title="bbox 2222 3686 2536 3760; baseline 0 -16"><span class='ocrx_word' id='word_1_794' title='bbox 2222 3686 2536 3760; x_wconf 86' lang='lat' dir='ltr'><strong>Babylonis.</strong></span> 
     </span>
    </p>
   </div>
   <div class='ocr_carea' id='block_1_101' title="bbox 2216 3889 3820 3963">
    <p class='ocr_par' dir='ltr' id='par_1_101' title="bbox 2216 3889 3820 3963">
     <span class='ocr_line' id='line_1_101' title="bbox 2216 3889 3820 3963; baseline 0 -15"><span class='ocrx_word' id='word_1_795' title='bbox 2216 3893 2447 3962; x_wconf 91' lang='lat' dir='ltr'><strong>positum</strong></span> <span class='ocrx_word' id='word_1_796' title='bbox 2476 3891 2666 3949; x_wconf 86' lang='lat' dir='ltr'><strong>dicunt</strong></span> <span class='ocrx_word' id='word_1_797' title='bbox 2693 3907 2792 3963; x_wconf 87' lang='lat' dir='ltr'><strong>pro</strong></span> <span class='ocrx_word' id='word_1_798' title='bbox 2841 3891 2957 3947; x_wconf 88' lang='lat' dir='ltr'><strong>Vau</strong></span> <span class='ocrx_word' id='word_1_799' title='bbox 2982 3893 3267 3959; x_wconf 82' lang='lat' dir='ltr'><strong>schourcc;</strong></span> <span class='ocrx_word' id='word_1_800' title='bbox 3310 3891 3454 3963; x_wconf 88' lang='lat' dir='ltr'><strong>quod</strong></span> <span class='ocrx_word' id='word_1_801' title='bbox 3495 3889 3820 3948; x_wconf 81' lang='lat' dir='ltr'><strong>scholiastes</strong></span> 
     </span>
    </p>
   </div>
   <div class='ocr_carea' id='block_1_102' title="bbox 2214 3963 3822 4036">
    <p class='ocr_par' dir='ltr' id='par_1_102' title="bbox 2214 3963 3822 4036">
     <span class='ocr_line' id='line_1_102' title="bbox 2214 3963 3822 4036; baseline 0 -18"><span class='ocrx_word' id='word_1_802' title='bbox 2214 3965 2450 4036; x_wconf 78' lang='lat' dir='ltr'><strong>Canonis</strong></span> <span class='ocrx_word' id='word_1_803' title='bbox 2498 3965 2704 4020; x_wconf 89' lang='lat' dir='ltr'><strong>invenit</strong></span> <span class='ocrx_word' id='word_1_804' title='bbox 2739 3964 2792 4019; x_wconf 89' lang='lat' dir='ltr'><strong>in</strong></span> <span class='ocrx_word' id='word_1_805' title='bbox 2847 3964 3304 4036; x_wconf 23' lang='lat' dir='ltr'><strong>suoﬂexemplari</strong></span> <span class='ocrx_word' id='word_1_806' title='bbox 3351 3963 3642 4031; x_wconf 87' lang='lat' dir='ltr'><strong>Hebraico,</strong></span> <span class='ocrx_word' id='word_1_807' title='bbox 3697 3979 3822 4019; x_wconf 87' lang='lat' dir='ltr'><strong>nam</strong></span> 
     </span>
    </p>
   </div>
   <div class='ocr_carea' id='block_1_103' title="bbox 2214 4035 3412 4108">
    <p class='ocr_par' dir='ltr' id='par_1_103' title="bbox 2214 4035 3412 4108">
     <span class='ocr_line' id='line_1_103' title="bbox 2214 4035 3412 4108; baseline -0.001 -17"><span class='ocrx_word' id='word_1_808' title='bbox 2214 4035 2427 4108; x_wconf 67' lang='lat' dir='ltr'><strong>Zebuda</strong></span> <span class='ocrx_word' id='word_1_809' title='bbox 2456 4037 2642 4108; x_wconf 90' lang='lat' dir='ltr'><strong>posuit</strong></span> <span class='ocrx_word' id='word_1_810' title='bbox 2673 4036 2725 4090; x_wconf 91' lang='lat' dir='ltr'><strong>in</strong></span> <span class='ocrx_word' id='word_1_811' title='bbox 2750 4044 2926 4108; x_wconf 76' lang='lat' dir='ltr'><strong>textu.</strong></span> <span class='ocrx_word' id='word_1_812' title='bbox 2961 4035 3141 4108; x_wconf 65' lang='lat' dir='ltr'><strong>Manr.</strong></span> <span class='ocrx_word' id='word_1_813' title='bbox 3168 4035 3177 4036; x_wconf 50' lang='grc'><strong>“</strong></span> 
     </span>
    </p>
   </div>
   <div class='ocr_carea' id='block_1_104' title="bbox 2294 4103 3820 4174">
    <p class='ocr_par' dir='ltr' id='par_1_104' title="bbox 2294 4103 3820 4174">
     <span class='ocr_line' id='line_1_104' title="bbox 2294 4103 3820 4174; baseline 0 -14"><span class='ocrx_word' id='word_1_814' title='bbox 2294 4117 2314 4143; x_wconf 77' lang='grc' dir='ltr'><strong>ο</strong></span> <span class='ocrx_word' id='word_1_815' title='bbox 2339 4103 2524 4160; x_wconf 79' lang='lat' dir='ltr'><strong>Prima</strong></span> <span class='ocrx_word' id='word_1_816' title='bbox 2581 4122 2742 4160; x_wconf 81' lang='lat' dir='ltr'><strong>manu</strong></span> <span class='ocrx_word' id='word_1_817' title='bbox 2796 4105 2874 4160; x_wconf 90' lang='lat' dir='ltr'><strong>sic</strong></span> <span class='ocrx_word' id='word_1_818' title='bbox 2900 4105 3132 4174; x_wconf 90' lang='lat' dir='ltr'><strong>positum</strong></span> <span class='ocrx_word' id='word_1_819' title='bbox 3163 4115 3340 4162; x_wconf 84' lang='lat' dir='ltr'><strong>exstat</strong></span> <span class='ocrx_word' id='word_1_820' title='bbox 3371 4103 3506 4160; x_wconf 91' lang='lat' dir='ltr'><strong>illud</strong></span> <span class='ocrx_word' id='word_1_821' title='bbox 3539 4119 3735 4160; x_wconf 90' lang='lat' dir='ltr'><strong>nomen</strong></span> <span class='ocrx_word' id='word_1_822' title='bbox 3766 4104 3820 4160; x_wconf 87' lang='lat' dir='ltr'><strong>in</strong></span> 
     </span>
    </p>
   </div>
   <div class='ocr_carea' id='block_1_105' title="bbox 2215 4175 3821 4244">
    <p class='ocr_par' dir='ltr' id='par_1_105' title="bbox 2215 4175 3821 4244">
     <span class='ocr_line' id='line_1_105' title="bbox 2215 4175 3821 4244; baseline -0.002 -11"><span class='ocrx_word' id='word_1_823' title='bbox 2215 4177 2439 4233; x_wconf 90' lang='lat' dir='ltr'><strong>Canone</strong></span> <span class='ocrx_word' id='word_1_824' title='bbox 2483 4176 2648 4232; x_wconf 87' lang='lat' dir='ltr'><strong>Hebr.</strong></span> <span class='ocrx_word' id='word_1_825' title='bbox 2683 4177 2951 4241; x_wconf 88' lang='lat' dir='ltr'><strong>veritatis,</strong></span> <span class='ocrx_word' id='word_1_826' title='bbox 3001 4186 3056 4232; x_wconf 87' lang='lat' dir='ltr'><strong>et</strong></span> <span class='ocrx_word' id='word_1_827' title='bbox 3109 4177 3326 4244; x_wconf 89' lang='lat' dir='ltr'><strong>merito,</strong></span> <span class='ocrx_word' id='word_1_828' title='bbox 3373 4191 3496 4231; x_wconf 90' lang='lat' dir='ltr'><strong>nam</strong></span> <span class='ocrx_word' id='word_1_829' title='bbox 3552 4177 3606 4229; x_wconf 90' lang='lat' dir='ltr'><strong>in</strong></span> <span class='ocrx_word' id='word_1_830' title='bbox 3653 4175 3821 4230; x_wconf 90' lang='lat' dir='ltr'><strong>Hebr.</strong></span> 
     </span>
    </p>
   </div>
   <div class='ocr_carea' id='block_1_106' title="bbox 2220 4245 3826 4335">
    <p class='ocr_par' dir='ltr' id='par_1_106' title="bbox 2220 4245 3826 4335">
     <span class='ocr_line' id='line_1_106' title="bbox 2220 4245 3826 4335; baseline -0.001 -32"><span class='ocrx_word' id='word_1_831' title='bbox 2220 4249 2478 4318; x_wconf 90' lang='lat' dir='ltr'><strong>scriptum</strong></span> <span class='ocrx_word' id='word_1_832' title='bbox 2529 4247 2726 4318; x_wconf 91' lang='lat' dir='ltr'><strong>legitur</strong></span> <span class='ocrx_word' id='word_1_833' title='bbox 2773 4256 2992 4335; x_wconf 53' lang='lat' dir='ltr'><strong>parum,</strong></span> <span class='ocrx_word' id='word_1_834' title='bbox 3035 4247 3386 4314; x_wconf 81' lang='lat' dir='ltr'><strong>Jchoiacltiu,</strong></span> <span class='ocrx_word' id='word_1_835' title='bbox 3437 4247 3524 4302; x_wconf 90' lang='lat' dir='ltr'><strong>vel</strong></span> <span class='ocrx_word' id='word_1_836' title='bbox 3576 4245 3826 4302; x_wconf 75' lang='lat' dir='ltr'><strong>Joiachirt</strong></span> 
     </span>
    </p>
   </div>
   <div class='ocr_carea' id='block_1_107' title="bbox 2223 4337 3544 4409">
    <p class='ocr_par' dir='ltr' id='par_1_107' title="bbox 2223 4337 3544 4409">
     <span class='ocr_line' id='line_1_107' title="bbox 2223 4337 3544 4409; baseline -0.002 -15"><span class='ocrx_word' id='word_1_837' title='bbox 2223 4346 2445 4409; x_wconf 86' lang='lat' dir='ltr'><strong>propter</strong></span> <span class='ocrx_word' id='word_1_838' title='bbox 2472 4337 2708 4393; x_wconf 89' lang='lat' dir='ltr'><strong>otiosum</strong></span> <span class='ocrx_word' id='word_1_839' title='bbox 2739 4349 2778 4397; x_wconf 76' lang='lat' dir='ltr'><strong>rt</strong></span> <span class='ocrx_word' id='word_1_840' title='bbox 2815 4338 3048 4409; x_wconf 73' lang='lat' dir='ltr'><strong>heapud</strong></span> <span class='ocrx_word' id='word_1_841' title='bbox 3081 4347 3317 4394; x_wconf 90' lang='lat' dir='ltr'><strong>veteres.</strong></span> <span class='ocrx_word' id='word_1_842' title='bbox 3364 4339 3544 4393; x_wconf 71' lang='lat' dir='ltr'><strong>Mur.</strong></span> 
     </span>
    </p>
   </div>
   <div class='ocr_carea' id='block_1_108' title="bbox 2301 4408 3827 4476">
    <p class='ocr_par' dir='ltr' id='par_1_108' title="bbox 2301 4408 3827 4476">
     <span class='ocr_line' id='line_1_108' title="bbox 2301 4408 3827 4476; baseline 0.001 -13"><span class='ocrx_word' id='word_1_843' title='bbox 2301 4439 2372 4450; x_wconf 92' lang='lat'><strong>-—</strong></span> <span class='ocrx_word' id='word_1_844' title='bbox 2390 4409 2430 4463; x_wconf 87' lang='lat' dir='ltr'><strong>E</strong></span> <span class='ocrx_word' id='word_1_845' title='bbox 2450 4409 2725 4464; x_wconf 88' lang='lat' dir='ltr'><strong>contrario</strong></span> <span class='ocrx_word' id='word_1_846' title='bbox 2740 4409 2864 4464; x_wconf 89' lang='lat' dir='ltr'><strong>cod.</strong></span> <span class='ocrx_word' id='word_1_847' title='bbox 2885 4408 3188 4466; x_wconf 82' lang='lat' dir='ltr'><strong>Veronens.</strong></span> <span class='ocrx_word' id='word_1_848' title='bbox 3209 4410 3262 4465; x_wconf 92' lang='lat' dir='ltr'><strong>in</strong></span> <span class='ocrx_word' id='word_1_849' title='bbox 3281 4409 3827 4476; x_wconf 89' lang='lat' dir='ltr'><strong>recapitulationibus</strong></span> 
     </span>
    </p>
   </div>
   <div class='ocr_carea' id='block_1_109' title="bbox 2225 4477 3500 4549">
    <p class='ocr_par' dir='ltr' id='par_1_109' title="bbox 2225 4477 3500 4549">
     <span class='ocr_line' id='line_1_109' title="bbox 2225 4477 3500 4549; baseline 0 -15"><span class='ocrx_word' id='word_1_850' title='bbox 2225 4479 2290 4534; x_wconf 82' lang='lat' dir='ltr'><strong>ad</strong></span> <span class='ocrx_word' id='word_1_851' title='bbox 2308 4496 2468 4549; x_wconf 11' lang='lat' dir='ltr'><strong>gnum.</strong></span> <span class='ocrx_word' id='word_1_852' title='bbox 2497 4496 2678 4546; x_wconf 77' lang='lat' dir='ltr'><strong>xxxw,</strong></span> <span class='ocrx_word' id='word_1_853' title='bbox 2713 4477 2792 4533; x_wconf 89' lang='lat' dir='ltr'><strong>De</strong></span> <span class='ocrx_word' id='word_1_854' title='bbox 2813 4477 3040 4534; x_wconf 81' lang='lat' dir='ltr'><strong>Joacltin</strong></span> <span class='ocrx_word' id='word_1_855' title='bbox 3079 4480 3194 4549; x_wconf 81' lang='lat' dir='ltr'><strong>ﬁlio</strong></span> <span class='ocrx_word' id='word_1_856' title='bbox 3215 4479 3500 4534; x_wconf 84' lang='lat' dir='ltr'><strong>Joiachim.</strong></span> 
     </span>
    </p>
   </div>
   <div class='ocr_carea' id='block_1_110' title="bbox 2296 4547 3825 4618">
    <p class='ocr_par' dir='ltr' id='par_1_110' title="bbox 2296 4547 3825 4618">
     <span class='ocr_line' id='line_1_110' title="bbox 2296 4547 3825 4618; baseline -0.001 -14"><span class='ocrx_word' id='word_1_857' title='bbox 2296 4547 2322 4587; x_wconf 75' lang='grc' dir='ltr'><em>ά</em></span> <span class='ocrx_word' id='word_1_858' title='bbox 2357 4549 2556 4606; x_wconf 82' lang='lat' dir='ltr'><strong>Neusta</strong></span> <span class='ocrx_word' id='word_1_859' title='bbox 2583 4551 2881 4606; x_wconf 89' lang='lat' dir='ltr'><strong>secundum</strong></span> <span class='ocrx_word' id='word_1_860' title='bbox 2907 4547 3105 4618; x_wconf 82' lang='lat' dir='ltr'><strong>puncta</strong></span> <span class='ocrx_word' id='word_1_861' title='bbox 3125 4551 3332 4607; x_wconf 87' lang='lat' dir='ltr'><strong>vocalia</strong></span> <span class='ocrx_word' id='word_1_862' title='bbox 3359 4550 3825 4606; x_wconf 82' lang='lat' dir='ltr'><strong>Massorctltarum</strong></span> 
     </span>
    </p>
   </div>
   <div class='ocr_carea' id='block_1_111' title="bbox 2227 4621 3832 4693">
    <p class='ocr_par' dir='ltr' id='par_1_111' title="bbox 2227 4621 3832 4693">
     <span class='ocr_line' id='line_1_111' title="bbox 2227 4621 3832 4693; baseline 0.001 -17"><span class='ocrx_word' id='word_1_863' title='bbox 2227 4621 2282 4676; x_wconf 92' lang='lat' dir='ltr'><strong>in</strong></span> <span class='ocrx_word' id='word_1_864' title='bbox 2308 4621 2529 4678; x_wconf 90' lang='lat' dir='ltr'><strong>Canone</strong></span> <span class='ocrx_word' id='word_1_865' title='bbox 2559 4621 2848 4678; x_wconf 86' lang='lat' dir='ltr'><strong>emendato</strong></span> <span class='ocrx_word' id='word_1_866' title='bbox 2880 4623 3206 4692; x_wconf 90' lang='lat' dir='ltr'><strong>reperimus.</strong></span> <span class='ocrx_word' id='word_1_867' title='bbox 3256 4622 3442 4693; x_wconf 57' lang='lat' dir='ltr'><strong>Manu.</strong></span> <span class='ocrx_word' id='word_1_868' title='bbox 3489 4652 3561 4663; x_wconf 91' lang='lat'><strong><em>—</em></strong></span> <span class='ocrx_word' id='word_1_869' title='bbox 3592 4622 3832 4693; x_wconf 89' lang='lat' dir='ltr'><strong>Sequior</strong></span> 
     </span>
    </p>
   </div>
   <div class='ocr_carea' id='block_1_112' title="bbox 2227 4692 3583 4764">
    <p class='ocr_par' dir='ltr' id='par_1_112' title="bbox 2227 4692 3583 4764">
     <span class='ocr_line' id='line_1_112' title="bbox 2227 4692 3583 4764; baseline -0.001 -16"><span class='ocrx_word' id='word_1_870' title='bbox 2227 4707 2418 4748; x_wconf 90' lang='lat' dir='ltr'><strong>manus</strong></span> <span class='ocrx_word' id='word_1_871' title='bbox 2457 4694 2510 4747; x_wconf 94' lang='lat' dir='ltr'><strong>in</strong></span> <span class='ocrx_word' id='word_1_872' title='bbox 2541 4693 2664 4747; x_wconf 89' lang='lat' dir='ltr'><strong>cod.</strong></span> <span class='ocrx_word' id='word_1_873' title='bbox 2695 4693 2994 4764; x_wconf 84' lang='lat' dir='ltr'><strong>Veronensi</strong></span> <span class='ocrx_word' id='word_1_874' title='bbox 3012 4693 3302 4764; x_wconf 80' lang='lat' dir='ltr'><strong>rescripsit</strong></span> <span class='ocrx_word' id='word_1_875' title='bbox 3334 4692 3583 4748; x_wconf 78' lang='lat' dir='ltr'><strong>Nabcsta.</strong></span> 
     </span>
    </p>
   </div>
   <div class='ocr_carea' id='block_1_113' title="bbox 2303 4763 3825 4820">
    <p class='ocr_par' dir='ltr' id='par_1_113' title="bbox 2303 4763 3825 4820">
     <span class='ocr_line' id='line_1_113' title="bbox 2303 4763 3825 4820; baseline 0 -2"><span class='ocrx_word' id='word_1_876' title='bbox 2303 4764 2679 4820; x_wconf 79' lang='lat' dir='ltr'><strong>°Decennium</strong></span> <span class='ocrx_word' id='word_1_877' title='bbox 2732 4763 2884 4817; x_wconf 92' lang='lat' dir='ltr'><strong>addit</strong></span> <span class='ocrx_word' id='word_1_878' title='bbox 2932 4763 3058 4819; x_wconf 89' lang='lat' dir='ltr'><strong>huic</strong></span> <span class='ocrx_word' id='word_1_879' title='bbox 3109 4763 3335 4819; x_wconf 88' lang='lat' dir='ltr'><strong>numero</strong></span> <span class='ocrx_word' id='word_1_880' title='bbox 3386 4764 3825 4820; x_wconf 85' lang='lat' dir='ltr'><strong>Veronens.ms.</strong></span> 
     </span>
    </p>
   </div>
   <div class='ocr_carea' id='block_1_114' title="bbox 2227 4833 3835 4905">
    <p class='ocr_par' dir='ltr' id='par_1_114' title="bbox 2227 4833 3835 4905">
     <span class='ocr_line' id='line_1_114' title="bbox 2227 4833 3835 4905; baseline -0.002 -14"><span class='ocrx_word' id='word_1_881' title='bbox 2227 4835 2466 4905; x_wconf 89' lang='lat' dir='ltr'><strong>legitque</strong></span> <span class='ocrx_word' id='word_1_882' title='bbox 2488 4845 2668 4905; x_wconf 79' lang='lat' dir='ltr'><strong>octavo</strong></span> <span class='ocrx_word' id='word_1_883' title='bbox 2698 4833 2915 4897; x_wconf 88' lang='lat' dir='ltr'><strong>decimo,</strong></span> <span class='ocrx_word' id='word_1_884' title='bbox 2951 4834 3096 4903; x_wconf 88' lang='lat' dir='ltr'><strong>quod</strong></span> <span class='ocrx_word' id='word_1_885' title='bbox 3126 4836 3461 4904; x_wconf 85' lang='lat' dir='ltr'><strong>ignoramus,</strong></span> <span class='ocrx_word' id='word_1_886' title='bbox 3502 4851 3613 4904; x_wconf 83' lang='lat' dir='ltr'><strong>quo</strong></span> <span class='ocrx_word' id='word_1_887' title='bbox 3647 4843 3835 4889; x_wconf 80' lang='lat' dir='ltr'><strong>aucto-</strong></span> 
     </span>
    </p>
   </div>
   <div class='ocr_carea' id='block_1_115' title="bbox 2225 4904 3835 4976">
    <p class='ocr_par' dir='ltr' id='par_1_115' title="bbox 2225 4904 3835 4976">
     <span class='ocr_line' id='line_1_115' title="bbox 2225 4904 3835 4976; baseline -0.001 -14"><span class='ocrx_word' id='word_1_888' title='bbox 2225 4904 2524 4962; x_wconf 82' lang='lat' dir='ltr'><strong>refecerit.</strong></span> <span class='ocrx_word' id='word_1_889' title='bbox 2557 4904 2830 4959; x_wconf 88' lang='lat' dir='ltr'><strong>Fortassis</strong></span> <span class='ocrx_word' id='word_1_890' title='bbox 2856 4916 3036 4960; x_wconf 88' lang='lat' dir='ltr'><strong>tamen</strong></span> <span class='ocrx_word' id='word_1_891' title='bbox 3068 4909 3271 4960; x_wconf 84' lang='lat' dir='ltr'><strong>’notam</strong></span> <span class='ocrx_word' id='word_1_892' title='bbox 3302 4905 3683 4976; x_wconf 88' lang='lat' dir='ltr'><strong>marginalem,</strong></span> <span class='ocrx_word' id='word_1_893' title='bbox 3716 4907 3835 4960; x_wconf 84' lang='lat' dir='ltr'><strong>sive</strong></span> 
     </span>
    </p>
   </div>
   <div class='ocr_carea' id='block_1_116' title="bbox 2227 4976 3835 5045">
    <p class='ocr_par' dir='ltr' id='par_1_116' title="bbox 2227 4976 3835 5045">
     <span class='ocr_line' id='line_1_116' title="bbox 2227 4976 3835 5045; baseline 0.001 -15"><span class='ocrx_word' id='word_1_894' title='bbox 2227 4976 2573 5042; x_wconf 87' lang='lat' dir='ltr'><strong>asteriscum,</strong></span> <span class='ocrx_word' id='word_1_895' title='bbox 2606 4990 2766 5045; x_wconf 88' lang='lat' dir='ltr'><strong>quem</strong></span> <span class='ocrx_word' id='word_1_896' title='bbox 2809 4989 2841 5030; x_wconf 91' lang='lat' dir='ltr'><strong>e</strong></span> <span class='ocrx_word' id='word_1_897' title='bbox 2885 4977 3111 5045; x_wconf 89' lang='lat' dir='ltr'><strong>regione</strong></span> <span class='ocrx_word' id='word_1_898' title='bbox 3152 4977 3444 5032; x_wconf 90' lang='lat' dir='ltr'><strong>illustrium</strong></span> <span class='ocrx_word' id='word_1_899' title='bbox 3484 4980 3722 5032; x_wconf 89' lang='lat' dir='ltr'><strong>maxime</strong></span> <span class='ocrx_word' id='word_1_900' title='bbox 3749 4977 3835 5031; x_wconf 86' lang='lat' dir='ltr'><strong>lo-</strong></span> 
     </span>
    </p>
   </div>
   <div class='ocr_carea' id='block_1_117' title="bbox 2228 5046 3834 5116">
    <p class='ocr_par' dir='ltr' id='par_1_117' title="bbox 2228 5046 3834 5116">
     <span class='ocr_line' id='line_1_117' title="bbox 2228 5046 3834 5116; baseline -0.001 -15"><span class='ocrx_word' id='word_1_901' title='bbox 2228 5061 2420 5102; x_wconf 90' lang='lat' dir='ltr'><strong>corum</strong></span> <span class='ocrx_word' id='word_1_902' title='bbox 2477 5046 2791 5115; x_wconf 90' lang='lat' dir='ltr'><strong>apposuerit</strong></span> <span class='ocrx_word' id='word_1_903' title='bbox 2836 5048 3112 5102; x_wconf 88' lang='lat' dir='ltr'><strong>studiosus</strong></span> <span class='ocrx_word' id='word_1_904' title='bbox 3168 5061 3464 5114; x_wconf 89' lang='lat' dir='ltr'><strong>nonnemo,</strong></span> <span class='ocrx_word' id='word_1_905' title='bbox 3521 5048 3834 5116; x_wconf 87' lang='lat' dir='ltr'><strong>prmscrtim</strong></span> 
     </span>
    </p>
   </div>
   <div class='ocr_carea' id='block_1_118' title="bbox 2230 5116 3837 5186">
    <p class='ocr_par' dir='ltr' id='par_1_118' title="bbox 2230 5116 3837 5186">
     <span class='ocr_line' id='line_1_118' title="bbox 2230 5116 3837 5186; baseline -0.001 -14"><span class='ocrx_word' id='word_1_906' title='bbox 2230 5117 2324 5172; x_wconf 89' lang='lat' dir='ltr'><strong>ubi</strong></span> <span class='ocrx_word' id='word_1_907' title='bbox 2354 5116 2478 5170; x_wconf 86' lang='lat' dir='ltr'><strong>facti</strong></span> <span class='ocrx_word' id='word_1_908' title='bbox 2509 5117 2740 5185; x_wconf 88' lang='lat' dir='ltr'><strong>alicujus</strong></span> <span class='ocrx_word' id='word_1_909' title='bbox 2761 5117 3076 5186; x_wconf 84' lang='lat' dir='ltr'><strong>insignioris</strong></span> <span class='ocrx_word' id='word_1_910' title='bbox 3097 5118 3387 5173; x_wconf 89' lang='lat' dir='ltr'><strong>denotatur</strong></span> <span class='ocrx_word' id='word_1_911' title='bbox 3413 5133 3609 5184; x_wconf 90' lang='lat' dir='ltr'><strong>annus,</strong></span> <span class='ocrx_word' id='word_1_912' title='bbox 3645 5126 3837 5172; x_wconf 87' lang='lat' dir='ltr'><strong>noster</strong></span> 
     </span>
    </p>
   </div>
   <div class='ocr_carea' id='block_1_119' title="bbox 2232 5187 3837 5258">
    <p class='ocr_par' dir='ltr' id='par_1_119' title="bbox 2232 5187 3837 5258">
     <span class='ocr_line' id='line_1_119' title="bbox 2232 5187 3837 5258; baseline 0 -15"><span class='ocrx_word' id='word_1_913' title='bbox 2232 5187 2584 5256; x_wconf 74' lang='lat' dir='ltr'><strong>Antiquarius</strong></span> <span class='ocrx_word' id='word_1_914' title='bbox 2639 5187 2854 5257; x_wconf 90' lang='lat' dir='ltr'><strong>accepit</strong></span> <span class='ocrx_word' id='word_1_915' title='bbox 2898 5203 2996 5257; x_wconf 94' lang='lat' dir='ltr'><strong>pro</strong></span> <span class='ocrx_word' id='word_1_916' title='bbox 3047 5189 3288 5245; x_wconf 78' lang='lat' dir='ltr'><strong>Romana</strong></span> <span class='ocrx_word' id='word_1_917' title='bbox 3340 5196 3468 5244; x_wconf 88' lang='lat' dir='ltr'><strong>nota</strong></span> <span class='ocrx_word' id='word_1_918' title='bbox 3513 5202 3837 5258; x_wconf 84' lang='lat' dir='ltr'><strong>x,eamque</strong></span> 
     </span>
    </p>
   </div>
   <div class='ocr_carea' id='block_1_120' title="bbox 2233 5260 3844 5330">
    <p class='ocr_par' dir='ltr' id='par_1_120' title="bbox 2233 5260 3844 5330">
     <span class='ocr_line' id='line_1_120' title="bbox 2233 5260 3844 5330; baseline -0.001 -16"><span class='ocrx_word' id='word_1_919' title='bbox 2233 5267 2442 5314; x_wconf 87' lang='lat' dir='ltr'><strong>temere</strong></span> <span class='ocrx_word' id='word_1_920' title='bbox 2468 5266 2521 5313; x_wconf 87' lang='lat' dir='ltr'><strong>in</strong></span> <span class='ocrx_word' id='word_1_921' title='bbox 2544 5265 2692 5313; x_wconf 89' lang='lat' dir='ltr'><strong>textu</strong></span> <span class='ocrx_word' id='word_1_922' title='bbox 2716 5260 3060 5328; x_wconf 87' lang='lat' dir='ltr'><strong>supputavit:</strong></span> <span class='ocrx_word' id='word_1_923' title='bbox 3081 5275 3203 5316; x_wconf 89' lang='lat' dir='ltr'><strong>nam</strong></span> <span class='ocrx_word' id='word_1_924' title='bbox 3226 5271 3284 5315; x_wconf 91' lang='lat' dir='ltr'><strong>et</strong></span> <span class='ocrx_word' id='word_1_925' title='bbox 3303 5260 3652 5330; x_wconf 83' lang='lat' dir='ltr'><strong>suprasemel</strong></span> <span class='ocrx_word' id='word_1_926' title='bbox 3677 5269 3844 5327; x_wconf 86' lang='lat' dir='ltr'><strong>atque</strong></span> 
     </span>
    </p>
   </div>
   <div class='ocr_carea' id='block_1_121' title="bbox 2235 5331 3838 5400">
    <p class='ocr_par' dir='ltr' id='par_1_121' title="bbox 2235 5331 3838 5400">
     <span class='ocr_line' id='line_1_121' title="bbox 2235 5331 3838 5400; baseline -0.001 -16"><span class='ocrx_word' id='word_1_927' title='bbox 2235 5331 2451 5394; x_wconf 91' lang='lat' dir='ltr'><strong>iterum,</strong></span> <span class='ocrx_word' id='word_1_928' title='bbox 2480 5344 2744 5384; x_wconf 90' lang='lat' dir='ltr'><strong>annorum</strong></span> <span class='ocrx_word' id='word_1_929' title='bbox 2773 5335 3165 5400; x_wconf 76' lang='lat' dir='ltr'><strong>summm&#39;quos</strong></span> <span class='ocrx_word' id='word_1_930' title='bbox 3216 5331 3494 5400; x_wconf 84' lang='lat' dir='ltr'><strong>Scriptura</strong></span> <span class='ocrx_word' id='word_1_931' title='bbox 3548 5331 3797 5400; x_wconf 85' lang='lat' dir='ltr'><strong>designat</strong></span> <span class='ocrx_word' id='word_1_932' title='bbox 3822 5370 3838 5393; x_wconf 88' lang='lat'><strong><em>.</em></strong></span> 
     </span>
    </p>
   </div>
   <div class='ocr_carea' id='block_1_122' title="bbox 2233 5401 3844 5472">
    <p class='ocr_par' dir='ltr' id='par_1_122' title="bbox 2233 5401 3844 5472">
     <span class='ocr_line' id='line_1_122' title="bbox 2233 5401 3844 5472; baseline -0.001 -16"><span class='ocrx_word' id='word_1_933' title='bbox 2233 5401 2556 5456; x_wconf 85' lang='lat' dir='ltr'><strong>decennium</strong></span> <span class='ocrx_word' id='word_1_934' title='bbox 2587 5401 2881 5472; x_wconf 87' lang='lat' dir='ltr'><strong>superaddi</strong></span> <span class='ocrx_word' id='word_1_935' title='bbox 2906 5411 3097 5456; x_wconf 85' lang='lat' dir='ltr'><strong>contra</strong></span> <span class='ocrx_word' id='word_1_936' title='bbox 3127 5403 3386 5458; x_wconf 87' lang='lat' dir='ltr'><strong>librorum</strong></span> <span class='ocrx_word' id='word_1_937' title='bbox 3420 5403 3662 5458; x_wconf 86' lang='lat' dir='ltr'><strong>omnium</strong></span> <span class='ocrx_word' id='word_1_938' title='bbox 3681 5401 3844 5456; x_wconf 79' lang='lat' dir='ltr'><strong>[idem</strong></span> 
     </span>
    </p>
   </div>
   <div class='ocr_carea' id='block_1_123' title="bbox 2235 5471 3184 5530">
    <p class='ocr_par' dir='ltr' id='par_1_123' title="bbox 2235 5471 3184 5530">
     <span class='ocr_line' id='line_1_123' title="bbox 2235 5471 3184 5530; baseline 0.001 -2"><span class='ocrx_word' id='word_1_939' title='bbox 2235 5473 2288 5528; x_wconf 89' lang='lat' dir='ltr'><strong>in</strong></span> <span class='ocrx_word' id='word_1_940' title='bbox 2317 5471 2507 5527; x_wconf 91' lang='lat' dir='ltr'><strong>eodem</strong></span> <span class='ocrx_word' id='word_1_941' title='bbox 2542 5471 3184 5530; x_wconf 47' lang='lat' dir='ltr'><strong>ms.’animadvertimus.</strong></span> 
     </span>
    </p>
   </div>
   <div class='ocr_carea' id='block_1_124' title="bbox 2314 5542 3846 5614">
    <p class='ocr_par' dir='ltr' id='par_1_124' title="bbox 2314 5542 3846 5614">
     <span class='ocr_line' id='line_1_124' title="bbox 2314 5542 3846 5614; baseline -0.001 -16"><span class='ocrx_word' id='word_1_942' title='bbox 2314 5543 2333 5580; x_wconf 73' lang='grc' dir='ltr'><em>τ</em></span> <span class='ocrx_word' id='word_1_943' title='bbox 2361 5543 2616 5614; x_wconf 78' lang='lat' dir='ltr'><strong>Scholion</strong></span> <span class='ocrx_word' id='word_1_944' title='bbox 2640 5543 2937 5614; x_wconf 87' lang='lat' dir='ltr'><strong>marginale</strong></span> <span class='ocrx_word' id='word_1_945' title='bbox 2963 5545 3220 5614; x_wconf 88' lang='lat' dir='ltr'><strong>superius</strong></span> <span class='ocrx_word' id='word_1_946' title='bbox 3245 5542 3312 5597; x_wconf 89' lang='lat' dir='ltr'><strong>ad</strong></span> <span class='ocrx_word' id='word_1_947' title='bbox 3335 5557 3481 5600; x_wconf 88' lang='lat' dir='ltr'><strong>vers.</strong></span> <span class='ocrx_word' id='word_1_948' title='bbox 3515 5543 3582 5598; x_wconf 80' lang='grc'><strong>51</strong></span> <span class='ocrx_word' id='word_1_949' title='bbox 3611 5542 3846 5611; x_wconf 73' lang='lat' dir='ltr'><strong>Capituli</strong></span> 
     </span>
    </p>
   </div>
   <div class='ocr_carea' id='block_1_125' title="bbox 2238 5613 3850 5686">
    <p class='ocr_par' dir='ltr' id='par_1_125' title="bbox 2238 5613 3850 5686">
     <span class='ocr_line' id='line_1_125' title="bbox 2238 5613 3850 5686; baseline -0.001 -18"><span class='ocrx_word' id='word_1_950' title='bbox 2238 5613 2906 5686; x_wconf 76' lang='lat' dir='ltr'><strong>prmcedentis_positum,</strong></span> <span class='ocrx_word' id='word_1_951' title='bbox 2958 5613 3047 5686; x_wconf 73' lang='lat' dir='ltr'><strong>hic</strong></span> <span class='ocrx_word' id='word_1_952' title='bbox 3097 5616 3152 5669; x_wconf 89' lang='lat' dir='ltr'><strong>in</strong></span> <span class='ocrx_word' id='word_1_953' title='bbox 3196 5624 3508 5672; x_wconf 83' lang='lat' dir='ltr'><strong>contextum</strong></span> <span class='ocrx_word' id='word_1_954' title='bbox 3562 5615 3850 5686; x_wconf 84' lang='lat' dir='ltr'><strong>transtulit</strong></span> 
     </span>
    </p>
   </div>
   <div class='ocr_carea' id='block_1_126' title="bbox 2238 5679 3843 5752">
    <p class='ocr_par' dir='ltr' id='par_1_126' title="bbox 2238 5679 3843 5752">
     <span class='ocr_line' id='line_1_126' title="bbox 2238 5679 3843 5752; baseline -0.001 -12"><span class='ocrx_word' id='word_1_955' title='bbox 2238 5679 2565 5740; x_wconf 77' lang='lat' dir='ltr'><strong>emendator</strong></span> <span class='ocrx_word' id='word_1_956' title='bbox 2594 5679 2834 5741; x_wconf 66' lang='lat' dir='ltr'><strong>Cimonis</strong></span> <span class='ocrx_word' id='word_1_957' title='bbox 2866 5679 3038 5740; x_wconf 54' lang='lat' dir='ltr'><strong>Hebr.‘</strong></span> <span class='ocrx_word' id='word_1_958' title='bbox 3067 5686 3333 5752; x_wconf 84' lang='lat' dir='ltr'><strong>veritatis,</strong></span> <span class='ocrx_word' id='word_1_959' title='bbox 3386 5686 3597 5740; x_wconf 81' lang='lat' dir='ltr'><strong>Amutal</strong></span> <span class='ocrx_word' id='word_1_960' title='bbox 3627 5685 3843 5740; x_wconf 85' lang='lat' dir='ltr'><strong>scilicet</strong></span> 
     </span>
    </p>
   </div>
   <div class='ocr_carea' id='block_1_127' title="bbox 2239 5755 3847 5884">
    <p class='ocr_par' dir='ltr' id='par_1_127' title="bbox 2239 5755 3847 5884">
     <span class='ocr_line' id='line_1_127' title="bbox 2239 5755 3847 5829; baseline 0.004 -24"><span class='ocrx_word' id='word_1_961' title='bbox 2239 5771 2337 5824; x_wconf 78' lang='lat' dir='ltr'><strong>pro</strong></span> <span class='ocrx_word' id='word_1_962' title='bbox 2365 5755 2581 5821; x_wconf 87' lang='lat' dir='ltr'><strong>Amital,</strong></span> <span class='ocrx_word' id='word_1_963' title='bbox 2610 5756 2679 5812; x_wconf 93' lang='lat' dir='ltr'><strong>de</strong></span> <span class='ocrx_word' id='word_1_964' title='bbox 2698 5773 2806 5829; x_wconf 90' lang='lat' dir='ltr'><strong>quo</strong></span> <span class='ocrx_word' id='word_1_965' title='bbox 2828 5757 2938 5829; x_wconf 89' lang='lat' dir='ltr'><strong>jam</strong></span> <span class='ocrx_word' id='word_1_966' title='bbox 2955 5757 3194 5816; x_wconf 83' lang='lat' dir='ltr'><strong>diximus</strong></span> <span class='ocrx_word' id='word_1_967' title='bbox 3220 5757 3273 5814; x_wconf 90' lang='lat' dir='ltr'><strong>in</strong></span> <span class='ocrx_word' id='word_1_968' title='bbox 3288 5759 3466 5829; x_wconf 84' lang='lat' dir='ltr'><strong>prima</strong></span> <span class='ocrx_word' id='word_1_969' title='bbox 3489 5757 3847 5815; x_wconf 84' lang='lat' dir='ltr'><strong>annotatioue</strong></span> 
     </span>
     <span class='ocr_line' id='line_1_128' title="bbox 2247 5827 2741 5884; baseline -0.014 0"><span class='ocrx_word' id='word_1_970' title='bbox 2247 5835 2454 5884; x_wconf 73' lang='lat' dir='ltr'><strong>nostra.</strong></span> <span class='ocrx_word' id='word_1_971' title='bbox 2489 5827 2672 5884; x_wconf 71' lang='lat' dir='ltr'><strong>Maar.</strong></span> <span class='ocrx_word' id='word_1_972' title='bbox 2735 5872 2741 5877; x_wconf 91' lang='lat'><strong>.</strong></span> 
     </span>
    </p>
   </div>
   <div class='ocr_carea' id='block_1_128' title="bbox 2247 5835 2741 5885">
    <p class='ocr_par' dir='ltr' id='par_1_128' title="bbox 2247 5835 2741 5885">
     <span class='ocr_line' id='line_1_129' title="bbox 2247 5835 2741 5885; baseline -0.014 -1"><span class='ocrx_word' id='word_1_973' title='bbox 2247 5835 2454 5885; x_wconf 68' lang='grc' dir='ltr'><strong>ηοδιω.</strong></span> <span class='ocrx_word' id='word_1_974' title='bbox 2489 5835 2672 5885; x_wconf 70' lang='lat' dir='ltr'><strong>MART.</strong></span> <span class='ocrx_word' id='word_1_975' title='bbox 2735 5872 2741 5877; x_wconf 94' lang='lat'><strong>.</strong></span> 
     </span>
    </p>
   </div>
  </div>
