4114 6364
332 243 444 305 769

1621 240 1826 301 LIBER
1860 239 1907 300 ll
1946 238 2331 300 MALACHIM.

3531 248 3637 309 770

320 386 325 387 ν
408 352 797 434 ιτςοοχνιιι.
825 356 956 435 Cap.
991 355 1181 431 XXVI]
1210 367 1236 398 ι
1263 356 1485 417 Factum
1499 366 1582 416 est
1597 368 1778 417 autem
1791 375 1935 416 anno
1961 361 2013 422 Α
2039 360 2202 415 domo
2250 357 2488 422 Domini,
2538 353 2930 429 confregerunt
2952 353 3214 431 Chaldaei,
3245 369 3301 419 et
3344 364 3636 420 transtule-

334 470 484 513 nono
511 455 662 526 regni
685 454 825 526 ejus,
854 468 1042 510 mense
1081 452 1316 523 decimo,
1344 451 1553 507 decima
1576 451 1663 507 die
1712 451 1934 518 mensis,

332 549 484 606 venit
506 546 1014 604 Nabuchodonosor
1042 560 1135 601 rex
1187 544 1499 617 Babylonis,
1536 543 1652 614 ipse
1680 552 1735 598 et
1762 542 1941 599 omnis

334 640 615 700 exercitus
635 641 775 711 ejus,
810 640 862 695 in
885 632 1207 705 Jerusalem,
1225 636 1769 694 etcircumdederunt
1793 651 1935 703 eam,

336 744 393 790 et
422 740 816 790 exstruxerunt
844 732 901 788 in
926 731 1160 787 circuitu
1182 731 1299 801 ejus
1331 729 1679 785 munitiones.
1705 729 1771 785 Et
1791 730 1940 784 clau-

334 840 396 882 sa
435 833 521 881 est
564 824 760 880 civitas
809 832 971 896 atque
1001 824 1223 893 vallata,
1254 836 1424 894 usque
1476 822 1543 877 ad
1594 821 1939 878 undecimum

336 932 539 973 annum
564 918 713 989 regis
733 916 997 983 Sedeciae,
1025 930 1172 972 nona
1196 915 1282 970 die
1294 915 1500 971 mensis
1518 931 1531 968 :
1550 913 1941 985 pmvaluitque

337 1010 510 1067 fames
557 1009 610 1065 in
659 1010 898 1080 civitate,
934 1023 1034 1066 nec
1072 1017 1190 1065 erat
1232 1009 1388 1080 panis
1437 1008 1635 1078 popqu
1664 1017 1840 1063 terrae.
1871 1006 1941 1061 Et

317 1102 639 1172 interrupta
670 1109 757 1157 est
779 1101 995 1171 civitas,
1025 1108 1080 1157 et
1108 1114 1299 1157 omnes
1326 1099 1427 1155 viri
1452 1099 1742 1155 bellatores
1782 1107 1940 1155 nocte

344 1192 604 1265 fugerunt
654 1207 752 1264 per
797 1194 939 1249 viam
992 1202 1185 1264 portae,
1231 1206 1353 1263 quae
1380 1201 1464 1248 est
1494 1192 1636 1247 inter
1665 1191 1937 1261 duplicem

338 1302 554 1343 murum
584 1286 650 1342 ad
694 1286 908 1343 hortum
934 1288 1077 1359 regis
1109 1286 1128 1358 (
1154 1301 1316 1357 porro
1356 1284 1592 1341 Chaldaei
1621 1285 1940 1341 obsidebant

339 1380 392 1434 in
416 1378 647 1434 circuitu
673 1377 1149 1450 civitatem),fugit
1178 1379 1359 1449 itaque
1374 1376 1401 1415 ι)
1422 1394 1516 1447 per
1534 1377 1673 1432 viam
1695 1392 1816 1448 quae
1840 1376 1940 1432 du-

339 1471 417 1526 cit
445 1469 512 1527 ad
544 1471 867 1541 campestria
890 1470 1193 1526 solitudinis
1222 1468 1241 1541 [
1272 1469 1328 1523 h.
1354 1483 1460 1524 non
1490 1468 1655 1525 habet
1676 1468 1796 1541 ].Et
1821 1485 1941 1536 per-

337 1571 559 1618 secutus
589 1570 673 1619 est
697 1562 975 1619 exercitus
1018 1563 1397 1618 Chaldaeorum
1444 1578 1648 1633 regem,
1686 1577 1937 1633 compre-

338 1654 638 1727 henditque
652 1672 777 1713 eum
792 1657 844 1712 in
862 1654 1337 1727 planitieJericho,
1354 1664 1606 1712 etomnes
1620 1657 1935 1726 bellatores,

2044 460 2171 507 runt
2198 468 2273 507 aes
2303 460 2328 489 ο
2364 467 2529 508 omne
2558 453 2614 507 in
2654 451 3005 523 Babylonem.
3031 454 3180 510 Ollas
3228 470 3443 527 quoque
3478 473 3636 514 wreas

2044 541 2134 614 [h.
2168 559 2275 598 non
2300 541 2518 615 habet],
2543 552 2599 599 et
2622 543 2830 611 trullas,
2859 547 2953 601 ett
2980 546 3318 615 mortariola,
3346 557 3403 604 et
3433 548 3636 605 triden-

2043 642 2146 703 tes,
2180 646 2236 692 et
2259 637 2511 709 scyphos,
2544 644 2597 693 et
2632 637 2814 693 omnia
2839 653 2965 695 vasa
3012 654 3175 707 aerea,
3224 641 3277 697 in
3303 641 3502 713 quibus
3532 643 3638 697 mi-

2041 726 2369 796 nistrabant,
2404 730 2663 785 tulerunt.
2697 730 2917 787 Necnon
2940 741 2997 788 et
3025 731 3299 790 thuribula
3324 743 3381 789 et
3407 734 3634 804 phialas;

2041 833 2161 889 quae
2188 834 2375 886 aurea,
2405 835 2592 890 aurea,
2643 830 2697 878 et
2716 837 2837 895 quae
2872 834 3148 895 argentea,
3178 836 3460 894 argentea,
3509 827 3637 882 tulit

2043 911 2296 981 princeps
2324 911 2581 985 militiae[
2611 913 2665 968 h.
2691 914 2950 985 magism
2980 915 3274 989 cocorum]
3302 934 3313 971 :
3344 918 3401 972 id
3423 926 3499 973 est
3530 917 3548 991 [
3576 918 3632 973 b.

2044 1018 2151 1059 non
2184 1003 2409 1077 habet],
2440 1006 2722 1061 columnas
2741 1006 2895 1077 duas,
2926 1024 3076 1065 mare
3100 1025 3291 1076 unum,
3346 1020 3401 1065 et
3446 1011 3630 1077 bases,

2041 1110 2176 1168 quas
2225 1098 2429 1154 fecerat
2456 1098 2713 1155 Salomon
2755 1101 2813 1155 in
2841 1103 3030 1174 templo
3059 1102 3143 1174 [h.
3178 1119 3284 1159 non
3310 1102 3637 1175 habet]Do-

2041 1190 2175 1245 mini
2207 1205 2353 1246 :non
2381 1200 2499 1246 erat
2528 1192 2741 1261 pondus
2786 1195 2913 1249 aeris
2940 1195 3179 1250 omnium
3220 1211 3496 1251 vasorum.
3527 1195 3634 1252 De-

2041 1299 2159 1341 ccm
2182 1294 2235 1341 et
2259 1295 2386 1342 octo
2414 1286 2626 1342 cubitos
2646 1287 2948 1343 altitudinis
2971 1288 3205 1345 habebat
3227 1290 3478 1345 columna
3510 1305 3638 1358 una,

2040 1386 2094 1433 et
2117 1376 2425 1447 capitellum
2454 1393 2657 1434 aereum
2684 1393 2850 1450 super
2878 1395 2937 1435 se
2965 1380 3262 1436 altitudinis
3296 1383 3457 1437 trium
3484 1381 3641 1438 cubi-

2052 1477 2253 1533 torum,
2279 1479 2332 1525 et
2361 1471 2706 1536 retiaculum,
2738 1482 2793 1526 et
2825 1472 3194 1542 malogranata
3216 1482 3381 1543 seper
3407 1473 3638 1544 capitel-

2040 1560 2152 1616 lum
2204 1563 2496 1629 columnae,
2542 1566 2721 1620 omnia
2778 1580 2917 1621 terea
2954 1585 2967 1621 :
2999 1566 3234 1623 similem
3285 1576 3343 1623 et
3389 1568 3640 1623 columna

2043 1654 2281 1709 secunda
2330 1654 2563 1711 habebat
2613 1667 2888 1711 ornatum.
2921 1655 3068 1712 Tulit
3116 1673 3332 1729 quoque
3386 1659 3642 1729 princeps

339 1749 432 1819 qni
464 1758 763 1806 erantcum
790 1765 876 1818 eo,
903 1749 1133 1820 dispersi
1160 1757 1307 1819 sunt,
1347 1758 1401 1805 et
1424 1749 1765 1820 reliquerunt
1793 1765 1936 1804 eum.
1970 1744 2018 1805 Β
2050 1747 2257 1802 niilitice
2286 1746 2382 1820 [h.
2415 1750 2677 1820 magister
2697 1749 2981 1822 cocorum]
3012 1750 3263 1807 Saraiam
3304 1752 3641 1808 sacerdotem

338 1840 759 1912 Apprehensum
782 1858 913 1914 ergo
935 1858 1120 1913 regem
1162 1843 1438 1899 duxerunt
1456 1842 1524 1898 ad
1555 1858 1736 1913 regem
1761 1842 1941 1915 Baby-

339 1934 482 1990 lonis
512 1936 567 1989 in
595 1934 861 1992 Reblatha
887 1953 901 1990 :
931 1935 1023 2008 qui
1048 1937 1260 1993 locutus
1290 1945 1372 1993 est
1395 1952 1516 1992 cum
1547 1951 1611 1993 eo
1637 1938 1927 2008 judicium.

339 2025 508 2082 Filios
526 2036 707 2083 autem
732 2026 975 2099 Sedeciae
996 2028 1196 2084 occidit
1214 2044 1401 2085 coram
1425 2044 1509 2093 eo,
1539 2038 1592 2083 et
1613 2029 1798 2085 oculos
1819 2029 1939 2101 ejus

346 2118 560 2188 ell'odit,
589 2120 867 2192 vinxitque
893 2137 1016 2177 eum
1042 2124 1271 2189 catenis,
1301 2132 1356 2179 et
1402 2121 1626 2177 adduxit
1658 2124 1713 2178 in
1760 2121 1938 2194 Baby-

344 2212 547 2267 lonem.
579 2212 764 2269 Mense
810 2215 999 2284 quinto
1025 2202 1258 2285 septima
1285 2214 1375 2270 die
1425 2214 1628 2270 mensis
1653 2215 1672 2285 (
1702 2217 1814 2286 ipse
1858 2226 1943 2273 est

340 2320 518 2361 annus
544 2321 721 2362 nonus
745 2305 993 2363 decimus
1020 2307 1165 2377 regis
1187 2306 1521 2378 Babylonis)
1550 2325 1562 2362 :
1586 2308 1734 2363 venit
1756 2307 1941 2364 Nabu-

340 2393 543 2451 zardan
577 2407 599 2435 ο
635 2395 889 2467 princeps
914 2397 1186 2453 exercitus
1202 2396 1221 2469 [ν
1251 2399 1306 2454 h.
1338 2399 1595 2470 magister
1622 2399 1940 2472 cocorum],

345 2503 538 2545 servus
571 2492 716 2562 regis
741 2491 1063 2565 Babylonis,
1083 2491 1411 2549 Jerusalem.
1442 2493 1511 2549 Et
1539 2494 1819 2550 succendit
1848 2495 1945 2551 do-

347 2597 494 2637 mum
522 2582 758 2650 Domini,
796 2594 851 2639 et
870 2583 1090 2640 domum
1136 2586 1276 2655 regis
1309 2603 1324 2641 :
1356 2594 1412 2641 et
1440 2583 1467 2622 ἀ
1514 2601 1703 2642 omnes
1752 2586 1945 2643 domos

350 2672 654 2729 Jerusalem
697 2690 1021 2746 omnemque
1076 2677 1294 2733 domum
1344 2693 1591 2748 magnam
1649 2680 1948 2736 combussit

341 2765 470 2838 igni.
501 2765 573 2820 Et
601 2782 787 2823 muros
815 2769 1115 2824 Jerusalem
1145 2770 1196 2824 in
1221 2770 1449 2825 circuitu
1474 2771 1745 2826 destruxit
1769 2771 1947 2826 omnis

341 2859 623 2914 exercitus
648 2856 1052 2929 Chaldteorum,
1099 2862 1192 2931 qui
1222 2871 1341 2917 erat
1371 2878 1493 2917 cum
1522 2863 1765 2933 principe
1804 2864 1948 2918 mili~

342 2956 461 3005 tum
489 2948 587 3020 [h.
620 2965 744 3006 cum
792 2951 1052 3022 magistro
1084 2968 1338 3009 cocorum
1363 2952 1402 3025 ].
1434 2953 1716 3026 Reliquam
1766 2964 1946 3013 autem

344 3041 533 3113 populi
580 3051 790 3113 partem
823 3043 923 3116 [h.
950 3044 1228 3118 Reliquum
1278 3057 1450 3102 autem
1501 3047 1753 3119 pOpulum
1778 3048 1821 3120 ],
1852 3050 1945 3120 qui

2043 1843 2300 1912 primum,
2356 1850 2412 1896 et
2458 1841 2790 1911 Sophoniam
2847 1843 3186 1899 sacerdotem
3238 1845 3535 1900 secundum
3587 1854 3643 1901 et

2044 1942 2156 1988 tres
2180 1933 2470 2003 janitores.
2502 1934 2567 1989 Et
2615 1934 2683 1989 de
2713 1934 2934 1990 civitate
2959 1935 3267 1991 eunuchum
3319 1951 3505 1999 unum,
3551 1937 3648 2006 qui

2046 2034 2167 2082 erat
2218 2027 2508 2096 praefectus
2536 2041 2703 2097 super
2751 2026 3045 2083 bellatores
3089 2029 3256 2095 viros,
3310 2039 3365 2084 et
3401 2028 3643 2098 quinque

2044 2115 2195 2172 viros
2222 2116 2289 2172 de
2326 2116 2410 2171 his
2457 2115 2549 2188 qui
2587 2124 2851 2173 steterant
2880 2132 3062 2172 coram
3103 2117 3343 2189 rcge[|t.
3381 2118 3641 2174 videbant

2044 2207 2238 2265 faciem
2287 2206 2485 2281 regis],
2517 2225 2653 2280 quos
2705 2208 2908 2278 reperit
2962 2211 3014 2264 in
3046 2209 3299 2265 civitate:
3331 2220 3386 2265 et
3434 2209 3643 2281 Sopher

2047 2303 2349 2376 principem
2375 2303 2664 2372 exercitus,
2697 2302 2787 2374 qui
2816 2302 3080 2373 probabat
3111 2313 3335 2375 tyrones
3356 2303 3425 2359 de
3450 2302 3648 2373 populo

2047 2404 2231 2462 terrae,
2257 2405 2311 2452 et
2342 2405 2366 2442 8
2390 2395 2664 2465 sexaginta
2695 2396 2841 2450 viros
2862 2410 2893 2450 e
2921 2395 3188 2467 vulgo[h.
3208 2410 3238 2451 e
3259 2394 3421 2465 vulgo
3438 2393 3646 2464 terra]

2048 2491 2142 2559 qui
2176 2490 2380 2546 inventi
2414 2488 2636 2545 fuerant
2676 2491 2727 2544 in
2778 2490 3014 2546 civitate.
3046 2490 3192 2557 Quos
3236 2490 3433 2546 tollens
3463 2489 3643 2545 Nabu-

2050 2583 2251 2637 zardan
2302 2580 2555 2654 princeps
2606 2579 2836 2637 militum
2869 2581 2957 2653 [h.
3000 2581 3257 2651 magister
3302 2578 3647 2650 cocorum],

2050 2676 2204 2732 duxit
2229 2674 2295 2730 ad
2330 2689 2509 2745 regem
2535 2673 2827 2746 Babylonis
2856 2675 2907 2728 in
2934 2672 3226 2728 Rcblatha.
3259 2672 3646 2743 Percussitque

2052 2784 2149 2826 eos
2170 2784 2264 2823 rex
2288 2766 2605 2838 Babylonis,
2635 2780 2691 2822 et
2722 2764 2997 2822 interfecit
3041 2782 3136 2823 eos
3179 2767 3231 2841 in
3265 2765 3534 2821 Beblatha
3591 2764 3646 2820 in

2051 2871 2195 2917 terra
2254 2859 2475 2925 Emath,
2521 2870 2576 2914 et
2615 2860 2907 2914 translatus
2954 2867 3038 2914 est
3066 2857 3202 2913 Juda
3231 2857 3299 2913 de
3354 2865 3500 2912 terra
3531 2872 3649 2911 sua.

2051 2955 2258 3025 Pepulo
2278 2962 2462 3009 autem
2493 2951 2587 3024 qui
2617 2953 2840 3009 relictus
2868 2962 2986 3008 erat
3017 2953 3069 3007 in
3104 2962 3253 3007 terra
3286 2952 3449 3019 Juda,
3482 2965 3648 3020 quem

2052 3048 2332 3104 dimiserat
2361 3046 2862 3102 Nabuchodonosor
2912 3062 3007 3101 rex
3036 3045 3345 3117 Babylonis,
3402 3044 3651 3116 praefecit

344 3148 682 3193 remanserat
712 3143 763 3193 in
791 3138 1028 3208 civitate,
1050 3148 1107 3196 et
1144 3139 1396 3211 perfugas
1422 3142 1511 3211 qui
1541 3141 1947 3213 transfugerant
1973 3126 2020 3190 C
2053 3140 2339 3197 Godoliam
2369 3138 2539 3193 lilium
2573 3136 2798 3193 Ahicam
2824 3138 2919 3193 lilii
2954 3138 3187 3208 Sapban.
3222 3136 3377 3203 Quod
3402 3152 3525 3191 cum
3556 3152 3650 3191 au-

345 3230 413 3286 ad
438 3246 621 3301 regem
644 3231 956 3304 Babylonis,
998 3243 1053 3290 et
1076 3235 1343 3305 reliquum
1375 3236 1566 3306 vulgus
1586 3277 1606 3303 ,
1665 3237 1944 3294 transtulit

341 3322 699 3380 Nabuzardan
724 3327 977 3398 princeps
1000 3328 1208 3382 militiae
1231 3326 1319 3400 [h.
1350 3329 1875 3399 magistercocorum
1894 3328 1935 3403 ].

344 3417 414 3473 Et
431 3418 500 3475 de
531 3422 853 3491 pauperibus
872 3431 1030 3478 terra:
1055 3423 1549 3492 reliquitvinitores
1571 3436 1625 3481 et
1650 3426 1936 3496 agricolas.

351 3505 647 3565 Columnas
673 3522 851 3568 autem
876 3528 1069 3580 aereas,
1098 3529 1218 3585 quae
1238 3525 1391 3571 erant
1414 3516 1466 3571 in
1491 3517 1689 3587 templo
1719 3516 1737 3589 [
1761 3517 1812 3571 h.
1842 3517 1939 3573 do-

348 3600 479 3674 mo]
506 3602 743 3673 Domini,
769 3614 824 3661 et
851 3605 1034 3675 bases,
1064 3616 1119 3663 et
1139 3621 1291 3664 mare
1320 3623 1548 3675 aereum,
1578 3607 1721 3679 quod
1743 3616 1859 3665 erat
1883 3610 1937 3665 in

419 3830 445 3859 α
469 3821 811 3897 Postremum
839 3820 1010 3897 hocce
1028 3819 1360 3897 Capitulum,
1391 3825 1534 3897 quod
1566 3826 1618 3881 in
1650 3826 1954 3884 Veronens.

345 3908 452 3966 ms.
474 3902 743 3966 vetustate
764 3895 925 3949 nimia
947 3895 1236 3957 exciderat,
1266 3895 1485 3966 sequior
1506 3913 1695 3953 manus
1717 3898 1952 3954 sum-cit.

420 3963 641 4037 brAddit
663 3963 966 4037 Ycronens.
1001 3980 1103 4020 ms.
1133 3968 1193 4024 τὸ
1222 3963 1357 4033 Rex,
1381 3984 1477 4036 pro
1503 3983 1609 4037 quo
1654 3968 1861 4037 Vulgati
1889 3969 1955 4026 li-

349 4034 428 4088 bri
458 4036 633 4104 ipsum
665 4034 908 4093 Sedecize
958 4051 1155 4093 nomen
1188 4034 1487 4095 ascribunt.
1520 4034 1779 4094 Iubmus
1821 4055 1956 4097 neu-

348 4116 490 4161 trum
523 4105 717 4178 habet:
752 4107 1093 4178 perspicuum
1142 4118 1321 4166 tamen
1352 4127 1381 4165 e
1409 4118 1665 4167 contextu
1695 4119 1798 4177 est,
1839 4127 1957 4167 ser-

351 4193 567 4232 monem
595 4177 683 4233 hic
710 4177 831 4234 esse
851 4177 921 4233 de
946 4195 1091 4249 rege,
1144 4180 1237 4248 qui
1276 4183 1533 4238 continuo
1572 4181 1767 4238 dicitur
1804 4197 1954 4241 com-

353 4252 652 4319 prehensus
682 4249 734 4303 in
764 4249 985 4317 planitie
1013 4249 1254 4307 Jericlto.

428 4330 448 4356 ο
468 4319 523 4373 ln
542 4318 678 4393 Heb.
699 4318 958 4389 scriptum
980 4320 1175 4391 legitur
1198 4331 1395 4383 omni:
1414 4336 1513 4393 1'1,
1545 4324 1637 4379 rab
1661 4324 1950 4391 tabahlu'm,

353 4388 404 4444 id
436 4398 557 4456 est,“
586 4392 824 4462 princeps
848 4405 961 4462 seu
1012 4388 1255 4461 magister
1293 4388 1577 4450 laniorum.
1614 4396 1689 4450 De
1722 4397 1823 4451 hoc
1855 4388 1952 4451 no-

353 4462 498 4534 mine
527 4474 590 4514 ac
618 4460 815 4534 ofﬁcio
829 4460 1048 4516 disserit
1070 4460 1128 4519 Si.
1147 4464 1523 4534 Allieronymus
1553 4467 1604 4520 in
1633 4466 1748 4533 QQ.
1784 4467 1949 4521 llebr.

351 4532 418 4584 ad
456 4546 510 4611 c.
555 4545 744 4611 xxxvii
777 4531 1060 4611 Genesews
1090 4552 1103 4588 :
1134 4532 1204 4587 In
1246 4531 1522 4611 plerisque,
1560 4531 1770 4607 inquit,
1818 4540 1949 4611 iocis

353 4601 749 4679 arcltintagiros,
775 4601 835 4679 id
863 4612 956 4667 est,
989 4620 1226 4658 cocorum
1246 4601 1529 4679 principes,
1562 4601 1655 4679 pro
1686 4601 1950 4678 magistris

356 4668 943 4753 eaercitus,‘Scriptura
968 4668 1335 4753 commemorat
1354 4694 1394 4753 _:_
1411 4668 1734 4753 ραγὲῲεύειν
1765 4668 1953 4753 quippe

357 4739 543 4822 (inacc-
588 4739 958 4822 interpretatur
1012 4744 1285 4822 occidere.
1318 4739 1606 4822 __Vend'ittis
1669 4759 1741 4803 est
1775 4739 1955 4822 'igit'ur

357 4809 555 4887 Ioseph
599 4809 823 4887 principi
871 4815 1128 4887 exercitus
1158 4817 1590 4887 ebbellalorum,
1640 4836 1744 4872 non
1803 4809 1958 4874 Pete-

358 4884 506 4954 phre,
534 4880 882 4954 ut'in_L_a‘tino
917 4885 1165 4953 scriptum
1195 4898 1291 4954 est,
1326 4891 1417 4943 sed
1460 4880 1760 4954 I’Ittttipltar
1786 4907 1954 4945 eunu-

360 4951 479 5027 cho,
498 4958 610 5027 etc.
644 4951 808 5007 Hebr.
836 4953 1001 5027 igitur
1022 4951 1217 5012 vocant
1242 4951 1444 5016 milites
1472 4951 1665 5027 lanios,
1690 4963 1760 5015 ob
1782 4961 1959 5015 ctrdes

362 5021 647 5103 hominum
681 5040 693 5076 :
726 5032 780 5078 et
802 5021 902 5103 nos
923 5024 1061 5103 Galli
1094 5028 1325 5103 dicimus
1348 5031 1415 5087 de
1438 5034 1587 5090 caede
1617 5021 1843 5103 ingenti,
1878 5030 1959 5087 0n

364 5110 396 5147 a
426 5093 647 5164 {aitqaue
666 5096 862 5164 grande
885 5097 1172 5152 boue/teris.
1199 5099 1378 5156 MART.

443 5194 513 5245 _-—
527 5163 585 5219 ln
604 5163 1188 5245 Sc’lioliastisgratiam,
1207 5172 1629 5245 quidlagistrum
1649 5172 1962 5245 cocorumin

358 5234 715 5312 llebraeohait
754 5234 1096 5312 liaberi'_pt'o
1150 5234 1381 5312 principe
1413 5234 1721 5310 "exercitus,
1776 5242 1965 5300 confer

1062 5311 1464 5377 Quaestionibus
1496 5316 1745 5370 llebraic.
1776 5315 1828 5369 in
1860 5314 1964 5370 Ge—

358 5392 612 5452 nes.cap_.
638 5379 727 5442 57,
754 5380 1001 5452 vers.56,
1026 5397 1184 5452 quem
1216 5384 1388 5438 locum
1414 5395 1467 5441 et
1496 5385 1961 5440 Martian.laudat.

362 5446 736 5525 Inplerisque,
758 5450 853 5514 ait,
879 5451 1026 5525 locis,
1044 5446 1057 5452 ’
1083 5452 1488 5525 arc/tiinagiros,
1514 5457 1572 5511 id
1609 5467 1702 5524 est,
1727 5472 1967 5511 cocorum

364 5520 620 5588 principes
674 5537 767 5590 pro
793 5522 1054 5597 magistris
1085 5520 1354 5597 exercitus,
1423 5520 1699 5597 scriptura
1746 5544 1967 5580 comme-

362 5598 528 5667 morat
543 5606 560 5643 :
577 5595 896 5667 paystpszim
916 5594 1105 5667 quippe
1126 5594 1303 5650 erce
1336 5594 1968 5666 interpretaturoccidrre.

362 5660 419 5737 S_.
447 5660 586 5715 vero
607 5660 939 5737 Augustinus
960 5660 1152 5720 dehoe
1182 5683 1279 5735 pro
1299 5668 1414 5737 prie
1444 5660 1596 5725 loco:
1626 5670 1827 5725 Nolunt
1856 5669 1971 5733 qui-

361 5732 481 5789 dam
534 5732 868 5807 prtvpositum
914 5751 1151 5794 cocorum
1185 5732 1591 5815 interpretari,
1645 5741 1735 5817 qui
1790 5732 1968 5803 (ἔπεσα

356 5321 545 5362 verum
561 5306 601 5360 ll
610 5308 949 5379 ieronymum
981 5306 1033 5365 in

1982 4650 2034 4711 D

2057 3235 2265 3290 dissent
2291 3249 2484 3288 omnes
2516 3232 2683 3288 duces
2731 3232 2986 3299 militum,
3017 3232 3117 3302 ipsi
3145 3239 3199 3286 et
3226 3231 3327 3286 viri
3378 3230 3653 3300 quierant

2051 3342 2175 3382 cum
2188 3326 2292 3392 eis,
2308 3325 2564 3380 videlicet
2578 3322 2717 3395 quod
2738 3322 3110 3378 constituisset
3125 3338 3219 3379 rex
3237 3321 3528 3393 Babylonis
3547 3319 3656 3376 Go-

2045 3420 2267 3489 doliam,
2296 3429 2559 3475 venerunt
2602 3418 2669 3473 ad
2710 3416 3007 3473 Godoliam
3058 3417 3112 3472 in
3160 3416 3406 3487 Maspha,
3461 3414 3653 3470 lsmael

2046 3516 2186 3570 filius
2226 3514 2537 3579 Nathanite,
2567 3522 2623 3568 et
2651 3510 2785 3568 Joha
2804 3526 2946 3566 nnan
2981 3511 3122 3566 filius
3151 3510 3338 3579 Caree,
3372 3520 3427 3564 et
3470 3505 3498 3545 δ
3545 3508 3653 3563 Sa—

2047 3607 2161 3663 raia
2192 3607 2332 3663 filius
2358 3603 2747 3662 Thcneumcth
2775 3602 3231 3676 thhophathites
3252 3645 3267 3671 ,
3301 3612 3354 3659 et
3378 3601 3650 3658 Jezionias

2059 3827 2689 3906 irpxtpéystpoedicilun,
2707 3825 2795 3881 sed
2817 3825 3149 3906 pi‘wpositum
3179 3824 3405 3906 militiai,
3419 3826 3502 3879 cui
3528 3836 3657 3881 esset

2058 3896 2287 3971 potestas
2308 3896 2599 3953 occidendi.
2635 3896 2775 3971 Nam
2800 3896 2874 3951 sic
2900 3898 3195 3966 appellatus
3241 3905 3313 3971 est
3344 3896 3453 3971 ille,
3503 3914 3655 3971 quem

2061 3967 2545 4025 Nabuchodonosor
2599 3967 2760 4033 misit,
2818 3986 2972 4040 penes
3010 3984 3157 4039 quem
3190 3968 3362 4039 potius
3397 3968 3655 4022 invenitur

2057 4044 2311 4114 primatus
2334 4042 2495 4114 fuisse
2534 4041 2756 4114 militia).

2128 4111 2153 4149 ἀ
2182 4109 2595 4181 Οιιιηνυιςειὶε
2624 4110 2923 4166 Vcronens.
2976 4124 3077 4165 ms.
3106 4109 3193 4165 hic
3216 4124 3404 4166 vocem
3457 4126 3654 4178 omnes,

2056 4194 2111 4240 et
2151 4185 2311 4254 paulo
2341 4194 2462 4254 post
2487 4200 2731 4255 magnam
2775 4191 2934 4237 tacet.

2133 4252 2163 4292 θ’
2184 4252 2464 4311 Μειπιηε.
2496 4252 2592 4309 ω’
2616 4255 2842 4307 omnium
2876 4270 2971 4321 pro
3025 4269 3208 4307 omne:
3238 4252 3398 4323 idque
3432 4253 3654 4319 rectius,

2056 4329 2385 4397 propiusque
2418 4326 2643 4380 llebrmo
2674 4324 2846 4379 textui
2870 4333 3099 4391 Dl‘l‘m‘u,
3124 4340 3192 4379 tes
3211 4340 3409 4393 eorum,
3428 4323 3648 4394 ipsique

2061 4396 2250 4469 Grteco
2276 4396 2470 4469 χαλκὸν
2495 4399 2657 4451 αὐτῶν
2667 4437 2680 4450 .

2135 4468 2151 4505 τ
2188 4464 2317 4522 ΙΙώὸ
2342 4485 2445 4522 non
2489 4465 2736 4535 agnoscit
2786 4464 3242 4535 Veronensams.
3301 4467 3608 4522 mortariola
3640 4484 3655 4531 ;

2057 4548 2219 4610 atque
2247 4539 2505 4593 Hebraeus
2538 4534 2675 4610 ipse
2711 4545 2887 4589 textus
2936 4550 3040 4588 non
3068 4534 3169 4610 nisi
3193 4545 3424 4605 quatuor
3448 4538 3654 4593 instru-

2059 4603 2362 4665 mentorum
2395 4603 2592 4677 genera
2625 4607 2709 4659 hic
2735 4616 3021 4678 memorat,
3053 4603 3436 4677 ollas,'scopas,
3469 4610 3659 4676 psalte-

2058 4683 2159 4747 ria,
2202 4690 2249 4734 et
2280 4678 2592 4740 cochlearia,
2620 4692 2778 4746 quctn
2812 4691 3095 4747 numerum
3129 4684 3183 4731 et
3212 4678 3491 4733 versiones
3517 4680 3659 4735 anti-

2059 4746 2180 4821 quae
2207 4760 2261 4805 et
2289 4750 2410 4821 libri
2443 4748 2533 4803 alii
2565 4756 2804 4821 servant.
2842 4746 2991 4821 Haud
3040 4758 3188 4821 recte
3219 4749 3381 4821 igitur
3409 4751 3659 4819 quintum

2059 4817 2254 4890 genus,
2297 4819 2415 4875 sive
2444 4817 2767 4892 mortariola,
2802 4817 3205 4892 additum__h_oc
3232 4817 3317 4872 est
3366 4817 3484 4876 loco
3533 4832 3661 4892 post

2065 4888 2345 4962 angatam
2373 4908 2385 4944 :
2417 4906 2603 4963 neque
2644 4890 2786 4942 enim
2836 4903 3000 4963 supra
3051 4888 3338 4963 Hebraeum
3383 4888 3662 4963 exemplar

2063 4960 2448 5035 Hieronymus,
2479 4960 2768 5035 quidquam
2804 4968 2887 5014 est
2931 4960 3224 5028 aliquando
3250 4975 3414 5035 ausus
3446 4960 3661 5033 :neque

2064 5034 2208 5090 aliud
2239 5030 2452 5088 videtur
2479 5030 2608 5086 illud
2647 5045 2843 5086 nomen
2875 5046 3020 5095 esse,
3051 5046 3211 5099 quam
3236 5032 3463 5087 alterius
3490 5030 3661 5099 vocis,

2070 5113 2194 5166 puta
2226 5105 2470 5175 scyphos,
2493 5104 2787 5173 glossema,
2818 5117 2883 5156 ex
2915 5101 3035 5155 libri
3076 5117 3169 5156 ora
3209 5102 3261 5157 in
3299 5112 3504 5158 textum
3539 5119 3569 5159 a
3598 5105 3664 5158 li-

2068 5176 2265 5231 brariis
2296 5179 2665 5246 importatutn.

2144 5256 2169 5294 Β
2200 5241 2494 5303 Recentior
2523 5244 2696 5300 scriba
2725 5244 2814 5311 qui
2858 5241 3159 5298 Veronens.
3195 5258 3305 5314 ms.
3332 5255 3661 5314 postremam

2071 5318 2338 5388 pagellatn
2382 5316 2633 5383 suffecit,
2688 5330 2879 5369 exesas
2936 5313 3288 5388 vetustissimi
3333 5313 3660 5387 exemplaris

2071 5385 2280 5443 litteras
2312 5405 2415 5442 non
2447 5388 2585 5441 bene
2615 5396 2898 5440 assecutus
2922 5385 3199 5439 oculorum
3243 5388 3360 5441 acie
3384 5429 3399 5453 ,
3448 5385 3537 5443 sex
3579 5388 3664 5443 hic

2072 5468 2280 5514 tantum
2305 5459 2586 5527 rescripsit
2613 5473 2708 5524 pro
2734 5458 2939 5524 integra
2967 5471 3094 5510 voce
3126 5458 3414 5527 sexaginta.

2150 5529 2176 5568 ιι
2209 5531 2381 5585 Paulo
2412 5529 2664 5599 superius
2704 5528 2847 5583 hunc
2870 5536 3041 5599 vocat
3079 5528 3526 5599 ms._Veroncns.
3563 5529 3662 5585 Se-

2076 5604 2229 5662 riam.
2248 5602 2351 5672 hic
2386 5597 2644 5657 Sareiam.
2673 5599 2777 5668 Qui
2799 5598 3146 5672 subsequitur
3170 5597 3545 5668 Tlteneumellt,
3566 5616 3665 5659 vo-

2076 5684 2164 5733 cat
2190 5671 2559 5732 Theaaametlt.
