3994 6342
539 268 637 333 ’1⁸1

1536 273 1594 331 S.
1638 267 2022 329 lilERONYMl
2060 267 2297 330 DIVINA
2334 268 2817 329 BIBLIOTHECA.

3718 277 3808 339 772

537 390 682 447 illius
705 397 729 427 ι
760 380 1191 460 Maaebath,ipsi
1219 396 1274 446 et
1296 387 1427 444 socii
1460 400 1675 443 eorum.
1704 386 2029 457 Juravitque
2054 386 2137 442 eis
2161 388 2216 450 Δ
2240 386 2474 457 septimo
2502 382 2994 456 transmigrationis
3020 382 3272 445 Jolachht
3300 382 3431 458 [Μο.
3452 384 3701 463 Machin]
3736 407 3808 449 re-

540 486 799 543 Godolias
841 493 897 541 et
946 484 1112 541 sociis
1156 497 1347 541 eorum
1379 523 1394 550 ,
1442 479 1633 537 dicens
1665 497 1681 536 :
1722 480 1897 537 Nolite
1944 478 2138 536 timere
2239 481 2323 551 gis
2351 478 2510 547 Iuda,
2534 494 2719 535 mense
2746 475 3091 548 duodecimo,
3116 478 3375 536 vicesima
3392 481 3620 552 septima
3643 483 3719 538 die
3737 483 3805 557 [ιι.

543 580 750 636 servire
774 577 1046 635 Chaldaeis
1077 576 1151 649 [h.
1187 590 1379 632 servos
1421 571 1832 645 Chaldznorum]
1866 589 1878 626 :
1922 582 2139 628 manete
2241 570 2550 643 nonhabct]
2569 569 2769 627 mensis
2788 569 3527 631 sublevavitEviimerodach
3550 587 3641 629 rex
3656 573 3806 649 Baby-

543 676 597 727 in
629 681 797 739 terra,
822 679 879 728 et
908 672 1107 727 servite
1140 670 1252 740 regi
1288 668 1606 741 Babylonis,
1635 677 1691 725 et
1734 669 1875 725 bene
1898 668 2004 725 erit
2032 682 2132 722 vo-

543 767 647 825 bis.
695 762 921 820 Factum
971 773 1061 819 est
1113 771 1330 829 autem,
1360 762 1417 817 in
1468 775 1659 818 mense
1706 759 1939 832 septimo
1985 759 2139 816 venit

538 853 737 912 ismael
764 854 904 910 (ilius
932 854 1241 925 Nathanim,
1277 852 1374 909 ﬁlii
1404 853 1646 911 Elisama
1675 852 1696 926 [
1723 852 1822 909 Ms.
1856 850 2134 923 Elimasa]

540 946 612 1003 de
638 948 845 1003 semine
874 948 1047 1017 regio,
1083 955 1141 1003 et
1181 947 1371 1003 decem
1414 947 1518 1002 viri
1557 961 1679 1004 cum
1717 959 1787 1002 eo
1810 960 1825 1001 :
1852 958 2136 1017 percusse-

540 1051 773 1110 runtque
796 1038 1115 1109 Godoliam,
1145 1040 1237 1111 qui
1262 1047 1515 1096 mortuus
1539 1047 1658 1096 est:
1692 1037 1790 1095 sed
1820 1048 1877 1094 et
1914 1036 2135 1093 Judaaos

540 1142 592 1188 et
620 1132 926 1199 Chaldaeos,
958 1131 1053 1204 qui
1081 1141 1241 1190 erant
1268 1147 1394 1189 cum
1422 1147 1490 1188 eo
1529 1131 1586 1186 iu
1619 1130 1863 1202 Maspha.
1895 1128 2137 1185 Consur-

537 1240 671 1297 gens
713 1235 898 1283 autem
926 1225 1106 1282 omnis
1132 1227 1364 1298 populus
1406 1240 1436 1280 a
1468 1239 1647 1296 parvo
1690 1238 1865 1295 usque
1903 1221 1973 1279 ad
2015 1236 2134 1278 ma-

536 1333 722 1388 gnum,
754 1327 809 1375 et
835 1319 1111 1390 principes
1138 1319 1397 1386 militum,
1426 1326 1698 1375 venerunt
1740 1318 1793 1373 in
1817 1316 2133 1388 Egyptum,

532 1410 791 1470 timentes
814 1411 1126 1472 Chaldaeos.
1161 1412 1387 1470 Factum
1414 1421 1500 1471 est
1521 1426 1656 1470 vero
1682 1426 1827 1468 anno
1855 1411 2136 1467 tricesimo

2240 662 2410 729 lonis,
2434 678 2578 719 anno
2605 677 2713 733 quo
2743 677 2974 733 regnare
2998 672 3264 733 coeperat,
3289 672 3450 734 caput
3471 663 3713 727 Joiacltin
3734 682 3806 724 re-

2236 754 2319 823 gis
2338 752 2474 809 Juda
2497 752 2565 809 de
2576 766 2818 809 carcere.
2846 751 2916 808 Et
2930 752 3142 811 locutus
3153 762 3239 809 est
3256 753 3308 810 ei
3329 753 3562 826 benigne
3580 760 3807 826 etposuit

2237 844 2494 901 thronum
2516 844 2637 915 ejus
2656 860 2820 916 super
2838 844 3093 903 thronum
3106 860 3318 916 regum,
3343 847 3433 917 qui
3454 856 3610 903 erant
3626 862 3736 903 cum
3752 864 3809 906 eo

2242 939 2296 996 in
2326 939 2627 1011 Babylone.
2659 940 2727 996 Et
2754 940 2983 996 mutavit
3008 949 3189 996 vestes
3218 940 3373 1011 ejus,
3400 956 3538 1013 quas
3568 941 3810 1003 habuerat

2236 1032 2291 1089 in
2313 1048 2555 1100 carcere,
2585 1040 2642 1090 et
2662 1032 2981 1091 comedebat
3000 1048 3198 1105 panem
3218 1046 3437 1104 semper
3458 1035 3512 1091 in
3531 1045 3807 1107 cetispectu

2235 1126 2360 1196 ejus
2385 1125 2599 1182 cunctis
2619 1125 2814 1182 diebus
2831 1126 2958 1182 vitae
2976 1139 3111 1182 suae.
3139 1126 3426 1185 Annonam
3453 1140 3672 1200 quoque
3695 1141 3812 1183 con-

2234 1220 2409 1276 stituit
2438 1220 2487 1276 ei
2515 1220 2720 1291 absque
2748 1220 3192 1287 intermissione,
3219 1234 3343 1291 qua
3368 1228 3427 1276 et
3450 1219 3684 1278 dabatur
3710 1221 3755 1279 ei
3780 1236 3808 1279 a

2237 1327 2371 1385 rege
2400 1328 2498 1385 per
2526 1312 2771 1385 singulos
2798 1312 2918 1370 dies
2944 1311 3198 1370 omnibus
3218 1311 3412 1371 diebus
3440 1312 3567 1373 vita)
3591 1326 3721 1370 sum.

1718 1527 2028 1600 Expliciunt
2052 1525 2169 1583 libri
2197 1523 2304 1582 duo
2338 1521 2645 1582 Malaclu'm.

615 1660 638 1689 ι
670 1649 815 1708 idem
846 1666 952 1710 ms.
981 1651 1239 1723 Machati,
1266 1650 1490 1724 prapius
1520 1649 1711 1707 Graeco
1735 1649 1953 1720 Μαχαθί
1974 1647 2024 1706 ὁ.

537 1776 3806 1811 Mm

904 1898 1523 1996 PR/EFATIO
1597 1900 2287 1991 HIERONYMI
2362 1898 2519 2039 IN,
2560 1894 3019 1987 LIBRUM
3091 1897 3452 1995 ISAIE.

2012 2060 2349 2085 ﬂ

598 2185 769 2245 Nemo
796 2199 920 2242 cum
966 2180 1270 2258 Prophetas
1311 2178 1560 2241 versibus
1610 2178 1811 2239 viderit
1860 2194 1984 2237 esse
2023 2176 2123 2237 de-
2154 2180 2203 2242 B
2231 2174 2299 2235 dc
2345 2176 2526 2235 futuro
2568 2176 2875 2248 vaticinari,
2922 2178 3016 2236 sed
3072 2176 3142 2237 de
3191 2177 3484 2252 praeteritis
3533 2177 3812 2235 historiam

522 2281 759 2351 scriptis
790 2287 815 2316 α
850 2286 1025 2333 metro
1065 2291 1161 2333 eos
1189 2276 1426 2332 aestimet
1460 2274 1603 2347 apud
1644 2274 1905 2331 Hebraeos
1944 2269 2125 2343 ligari,

527 2384 586 2430 et
624 2370 831 2444 aliquid
864 2370 1048 2427 simile
1078 2368 1284 2425 habere
1330 2366 1399 2424 de
1439 2366 1693 2438 Psalmis,
1739 2362 1824 2422 vel
1870 2364 2127 2436 operibus

526 2462 869 2529 Salomonis;
898 2461 997 2518 sed
1023 2461 1169 2534 quod
1213 2461 1266 2516 in
1296 2459 1665 2517 Demosthene
1696 2466 1753 2515 et
1777 2457 1959 2514 Tullio
1987 2456 2127 2512 solet

526 2557 671 2625 ﬁeri,
698 2566 755 2610 ut
787 2571 882 2626 per
908 2553 935 2593 ι’
967 2555 1085 2609 cola
1131 2549 1443 2609 scribantur
1470 2561 1524 2607 et
1550 2562 1824 2607 commata
1844 2595 1859 2620 ,
1887 2548 1979 2620 qui
2016 2547 2122 2603 uti-

527 2664 637 2722 qnc
661 2663 842 2718 prosa,
862 2656 1045 2701 etnon
1073 2643 1325 2701 versibus
1348 2645 1798 2714 conscripserunt
1830 2660 1843 2696 :
1869 2657 1970 2697 nos
1992 2653 2126 2711 quo-

526 2762 633 2815 que
687 2744 907 2801 utilitati
948 2742 1247 2814 legentium
1296 2739 1677 2811 providentes,
1720 2736 2125 2808 interpretatio-

530 2853 656 2895 nem
708 2852 929 2903 novam,
983 2851 1123 2890 novo
1170 2833 1448 2889 scribendi
1503 2847 1706 2903 genere
1753 2830 2121 2886 distinximus.

526 2933 606 2987 Ac
633 2931 869 3001 primum
894 2930 962 2984 de
991 2927 1127 2984 Isaia
1156 2927 1458 2993 sciendum,
1492 2924 1637 2996 quod
1667 2926 1722 2980 in
1747 2937 1999 2979 sermone
2023 2937 2123 2977 suo

515 3023 756 3079 disertus
784 3022 855 3078 sit
891 3038 906 3077 :
945 3030 966 3059 α
1000 3021 1199 3091 quippe
1238 3028 1298 3075 ut
1327 3019 1409 3074 vir
1440 3016 1724 3085 nobilis.et
1753 3014 1972 3071 urbana:
1998 3015 2120 3069 elo-

513 3118 781 3191 quentirc,
816 3132 919 3173 nec
952 3114 1157 3170 habens
1188 3112 1465 3185 quidpiam
1496 3111 1549 3167 in
1583 3109 1806 3187 eloquio
1842 3107 2120 3164 rusticita-

519 3212 588 3266 tis
624 3210 940 3265 adtnistum.
969 3205 1126 3264 Unde
1156 3204 1378 3272 accidit,
1408 3213 1467 3259 ut
1503 3218 1620 3275 pra:
1647 3200 1887 3266 caeteris,
1924 3199 2119 3255 ﬂorem

515 3303 790 3358 sermonis
835 3300 953 3371 ejus
984 3297 1269 3354 translatio
1319 3312 1425 3352 non
1479 3294 1721 3367 potuerit
1761 3306 2117 3349 conservare.

517 3395 725 3454 Deinde
766 3395 929 3451 etiam
958 3393 1065 3449 hoc
1092 3390 1488 3461 adjiciendum,
1520 3387 1666 3460 quod
1708 3403 1813 3444 non
1852 3397 1958 3442 tam
1990 3401 2119 3459 pro-

516 3492 703 3563 pheta,
749 3504 911 3560 quam
941 3488 1273 3556 evangelista
1312 3482 1340 3522 ἀ
1387 3481 1655 3539 dicendus
1703 3479 1796 3537 sit.
1846 3480 1921 3536 Ita
1969 3481 2115 3535 enim

2230 2280 2437 2329 texere.
2469 2271 2626 2329 Unde
2655 2273 2914 2345 conjicio,
2942 2272 3191 2330 noluisse
3222 2283 3353 2331 tunc
3380 2274 3681 2344 temporis,
3718 2272 3811 2330 Se-

2230 2367 2511 2439 ptuaginta
2536 2366 2865 2438 interpretes
2898 2367 3018 2423 lidei
3042 2384 3155 2425 sum
3176 2375 3522 2425 sacramenta
3539 2368 3813 2440 perspicue

2234 2468 2258 2498 ο
2289 2461 2524 2517 ethnicis
2552 2462 2803 2531 prodere,
2828 2479 2898 2519 ne
2924 2472 3171 2520 sanctum
3195 2463 3447 2533 canibus,
3472 2475 3528 2521 et
3555 2464 3811 2535 margari-

2227 2560 2311 2609 tas
2334 2554 2513 2623 porcis
2526 2552 2718 2609 darent
2736 2571 2752 2609 :
2772 2570 2892 2626 qum
2916 2555 3021 2627 [AL
3038 2554 3153 2628 qui]
3170 2568 3293 2612 cum
3316 2556 3454 2613 hanc
3466 2555 3725 2612 ditionem
3745 2556 3812 2612 ιο.

2226 2646 2436 2718 geritis,
2456 2648 2524 2702 ab
2539 2646 2645 2703 illis
2665 2648 3107 2705 animadvertetis
3136 2649 3477 2705 abscondita.
3500 2646 3617 2705 Nec
3639 2649 3813 2720 ignoro

2226 2743 2411 2813 quanti
2445 2738 2648 2796 laboris
2685 2742 2755 2796 sit
2811 2741 3109 2810 Prophetas
3142 2741 3474 2812 intelligere,
3522 2756 3630 2798 nec
3666 2738 3815 2797 facile

2225 2836 2532 2908 quempiam
2560 2850 2720 2905 posse
2739 2834 2988 2905 judicare
3012 2836 3082 2892 de
3103 2836 3579 2906 interpretatione,
3618 2836 3716 2892 nisi
3735 2838 3811 2891 in-

2225 2927 2491 2983 tellexerit
2517 2936 2643 2983 ante
2666 2944 2785 2999 qua:
2801 2929 2992 3000 legerit
3016 2947 3029 2983 :
3063 2944 3164 2985 nos
3184 2945 3398 3000 quoque
3423 2940 3615 3002 patere
3636 2929 3815 2986 morsi-

2224 3018 2326 3075 bus
2350 3018 2731 3091 plurimorum,
2747 3021 2836 3091 qui
2860 3020 3175 3077 stimulante
3198 3020 3421 3089 invidia,
3455 3022 3605 3093 quod
3627 3035 3812 3078 conse-

2223 3114 2314 3185 qui
2338 3128 2447 3168 non
2466 3114 2670 3179 valent,
2693 3112 3017 3184 despiciunt.
3041 3115 3233 3170 Sciens
3259 3129 3388 3184 ergo
3410 3122 3466 3170 et
3489 3114 3733 3185 prudens
3763 3113 3810 3169 in

2222 3204 2494 3260 ﬂammam
2518 3204 2677 3260 mitto
2705 3219 2923 3260 manum
2956 3221 2969 3260 :
3004 3200 3444 3261 etinihilominus
3471 3204 3580 3262 hoc
3610 3222 3639 3261 a
3664 3202 3809 3261 fasti-

2220 3296 2391 3353 diosis
2415 3298 2711 3354 lectoribus
2736 3314 2953 3370 precor,
2983 3309 3041 3354 ut
3063 3299 3338 3369 quomodo
3358 3298 3534 3356 Graeci
3568 3311 3695 3371 post
3720 3300 3811 3357 Se-

2219 3389 2495 3461 ptuaginta
2527 3388 2931 3456 Translatores,
2979 3391 3233 3462 Aquilam
3262 3400 3319 3447 et
3342 3389 3734 3465 Symmachum
3763 3398 3811 3447 et

2218 3479 2649 3537 Theodotionem
2678 3480 2890 3554 legunt,
2917 3481 3007 3537 vel
3025 3481 3093 3537 ob
3122 3482 3657 3539 stndinmiloetrina:
3681 3496 3808 3547 sum,

518 3585 769 3639 universa
811 3580 1010 3636 Christi
1042 3576 1413 3647 Ecclesiaeqne
1440 3573 1697 3647 mysteria
1731 3570 1839 3645 [ΑΙ.
1873 3570 2118 3627 ministc-
2146 3585 2192 3648 ρ
2224 3574 2306 3629 vel
2333 3582 2395 3628 ut
2415 3574 2769 3644 Septuaginta
2792 3574 2967 3645 magis
2989 3588 3057 3629 ex
3079 3573 3376 3631 collatione
3397 3590 3593 3631 eorum
3625 3572 3811 3631 intelli-

514 3678 594 3732 ria
620 3675 631 3745 l
657 3674 725 3730 ad
758 3671 1025 3744 liquidum
1060 3679 1381 3742 prosecutus
1410 3677 1529 3736 est,
1570 3676 1631 3721 ut
1664 3679 1775 3721 non
1800 3678 1925 3721 eum
1954 3671 2115 3736 putes

592 3820 616 3847 ι
645 3808 748 3884 De_
776 3808 996 3884 metris,
1031 3803 1407 3884 _ver_sibnsqne
1432 3800 1844 3884 scripturarum
1900 3796 2115 3884 abin-ide

516 3879 877 3937 disScruimus
929 3868 993 3932 in'
1030 3868 1443 3946 Prolegnmetiis
1482 3868 1645 3946 hujus
1684 3871 1883 3946 divinae
1914 3868 2115 3924 Biblio-

516 3952 690 4008 theca
726 3949 874 4004 :huc
922 3963 1051 4019 ergo
1086 3941 1363 4000 ama'ndari
1410 3957 1471 3998 se
1519 3941 1755 4019 patietur
1786 3941 1961 4019 lector
2001 3950 2115 3995 stu-

518 4023 727 4083 diosus,
786 4036 853 4075 ne
899 4030 953 4073 et
984 4012 1091 4071 nos
1123 4027 1305 4071 actum
1352 4012 1575 4084 agamus
1618 4012 1687 4066 de
1734 4012 1923 4084 eodem
1949 4026 2107 4084 argn-

518 4082 930 4150 meutnitcrum
963 4090 1311 4144 instituentes
1340 4082 1791 4154 disputationem.
1824 4082 1963 4136 Illud
2015 4098 2113 4136 au-

519 4178 628 4219 tem
680 4176 985 4225 monemus,
1027 4159 1443 4231 pmphetarnm‘
1470 4155 1641 4209 libros
1687 4169 1786 4223 per
1821 4154 1939 4231 cola
1990 4169 2109 4231 ver-

518 4252 675 4292 suum
708 4244 763 4287 et
787 4223 1053 4287 commata
1099 4223 1317 4283 a’nobis
1359 4224 1537 4281 editos
1564 4238 1706 4292 esse,
1749 4224 1877 4294 quia
1907 4225 1966 4278 S.
1994 4223 2112 4291 ipse

521 4305 891 4375 Hieronymus
920 4299 1141 4356 utilitati
1167 4299 1468 4375 legentium
1492 4296 1809 4375 providens,
1832 4296 2110 4375 interpre-

516 4365 773 4431 tationem
820 4389 972 4428 suam
1020 4365 1242 4436 novatn,
1285 4383 1427 4425 novo
1457 4367 1559 4422 hoc
1594 4365 1865 4421 scribendi
1912 4380 2111 4433 genere

515 4448 861 4511 distinxerat,
892 4444 1046 4513 cujus
1073 4444 1152 4497 rei
1178 4443 1334 4513 testis
1365 4448 1450 4495 cst
1498 4436 1895 4513 i_sta__pr;cfat_io.
1937 4436 2111 4491 Caete-

518 4534 638 4575 rum
688 4519 753 4571 ad
811 4507 1176 4570 restituendas
1228 4510 1537 4582 huiusmodi
1580 4507 1962 4582 distinctiones
2011 4522 2110 4578 per

518 4590 762 4645 tuemhra
802 4584 1027 4651 divisas,
1078 4599 1275 4655 magno
1303 4579 1468 4636 nobis
1521 4579 1618 4655 iuit
1646 4580 1961 4655 adjumento
1988 4594 2107 4632 ma-

516 4661 833 4730 nuscriptus
859 4648 1030 4713 codei
1054 4648 1420 4730 Corl'ieiensis,
1454 4652 1543 4721 qui
1565 4649 1739 4730 divisa
1764 4648 2109 4730 habetatqne

516 4720 762 4787 subneia
813 4742 1066 4783 versuum
1116 4726 1235 4781 cola
1301 4725 1415 4779 fere
1461 4720 1642 4777 Omnia
1693 4722 1745 4775 in
1795 4720 2103 4790 Pr0phetis.

515 4802 627 4858 Nec
672 4802 939 4856 minorem
973 4812 1104 4852 sane
1133 4796 1361 4865 praebuit
1405 4793 1693 4865 utilitatem
1727 4792 2017 4865 Speculum
2044 4790 2103 4846 S.
2158 4816 2161 4819 ν

514 4870 801 4942 Augustini
852 4887 867 4927 :
918 4884 1042 4923 nam
1084 4863 1391 4942 in‘egrcgio
1432 4863 1528 4942 illo
1576 4878 1743 4935 opere
1788 4863 2102 4942 versionem

517 4932 998 5014 llie'rouymianam
1028 4932 1247 4993 secutus
1278 4932 1886 5014 augustinusgmeminit
1914 4934 2107 5001 saepis-

516 5017 655 5084 sime
704 5005 836 5084 quot
864 5011 1194 5084 sint_versus
1242 5007 1312 5061 ab
1348 5005 1451 5060 una
1478 5005 1543 5058 ad
1574 5005 1735 5059 aliam
1765 5005 2100 5084 pericopem.

511 5083 593 5139 Ad
620 5076 778 5170 lidein
801 5079 1282 5170 igituritalicorum
1308 5076 2103 5170 tuonummitiiru'nihpropiietas
2130 5108 2185 5170 D

514 5155 764 5209 versibus
794 5145 1103 5208 describere
1151 5150 1480 5211 curavimus,
1511 5163 1579 5203 ne
1625 5155 1680 5201 ct
1723 5146 1877 5202 labor
1916 5145 2105 5201 Hiero-

510 5227 680 5298 nymi,
711 5233 1029 5298 et‘nostrum
1060 5222 1295 5278 studium
1326 5216 1749 5298 periret._Mitur_.l

582 5293 610 5334 δ
642 5296 697 5350 in
746 5294 1136 5362 discipulorum
1185 5287 1379 5359 nempe
1427 5289 1661 5361 gratiam
1701 5287 2107 5359 distinguebant

509 5368 757 5424 rhetores
780 5365 907 5419 olim
942 5372 1221 5419 oratorum
1248 5362 1444 5433 sei-ipta
1472 5362 1521 5415 in
1548 5362 1689 5433 cola,
1717 5368 1772 5415 et
1794 5368 2059 5433 commata
2091 5378 2103 5413 :

509 5450 567 5494 ut
622 5436 833 5492 facilius
895 5432 1396 5504 intelligercntur’:
1452 5446 1514 5488 ac
1578 5432 1832 5504 dicuntur
1868 5432 2101 5504 quidem

504 5511 802 5566 etiamnum
854 5520 978 5561 rara
1022 5501 1225 5575 aliquot
1268 5518 1555 5574 superesse
1586 5501 1914 5575 exemplaria
1952 5502 2097 5575 ejus-

503 5583 671 5638 modi.
710 5579 898 5634 Parem
931 5573 1294 5645 llicronymus
1325 5573 1544 5643 operam
1589 5574 1742 5629 Isaia:
1779 5573 2101 5641 caeteris-pie

498 5650 781 5724 prophetis
807 5648 1094 5724 impendit,
1136 5660 1274 5715 quos
1307 5645 1651 5724 dc_llebrmo
1690 5647 1891 5724 vertit:
1925 5660 2099 5724 eaque

499 5715 726 5794 propter
751 5715 949 5794 multisl
967 5733 1092 5775 eum
1119 5718 1467 5794 commendat
1500 5715 1862 5794 Cassiodorus
1885 5716 2098 5794 praefat.

486 5787 558 5852 ad
594 5787 845 5853 Divinar.
876 5787 1110 5851 lit'terar.
1143 5787 1570 5850 institutionem.
1600 5787 1707 5848 Sed
1748 5796 1804 5845 et
1834 5788 1950 5857 ipsa
1976 5788 2097 5846 lau-

2222 3673 2351 3737 gant
2381 3682 2395 3720 :
2444 3665 2523 3721 sic
2556 3675 2612 3721 et
2642 3663 2733 3721 isti
2760 3666 2960 3722 saltem
2990 3681 3159 3721 unum
3200 3676 3324 3739 post
3364 3667 3586 3739 priores
3615 3666 3810 3724 habere

2220 3798 2396 3877 danda
2426 3814 2548 3877 cum
2579 3799 2769 3868 primis
2797 3809 2884 3856 est
2919 3800 3216 3857 Martianzei
3255 3803 3559 3877 diligentia,
3593 3805 3689 3874 qui
3725 3818 3813 3859 ea-

2218 3870 2342 3925 dem
2385 3870 2507 3925 cola
2552 3884 2808 3926 versuum
2847 3879 2905 3927 et
2941 3880 3211 3928 commata
3246 3870 3377 3928 tum'
3397 3889 3465 3930 ex
3494 3870 3809 3931 Cbrbciensi

2218 3954 2361 4015 ms.,A
2379 3950 2492 3996 tum
2521 3944 2684 4015 etiam
2708 3957 2774 4015 ex
2800 3942 2860 3998 S.
2889 3946 3178 4014 Augustini
3207 3944 3467 4015 Speculo,
3492 3947 3589 4002 ubi
3627 3948 3813 4002 Hiero-

2216 4012 2492 4091 nymianze
2516 4013 2789 4091 versionis
2820 4012 3011 4070 versus
3040 4015 3110 4069 ab
3148 4012 3264 4070 una'
3294 4016 3358 4070 ad
3398 4017 3559 4091 aliam
3582 4020 3813 4091 pperico-

2215 4091 2337 4155 pem
2366 4085 2669 4155 smpissime
2695 4096 3071 4154 numerantur,
3107 4100 3213 4141 non
3245 4101 3379 4142 sane
3410 4085 3811 4144 inutili'stndio

2213 4168 2278 4225 ac
2310 4154 2493 4210 labore
2522 4155 2578 4210 in
2615 4168 2712 4210 sua
2743 4155 2987 4211 editione
3029 4159 3287 4213 restituit.
3324 4158 3433 4212 an
3470 4163 3596 4225 ejus
3629 4175 3809 4215 recen-

2212 4224 2681 4297 sionem,Palatini
2702 4242 2806 4293 Ope
2822 4228 3161 4297 codicis,quo
3172 4231 3430 4284 continuo
3453 4224 3685 4297 utimur,
3702 4240 3809 4285 tum

2214 4295 2493 4371 ipsiusrnel
2526 4296 2959 4371 Hieronymianm
2988 4295 3236 4371 Icciionis
3266 4302 3318 4355 in
3361 4295 3804 4367 Commentariis,

2211 4366 2638 4423 emendatiorem
2656 4366 2815 4438 paulo
2843 4384 2905 4423 ac
2931 4369 3210 4425 meliorem
3243 4372 3436 4427 fecisse
3467 4372 3571 4429 visi
3602 4366 3806 4427 sumus.

2290 4439 2675 4515 ftIoncinnius
2721 4438 2982 4515 in_PaIat.
3026 4445 3382 4515 ms.,_quippe
3421 4444 3498 4498 vir
3540 4445 3736 4498 nobilis
3762 4453 3809 4515 et

2210 4509 3041 4583 urbunwietegantiteaPerqua'rn
3083 4509 3215 4583 huic
3237 4509 3415 4583 siiuile
3445 4526 3527 4569 est
3559 4514 3810 4583 Quineti-

2212 4578 2341 4635 liani
2381 4578 2596 4635 clintum
2621 4582 2690 4636 de
2710 4578 2934 4637 Messala
2976 4581 3216 4639 Corvino
3250 4600 3264 4638 :
3297 4582 3512 4640 Nitidus
3538 4578 3606 4639 εἴ
3633 4585 3810 4639 candi-

2207 4650 2308 4774 ἕως
2336 4661 2385 4705 et
2416 4652 2795 4722 quodammodo
2825 4669 2934 4725 prie
2952 4669 3006 4707 se
3027 4655 3193 4728 {eram
3218 4655 3274 4711 in
3311 4656 3529 4711 dicendo
3560 4657 3810 4711 nobilita-

2229 4738 2307 4774 em
2338 4738 2503 4774 suam.

2229 4738 2307 4776 em
2338 4738 2503 4776 suam.

2280 4789 2309 4830 ει
2340 4793 2527 4864 Tradit
2553 4802 2607 4849 et
2633 4794 2692 4851 S.
2722 4794 3056 4863 Augustinus
3087 4796 3153 4851 de
3180 4796 3345 4854 Civil.
3382 4797 3482 4856 Dei
3510 4799 3614 4855 lib.
3654 4813 3806 4864 xvttt,

2206 4876 2328 4943 cap.
2360 4865 2453 4928 ΞΕ),
2489 4863 2559 4917 ita
2592 4868 2761 4943 visum
2802 4871 2868 4922 tle
2897 4869 3055 4943 lsaia,
3098 4876 3166 4943 uti
3188 4887 3219 4921 α
3245 4870 3559 4943 quibusdam
3590 4886 3808 4943 arrange-

2207 4935 2365 4999 lista,
2404 4952 2559 5006 quam
2600 4936 2849 5011 propheta
2896 4940 3070 5011 potius
3115 4935 3388 4996 diceretur.
3434 4942 3598 4997 Paria
3647 4935 3808 4998 habet

2207 5021 2422 5083 rursum
2450 5008 2635 5083 noster
2667 5008 2905 5065 Hieron;
2928 5011 2983 5066 in
3016 5011 3226 5083 prmfat.
3258 5013 3327 5067 ad
3358 5012 3806 5069 Commentarios

2208 5076 2263 5139 in
2291 5091 2412 5133 eum
2437 5080 2775 5147 prophetam.

2285 5158 2310 5225 ξ
2341 5148 2547 5225 Quibus
2587 5152 2901 5225 praesertim,
2933 5151 2985 5207 id
3019 5150 3336 5223 prmStitcrit
3376 5152 3540 5220 locis,
3581 5154 3807 5225 exponit

2208 5218 2266 5275 Β.
2296 5218 2412 5296 ipse
2442 5218 2614 5296 Pater
2641 5223 2905 5296 superiori
2941 5218 3150 5296 prolog.
3181 5218 3535 5296 inAGenesim
3576 5242 3589 5280 τ
3624 5218 3803 5281 Iudici

2208 5290 2453 5363 prudenti
2496 5292 2689 5363 factum
2714 5290 2906 5348 dicunt
2943 5290 3055 5349 esse
3092 5290 3335 5361 Eonsilio,
3373 5314 3436 5352 ne
3476 5296 3801 5352 Ptolema‘us

2209 5359 2364 5437 huius
2399 5359 2505 5437 Dei
2528 5364 2693 5437 cultor
2719 5367 2874 5437 etiam
2907 5365 3050 5437 apud
3081 5359 3330 5421 Hebrwos
3365 5367 3635 5433 duplicem
3674 5369 3803 5421 diri-

2208 5433 2419 5486 nitatcm
2451 5434 2850 5510 deprehenderet
2879 5450 2898 5510 :_
2927 5433 2998 5510 et
3018 5439 3180 5510 paulo
3226 5450 3349 5507 post
3374 5458 3384 5493 :
3413 5438 3657 5510 Denique
3687 5440 3802 5492 ubi—

2207 5519 2424 5579 cumque
2453 5506 2937 5579 sqcrainmgliqttid
2966 5506 3240 5578 scripturn
3268 5517 3483 5564 testatur
3504 5506 3576 5562 de
3610 5508 3799 5571 Putre,

2207 5571 2351 5627 Filio
2382 5582 2430 5627 et
2454 5576 2675 5653 _Spirim
2716 5571 2932 5642 San'cto,
2966 5590 3055 5632 aut
3087 5571 3253 5653 aliter
3284 5581 3613 5653 interpretati
3655 5592 3801 5643 sunt,

2207 5655 2296 5697 aut
2325 5647 2535 5721 omnino
2559 5656 2848 5721 tacuerunt,
2875 5659 2929 5702 ut
2958 5652 3139 5721 etgrcgi
3160 5647 3535 5721 satisfacerent,
3570 5663 3622 5705 et
3648 5667 3804 5706 arca-

2206 5731 2330 5795 num
2364 5717 2491 5795 ﬁdei
2516 5733 2615 5771 non
2648 5719 2942 5795 vuigttreut.
2983 5717 3200 5779 Vidésis
3238 5717 3415 5782 tamen
3442 5737 3564 5795 qua:
3594 5732 3655 5783 ct
3698 5736 3805 5781 nos

2205 5786 2276 5846 ad
2307 5788 2450 5847 hunc
2478 5787 2652 5847 locum
2680 5786 3054 5849 observamus.
