2057 3182
281 142 336 173 ’1⁸15

778 140 808 170 S.
830 136 1022 169 HIERONYMI
1042 135 1157 168 DIVINA
1178 133 1417 169 BIBLIOTHECA.

1886 127 1938 162 776

278 203 413 234 Kalendas
423 201 581 238 vestras,'et
592 200 779 230 solemnitates
800 203 909 228 vestras
923 198 1082 235 odivit;ani-
1095 199 1121 230 Α
1135 199 1168 238 Et
1185 199 1260 238 ibunt
1273 197 1361 238 populi
1378 196 1467 229 multi,
1478 197 1506 238 et
1516 192 1608 238 dicent
1621 201 1628 222 :

355 247 398 268 ma
413 247 472 268 mea
485 248 492 266 ἒ

315 275 386 304 facta
402 279 467 303 sunt
481 274 546 302 mihi
563 273 691 305 molesta,
706 271 828 300 laboravi
841 270 989 300 sustinens.

279 312 314 341 Et
330 319 391 340 cum
405 310 582 339 extenderitis
598 316 693 336 manus
708 312 816 335 vestras

316 351 437 375 avertam
451 346 544 374 oculos
556 351 632 372 meos
643 352 658 371 a
673 343 752 371 vobis
766 351 772 370 :

280 383 390 412 Etcum
406 379 653 417 multiplicaveritis
666 379 829 417 orationem.
845 386 898 407 non
915 377 1059 406 exaudiam
1073 386 1080 404 :

280 423 298 444 r-
317 425 414 446 manus
427 415 523 446 vestite
537 415 668 451 sanguine
685 415 772 450 plena:
785 419 857 442 sunt.

283 454 437 488 Lavamini,
450 451 542 489 mundi
555 455 665 489 estotc._
960 485 966 489 _
1048 483 1066 489 η

316 489 420 530 auferte
430 484 540 516 'malum
556 486 750 522 cogitationum
775 490 928 514 vestrarum
943 485 977 514 ab
992 484 1089 513 oculis

355 532 422 552 IIICIS
436 532 442 551 2

284 561 422 594 Quiescite
439 567 519 594 agere
533 565 671 593 perverse,

320 596 416 622 discite
431 594 593 622 benefacere
610 604 615 620 ι

288 632 406 665 Quaerite
419 630 560 665 judicium,

319 667 460 694 subvenite
477 673 624 700 oppresso,

318 703 439 737 judicatc
452 702 573 737 pupillo;

323 737 462 765 defendite
478 737 595 764 viduam.

290 772 322 800 Et
341 775 443 806 venite,
461 778 485 800 ct
501 774 604 807 atguite
618 780 672 804 me,
688 770 753 799 dicit
767 770 898 798 Dominus
914 778 921 798 :

289 809 316 836 Si
328 809 430 836 iuerint
444 813 553 844 peccata
568 813 656 835 vestra
670 812 698 834 ιιι
712 807 868 839 coccinum,

322 845 398 878 quasi
412 845 455 871 nix
468 844 682 871 tlcalliabuntur;

322 875 348 907 et
363 879 384 906 si
402 880 503 907 fuerint
519 881 598 907 rubra
628 878 705 914 quasi
727 877 905 910 vermiculus,
928 875 1004 905 velut
1024 875 1084 904 lana

358 915 421 942 alba
436 920 525 942 erunt.

289 950 318 978 Si
331 951 481 983 volueritis,
495 955 522 978 et
536 950 678 978 audieritis
693 956 747 983 me,

326 986 394 1012 bona
409 992 489 1013 terra:
505 986 665 1013 comedetis.

289 1021 366 1054 Quod
383 1022 405 1047 si
420 1022 573 1054 nolueritis,
591 1027 617 1049 ct
628 1028 671 1048 me
687 1019 902 1057 provocaveritis

326 1057 357 1083 ad
375 1058 541 1085 iracundiam
557 1067 563 1084 :

319 1092 425 1127 gladius
437 1094 581 1120 devorabit
592 1101 650 1125 vos,
665 1093 726 1128 quia
738 1099 769 1119 os
779 1091 1020 1128 Dominilocutum
1035 1095 1088 1128 est.

286 1126 512 1190 Qu’otgntlo‘rfacta
526 1133 567 1156 est
582 1126 711 1156 meretrix
725 1127 825 1155 civitas
840 1126 941 1160 ﬁdelis,
957 1127 1090 1162 plenaju-

380 1173 423 1190 ICll

380 1166 440 1191 icit?

318 1198 424 1233 iustitia
443 1204 456 1219 ι
470 1200 603 1228 habitavit
613 1200 640 1227 in
653 1207 696 1232 ea,
709 1206 781 1226 nunc
793 1203 883 1226 autem
897 1197 1052 1226 homicidte.

291 1234 442 1269 Argentum
456 1240 529 1263 tuum
544 1243 651 1263 versum
667 1240 709 1263 est
722 1235 749 1262 in
765 1235 883 1265 scoriam
902 1242 909 1260 :

326 1271 419 1298 vinum
436 1275 510 1298 tuum
524 1271 633 1298 mistum
647 1277 689 1299 est
700 1278 781 1306 aqua.

286 1303 429 1341 Principes
451 1307 490 1335 tui
515 1306 640 1335 inﬁdeles
655 1306 709 1343 [ΑΙ.
725 1303 933 1340 inobedientes],
954 1304 1023 1332 socii
1046 1304 1089 1332 fu-

362 1349 446 1369 rum:

325 1384 421 1405 omnes
434 1377 549 1413 diligunt
564 1385 688 1412 munera,
706 1381 857 1413 sequuntur
866 1376 1071 1405 retributiones.

290 1411 399 1446 Pupillo
415 1421 468 1441 non
480 1411 622 1449 jvttdicaut:

327 1453 355 1475 et
371 1455 451 1475 causa
468 1448 555 1477 viduae
571 1457 623 1476 non
639 1448 792 1484 ingreditur
805 1449 838 1476 ad
854 1456 912 1476 eos.

289 1482 405 1516 Propter
420 1484 471 1512 hoc
483 1485 521 1511 ait
534 1485 663 1512 Dominus
672 1482 845 1512 exercituum
859 1483 938 1511 fortis
950 1482 1033 1511 Israel
1047 1492 1054 1511 :

288 1517 364 1545 Heu!
383 1520 545 1547 consolabor
559 1527 642 1554 super
657 1519 780 1547 hostibus
794 1519 872 1552 meis,

327 1560 355 1581 et
368 1555 526 1583 vindicabor
541 1556 575 1583 de
591 1556 707 1583 inimicis
721 1556 801 1583 meis.

289 1588 323 1616 Et
339 1596 495 1621 tonvertam
508 1599 618 1618 manum
634 1598 721 1618 meam
736 1590 769 1618 ad
782 1595 821 1624 te,

326 1629 354 1652 et
368 1633 520 1661 excoquam
535 1628 568 1654 ad
582 1634 678 1661 purum
695 1627 810 1655 scoriam
826 1631 910 1659 tuam,

329 1665 358 1688 et
368 1662 489 1690 auferam
504 1670 585 1690 omne
598 1667 723 1689 stantium
737 1666 824 1690 tuum.

292 1695 327 1723 Et
339 1698 479 1725 restituam
493 1699 598 1732 iudices
612 1702 674 1725 tuos
689 1702 718 1725 ut
740 1698 850 1725 fuerunt
862 1698 947 1733 prius,

330 1736 358 1759 et
371 1734 546 1769 consiliarios
561 1739 620 1761 tuos
633 1734 707 1769 sicut?
717 1734 865 1769 antiquitus
881 1742 887 1759 :

291 1765 357 1807 ᾕρει
370 1768 428 1807 haec
439 1770 579 1807 vocaberis
592 1769 687 1796 civitas
697 1765 854 1804 justifurbs
868 1768 966 1796 ﬁdelis.

292 1802 359 1830 Sion
372 1804 397 1831 in
407 1804 510 1838 judicio
522 1804 684 1833 redimetur.

331 1845 359 1865 et
371 1840 502 1868 reducent
514 1848 574 1868 cant
589 1841 615 1870 in
626 1840 729 1875 iustitia
748 1848 754 1866 :

329 1880 357 1901 et
372 1880 496 1903 conteret
511 1874 653 1907 scelestos,
668 1880 696 1902 et
708 1880 866 1910 peccatores
879 1874 971 1907 simul,

326 1915 354 1937 et
364 1911 409 1945 qui
423 1911 625 1946 dereliquerunt
640 1911 794 1942 Dominum.
809 1915 1015 1942 eonsumentur,

296 1942 501 1974 Confundentur
512 1942 583 1974 enim
595 1947 630 1975 ab
640 1946 731 1980 idolis,
745 1947 846 1982 quibus
856 1946 1091 1974 sacriﬁcaverunt.

332 1986 359 2008 et
373 1982 542 2018 erubescetis
556 1990 639 2017 super
656 1983 751 2016 hortis,
770 1990 839 2018 quos
852 1982 1009 2017 elegeratis,

333 2024 394 2044 cuin
417 2017 524 2045 fueritis
538 2015 612 2046 velut
628 2025 744 2053 quercus
766 2015 820 2053 [λι.
834 2015 915 2045 υτυιῐι
929 2018 1001 2045 enim
1017 2015 1094 2052 quasi

369 2053 547 2089 terebinthus]
562 2053 743 2081 deﬂuentibus
757 2053 841 2087 foliis,

331 2093 358 2115 et
373 2089 449 2125 velut
464 2090 559 2117 hortus
573 2089 676 2125 absque
690 2096 770 2124 aqua.

296 2124 329 2152 Et
343 2123 396 2151 erit
411 2124 544 2153 fortitudo
558 2123 661 2158 vestra,
676 2130 705 2152 ut
717 2123 807 2152 favilla
820 2129 937 2160 stuppat,

329 2164 357 2186 et
373 2167 442 2195 opus
456 2166 578 2188 vestrum
594 2161 670 2196 quasi
686 2160 816 2192 scintilla,

328 2200 355 2222 et
372 2196 553 2224 suecendetur
572 2202 717 2231 utrttmque
732 2196 825 2230 simul,

329 2235 358 2257 et
370 2239 422 2267 non
436 2232 492 2258 erit
503 2233 547 2267 qui
564 2232 725 2266 exstinguat.

291 2266 367 2304 [ϐαρ.
381 2266 425 2303 IL]
441 2265 559 2294 Verbum
575 2267 603 2299 δ,
618 2265 690 2301 quod
704 2266 772 2294 vidit
788 2266 880 2302 Isaias,
893 2265 964 2294 ﬁlius
988 2265 1082 2299 Amos,

367 2309 449 2330 suner
462 2303 557 2330 Judam
572 2308 600 2329 et
617 2302 779 2330 Jerusalem.
1108 2288 1135 2320 Ῑ)
1183 2309 1198 2330 a

367 2302 449 2337 super
462 2303 557 2330 Judam
572 2308 600 2329 et
617 2302 779 2330 Jerusalem.

285 2338 320 2367 Et
341 2339 392 2366 erit
404 2339 430 2365 in
446 2338 602 2365 novissimis
616 2338 712 2365 diebus
722 2342 890 2374 pratparatus
904 2345 982 2366 mons
997 2337 1094 2365 domus

367 2374 471 2402 Domini
488 2374 514 2401 in
524 2374 629 2401 vertice
647 2375 791 2408 montium,

322 2414 350 2437 et
369 2409 519 2437 elevahitur
532 2416 614 2444 super
627 2409 724 2441 colles,

321 2449 350 2474 et
365 2445 450 2473 fluent
465 2445 499 2472 ad
515 2452 577 2473 eum
591 2452 689 2473 omnes
703 2448 807 2480 gentes.

323 2589 335 2605 ι
350 2586 379 2613 In
394 2582 601 2612 Commentario
617 2580 739 2617 praefert.
754 2581 875 2617 requirit.
896 2615 902 2617 _
921 2615 927 2617 ν
1022 2614 1032 2617 Α
1057 2595 1061 2599 ~

323 2620 337 2640 δ
349 2620 416 2648 Nota
431 2619 577 2647 secundam
588 2614 640 2645 dici
651 2622 679 2645 et
690 2617 733 2644 ltic
747 2614 866 2650 incipere
876 2615 1010 2644 visionem
1022 2614 1098 2644 Isaia

290 2657 364 2692 apud
376 2656 567 2692 Hieronymum
584 2654 610 2681 in
624 2654 778 2692 Comment.
799 2652 889 2679 ΜΑῐιτ.

328 2697 339 2711 ο
353 2687 496 2726 Speculum
507 2690 536 2718 S.
553 2688 695 2726 Augustini
709 2691 785 2726 notat
797 2692 852 2726 tres
866 2694 980 2715 versusa
992 2687 1091 2726 verbo,

290 2723 476 2759 adhaeserunt,
500 2732 586 2760 usque
597 2723 645 2752 ‘ad
673 2724 740 2756 ista,
758 2723 927 2760 Repleta__est
944 2728 1012 2750 terra
1037 2723 1094 2758 ejus

289 2763 379 2791 idolis.
393 2761 428 2789 At
442 2758 571 2795 inspectis
584 2760 731 2795 diligenter
746 2758 812 2787 mss.
830 2758 970 2795 codicibus
986 2761 1093 2795 versio—

290 2799 334 2826 nis
348 2793 580 2833 llieronyuiiante,
594 2793 890 2833 Comment._ejusdem
905 2794 935 2822 S.
953 2793 1089 2833 Doetoris,

289 2839 405 2870 quatuor
414 2829 616 2870 describendas
630 2830 826 2870 _jut_lica‘vimus
838 2839 859 2870 _:
874 2834 912 2870 tot
924 2829 997 2857 enim
1013 2837 1089 2856 curn-

292 2865 362 2898 mata
377 2869 486 2903 exigere
500 2867 606 2903 videtur
621 2865 764 2894 distinctio
787 2866 891 2900 periodi
904 2887 911 2898 ,
932 2872 1087 2903 sensusque

290 2900 476 2944 perspicuitas.
499 2902 528 2932 Si
541 2909 621 2941 quem
649 2908 714 2931 vero
726 2906 845 2935 moveat,
868 2900 940 2938 quod
956 2907 1086 2930 numeros

1135 235 1240 265 Venite,
1262 226 1441 260 ascendamus
1457 226 1490 259 ad
1510 235 1632 259 montem
1651 227 1770 263 Domini,
1786 231 1815 257 et
1829 226 1873 262 ad.
1887 226 1937 255 do-

1205 278 1278 297 mum
1298 269 1344 296 Dei
1357 268 1450 300 Jacob,
1674 267 1678 272 '

1169 311 1196 333 et
1212 305 1322 332 αοευὺίι
1334 311 1383 331 nos
1398 304 1456 330 vias
1473 309 1547 334 suas,

1168 347 1194 368 et
1209 340 1406 368 anthulavimus
1421 339 1445 365 in
1461 339 1565 366 semitis
1580 338 1639 373 ejus
1654 345 1662 365 :

1133 378 1202 410 Quia
1217 377 1250 403 tle
1264 375 1328 403 Sion
1344 375 1428 402 exibit
1444 375 1499 407 lex,

1169 418 1196 440 et
1217 412 1329 439 verbum
1347 411 1452 438 DOIIlllll
1469 410 1502 438 de
1516 409 1680 443 Jerusalem,

1136 449 1167 476 Et
1179 448 1309 482 judicahit
1325 452 1430 481 gentes,

1171 480 1198 511 et
1212 488 1305 518 arguet
1321 480 1559 518 populosﬂtnultos,

1171 524 1199 547 et
1211 516 1368 546 conflabant
1378 517 1482 551 gladios
1495 524 1559 544 suos
1573 516 1599 543 in
1614 522 1751 549 vomeres,

1172 560 1200 583 et
1215 555 1324 582 lanceas
1338 560 1401 581 suas
1416 553 1442 580 in
1460 552 1544 580 falces
1557 560 1564 578 :

1135 590 1195 619 Non
1212 589 1312 617 levabit
1325 596 1393 624 gens
1407 592 1500 616 contra
1517 592 1625 624 gentem
1639 586 1771 624 gladium,

1173 633 1222 654 nec
1236 622 1436 653 exercebuntur
1449 624 1519 651 ultra
1533 622 1566 650 ad
1582 622 1715 658 praelium.

1137 662 1238 690 Domus
1252 661 1345 694 Iacob,
1362 660 1463 692 venite,

1173 697 1343 725 ambulemus
1358 697 1383 723 in
1395 695 1497 723 lumine
1508 693 1626 722 Domini.

1137 733 1282 768 Proiecisti
1297 733 1368 759 enim
1384 731 1519 768 populum
1530 737 1616 768 tuum,
1631 729 1843 768 dom_un_t_Jacob
1857 737 1865 756 :

1174 764 1235 804 quia
1252 768 1348 802 repleti
1364 764 1469 804 suntut
1484 765 1584 804 [Vulgi
1594 770 1645 804 tne.
1656 764 1700 804 ut]
1715 765 1792 801 olim,

1174 800 1202 831 ἐι
1216 800 1332 839 augures
1345 800 1498 839 habuerunt
1513 806 1542 828 ut
1553 800 1722 836 'I’hilisthitu,

1173 845 1199 867 et
1214 838 1305 873 pueris
1318 838 1414 866 alienis
1428 838 1610 865 adhaeserunt.

1141 881 1152 895 ε
1165 875 1279 910 Repleta
1291 880 1332 902 est
1345 880 1417 901 terra
1426 878 1542 910 argento
1552 877 1581 900 et
1595 879 1662 910 auro
1675 880 1682 898 :

1176 908 1267 939 et'non
1283 916 1324 938 est
1339 910 1400 937 ﬁnis
1414 909 1602 937 thesaurorum
1617 908 1687 942 ejus,

1141 947 1175 974 Et
1190 948 1294 982 repleta
1309 951 1351 974 est
1363 950 1438 982 terra
1454 944 1513 982 ejus
1532 943 1621 982 equis,

1177 988 1204 1010 et
1219 979 1430 1010 innumerabiles
1445 979 1582 1016 quadriga}
1592 979 1664 1014 ejus.

1141 1018 1176 1046 Et.
1189 1018 1290 1053 repleta
1301 1022 1343 1045 est
1356 1022 1429 1044 terra
1443 1014 1501 1051 ejus
1515 1014 1594 1053 idolis
1607 1023 1614 1041 :

1177 1050 1246 1090 opus
1261 1061 1388 1081 manuum
1405 1050 1515 1079 suarum
1529 1051 1713 1079 adoraverunt
1724 1050 1798 1087 quod
1810 1050 1942 1079 fecerunt

1213 1090 1288 1117 diuiti
1300 1097 1407 1117 eorum.

1140 1126 1175 1155 Et
1190 1098 1511 1161 ingdigalﬁglggﬂi’ulg.
1526 1122 1680 1152 incurvavit
1691 1122 1727 1159 te]
1741 1122 1835 1157 homo,
1851 1127 1881 1151 et
1894 1123 1943 1151 hu-

1215 1161 1334 1189 miliatus
1348 1165 1389 1188 est
1401 1162 1440 1187 vir
1456 1167 1463 1186 :

1177 1205 1212 1226 ne
1227 1205 1294 1233 ergo
1307 1197 1426 1224 dimittas
1441 1195 1490 1223 eis.

1144 1233 1293 1269 Ingredere
1303 1233 1328 1260 in
1340 1237 1465 1269 petram;

1178 1265 1349 1297 abscondere
1361 1268 1434 1295 fnSsa
1449 1267 1531 1296 humo
1545 1274 1560 1294 a
1575 1266 1643 1295 facie
1659 1266 1765 1296 timoris
1779 1265 1901 1301 Domini,
1916 1270 1943 1294 et

1214 1313 1227 1331 a
1242 1305 1328 1337 gleria
1345 1303 1496 1337 maiestatis
1510 1305 1580 1336 ejus.

1142 1339 1155 1360 δ
1171 1341 1246 1368 Oculi
1261 1340 1387 1367 sublimis
1401 1339 1516 1366 hominis
1532 1338 1664 1367 ltutttiliati
1681 1342 1761 1374 sunt,

1184 1382 1211 1404 et
1223 1376 1408 1403 incurvabitur
1420 1374 1534 1402 altitudo
1548 1375 1680 1408 virorum,

1180 1411 1346 1440 exaltabitttr
1361 1414 1451 1438 autem
1468 1411 1598 1438 Dominus
1610 1410 1686 1438 solus
1702 1409 1730 1437 in
1744 1409 1789 1437 die
1800 1409 1857 1437 illa.

1143 1447 1211 1482 Quia
1232 1447 1291 1474 dies
1313 1447 1419 1474 Domini
1433 1447 1601 1474 exercituum
1616 1453 1700 1482 super
1715 1453 1825 1473 omnem
1840 1451 1939 1480 super-

1215 1483 1291 1516 bum,
1302 1487 1329 1511 et
1341 1483 1490 1515 excelsum,

1178 1524 1205 1546 et
1219 1527 1300 1553 super
1312 1525 1422 1546 omnem
1437 1521 1621 1551 arrogantem,
1637 1523 1664 1545 et
1680 1516 1878 1544 humiliabitur.
1914 1533 1916 1535 -

1142 1554 1178 1582 Et
1190 1562 1273 1590 super
1285 1561 1380 1582 omnes
1392 1553 1489 1581 cedros
1502 1554 1598 1590 Libani
1614 1553 1746 1581 sublimes
1761 1556 1789 1581 et
1804 1557 1926 1586 erectas,

1179 1595 1208 1618 et
1221 1598 1302 1625 super
1316 1597 1410 1618 omnes
1425 1597 1540 1625 quercus
1556 1589 1654 1616 Busan.

1145 1626 1179 1654 Et
1189 1633 1271 1661 super
1285 1633 1379 1653 omnes
1396 1630 1502 1653 montes
1516 1625 1649 1656 excelsos,

1180 1666 1207 1689 et
1220 1669 1302 1696 super
1317 1668 1412 1689 omnes
1426 1662 1512 1688 colles
1525 1661 1655 1687 t-lctatos.

1145 1697 1177 1725 Et
1189 1705 1271 1732 super
1282 1704 1390 1724 omnem
1407 1702 1507 1724 turrctn
1520 1696 1670 1728 excelsam,

1181 1738 1208 1760 et
1221 1740 1301 1767 super
1315 1740 1423 1760 omnem
1440 1740 1545 1759 lllllllllll
1561 1732 1705 1758 munitum.

1146 1768 1179 1796 Et
1195 1777 1276 1803 super
1290 1776 1386 1796 omnes
1399 1776 1482 1795 naves
1496 1767 1619 1799 Thnrsis,

1181 1809 1209 1831 et
1228 1802 1310 1838 Super
1324 1811 1404 1831 omne
1419 1803 1489 1838 quod
1505 1804 1562 1829 \isu
1584 1802 1729 1837 pulchrum
1743 1805 1795 1830 est.

1146 1839 1183 1868 Et
1192 1839 1381 1866 incurvabitur
1392 1840 1544 1866 sublimitas
1561 1839 1711 1872 hominum,

1182 1880 1208 1903 et
1224 1875 1409 1902 humiliabitur
1423 1875 1539 1901 altitudo
1552 1873 1672 1901 virorum
1685 1893 1692 1904 .

1182 1916 1208 1937 et
1223 1910 1370 1938 elcvabitur
1387 1910 1517 1937 Dominus
1531 1909 1606 1936 solus
1622 1909 1648 1936 in
1660 1908 1706 1936 die
1720 1908 1767 1937 illa
1780 1917 1786 1936 :

1182 1951 1209 1973 et
1224 1946 1294 1973 idula
1311 1947 1418 1980 penitus
1431 1949 1625 1972 conterentur:

1146 1982 1180 2010 Et
1192 1978 1341 2009 introibant
1353 1982 1379 2008 in
1395 1981 1538 2016 speluncas
1553 1986 1704 2016 petrarum,
1719 1983 1747 2008 et
1758 1979 1785 2007 iit
1801 1978 1945 2015 voragines

1220 2023 1310 2051 terrae,

1182 2061 1197 2080 a
1206 2052 1274 2081 facie
1283 2053 1434 2080 formidinis
1440 2051 1558 2085 Domini,
1566 2056 1594 2079 et
1600 2059 1614 2079 a
1624 2051 1706 2086 gloria
1715 2050 1868 2087 maiestatis
1875 2050 1943 2086 ejus,

1183 2096 1244 2116 cum
1260 2089 1410 2116 surrexerit
1423 2092 1564 2122 percutere
1580 2092 1691 2115 terram.

1148 2124 1176 2152 lu
1191 2124 1235 2151 die
1250 2124 1296 2151 illa
1313 2124 1436 2159 projicict
1449 2126 1530 2151 homo
1542 2123 1617 2159 idola
1630 2123 1735 2158 argenti
1743 2122 1802 2159 rsui,

1184 2165 1210 2187 et
1226 2157 1369 2187 simulacra
1383 2160 1440 2186 auri
1456 2160 1509 2192 sui,
1525 2166 1584 2194 qua:
1602 2157 1703 2186 fecerat
1717 2158 1786 2192 sibi,
1803 2161 1835 2186 ut
1847 2157 1946 2185 adora-

1220 2199 1262 2222 ret
1276 2195 1364 2230 talpas
1378 2200 1407 2222 et
1426 2194 1644 2229 vespertiliones.

1148 2231 1182 2259 Et
1214 2231 1381 2265 ingredietur
1409 2232 1545 2258 scissuras
1570 2235 1730 2266 petrarum,
1758 2234 1786 2257 et
1812 2235 1945 2257 cavernas

1219 2273 1346 2294 saxomm
1355 2288 1362 2299 ,

1214 2301 1284 2343 facie
1298 2301 1450 2330 formidinis
1464 2301 1586 2335 Dontini,
1603 2307 1631 2330 et
1652 2310 1667 2330 a
1684 2301 1770 2337 gloria
1793 2299 1944 2336 majestatis

1219 2345 1277 2372 ejus
1286 2358 1294 2371 ,

1184 2381 1245 2401 Clllll
1263 2374 1415 2401 surrexerit
1430 2377 1571 2408 percutere
1586 2378 1699 2401 terram.

1148 2409 1285 2450 Quiescite
1299 2416 1364 2444 ergo
1376 2409 1410 2437 ab
1423 2407 1532 2437 homine
1543 2430 1551 2444 ,
1566 2408 1644 2444 cujus
1663 2408 1775 2445 spiritus
1790 2407 1818 2436 in
1834 2407 1945 2435 naribus

1223 2452 1285 2480 ejus
1299 2465 1306 2479 ,

1151 2588 1277 2610 versuum
1289 2583 1433 2618 ascriptos,
1449 2581 1475 2610 in
1491 2582 1610 2617 Speculo
1621 2582 1758 2612 interdum
1770 2582 1943 2619 abjiciamns,

1150 2619 1305 2645 meminerit
1325 2626 1419 2646 errore
1435 2619 1636 2653 cxscriptoruut
1662 2620 1747 2647 fuisse
1771 2619 1944 2653 depravatos,

1149 2658 1179 2680 ut
1193 2654 1309 2688 probant
1320 2653 1421 2681 diversi
1438 2655 1544 2682 nttnteri
1563 2655 1588 2682 in
1602 2655 1717 2682 diversis
1730 2654 1841 2690 Speculi
1856 2662 1946 2682 exem-

1148 2690 1267 2724 plaribus
1282 2690 1423 2724 assignati.
1442 2689 1534 2717 Mam.

1183 2723 1196 2743 ά
1209 2725 1263 2751 lluc
1288 2723 1368 2752 modo
1383 2725 1477 2760 legunt
1492 2725 1659 2760 exemplaria
1680 2725 1812 2759 Canouis,
1827 2730 1854 2753 et
1869 2725 1948 2753 Com-

1146 2761 1341 2788 mentariorum
1366 2760 1495 2788 similiter
1524 2762 1551 2788 in
1568 2761 1763 2788 vetustioribus
1787 2761 1868 2788 libris
1881 2768 1946 2788 mss.

1145 2796 1197 2822 Alii
1215 2800 1269 2823 tum
1283 2796 1348 2823 editi
1362 2817 1369 2829 ,
1384 2801 1439 2831 tum
1457 2797 1647 2831 manuscripti,
1663 2796 1733 2823 oculi
1761 2796 1884 2824 sublimes
1902 2796 1947 2821 Ito-

1142 2831 1231 2894 gitim‘s.
1250 2831 1353 2861 Littera
1379 2830 1514 2861 Hebraica
1527 2853 1535 2868 ,
1562 2830 1630 2860 oculi
1653 2831 1806 2861 elevationis
1826 2831 1947 2860 Itominic.

1169 2874 1233 2894 AltT.

1169 2874 1233 2895 ART.
