4114 6364
335 312 437 366 777

407 430 530 499 quia
566 429 814 483 excelsus
846 437 1121 497 reputatns
1151 435 1235 480 est
1260 426 1392 481 ipse.
1437 467 1456 499 _.

337 497 490 572 [Cap
517 502 936 572 llI.\ECceenitn
962 501 1268 572 dominator
1293 497 1554 572 Domitius
1574 503 1929 554 exercituum.

411 570 626 628 auferet
650 590 678 625 a
709 573 1010 626 Jerusalem
1041 583 1095 626 et
1120 588 1149 624 a
1174 571 1309 626 Jnda
1339 570 1572 622 validum
1603 583 1656 624 et
1690 572 1907 638 tortum,

410 661 571 700 omne
596 645 762 699 robur
795 645 969 712 panis,
994 653 1050 696 et
1070 659 1230 698 omne
1263 643 1428 697 robur
1451 658 1602 712 aqua:
1626 658 1638 706 ;

338 717 591 781 Rortem,
623 726 676 771 et
704 717 877 770 virum
912 716 1256 782 bellatorem,

407 789 666 858 judiccm,
691 798 744 842 et
768 788 1106 858 prophetam,

410 870 466 915 et
496 862 746 922 ariolum,
780 868 835 913 et
862 876 1076 914 senem:

339 933 648 1001 Principem
673 949 836 997 super
861 931 1249 1001 quinquaginta
1270 975 1281 994 ,

412 1015 468 1059 ct
501 1005 874 1059 ltunorabilcnt
900 1007 1082 1068 vultu,

340 1076 411 1133 Et
434 1078 804 1134 consiliarium
839 1077 1139 1147 sapientem
1167 1075 1233 1130 de
1263 1075 1578 1132 architectis
1607 1078 1616 1147 ι
1641 1077 1722 1128 .Il.
1758 1073 1934 1128 archi-

491 1149 744 1221 tectum],

413 1233 467 1276 et
499 1224 820 1290 prudentem
851 1221 1049 1290 eloquii
1084 1221 1316 1289 mystici.

414 1293 482 1348 Et
503 1295 642 1347 dabo
673 1308 866 1363 pueros
894 1294 1165 1360 principes
1188 1308 1399 1361 eorum,

413 1377 468 1421 ct
491 1367 782 1420 effeminati
811 1365 1234 1418 dominabuntur
1263 1367 1360 1418 eis.

341 1436 408 1492 Et
443 1440 615 1494 irruet
643 1440 892 1507 papulas,
927 1438 1008 1490 vir
1030 1437 1093 1489 ad
1124 1436 1333 1499 virum,

415 1511 780 1581 unusquisque
803 1508 866 1561 ad
907 1509 1210 1578 proximum
1235 1523 1390 1561 suum
1418 1525 1431 1562 :

555 1581 967 1636 tun'tultuabitur
995 1596 1126 1649 pner
1147 1589 1336 1634 contra
1369 1595 1577 1644 senem,

414 1659 470 1708 et
498 1653 750 1723 ignobilis
781 1663 968 1706 contra
993 1652 1247 1704 nubilem.

342 1721 730 1796 Apprehendet
781 1727 924 1779 enim
977 1727 1056 1777 vir
1102 1725 1322 1777 fratrem
1374 1737 1529 1777 suum
1575 1721 1938 1778 domesticum

488 1799 655 1868 patris
682 1796 806 1853 sui:

343 1867 740 1927 VeSIintentutn
768 1869 860 1924 tibi
886 1878 988 1929 est,
1019 1867 1272 1937 princeps
1297 1875 1412 1921 esti)
1445 1874 1650 1933 noster,

418 1943 570 1996 ruina
605 1955 784 1996 autem
821 1943 933 1994 hzec
962 1941 1061 1993 sub
1088 1956 1248 1994 manu
1281 1950 1392 1993 tua.

345 2014 718 2082 Respondebit
744 2015 795 2067 in
829 2013 916 2067 die
949 2012 1034 2066 illa
1055 2053 1068 2074 ,
1105 2014 1288 2064 dicens
1315 2028 1328 2062 :

416 2080 535 2140 Non
565 2103 683 2139 sum
710 2087 950 2140 medicus
978 2126 991 2146 ,
1025 2093 1079 2138 et
1110 2086 1160 2137 in
1187 2085 1348 2138 domo
1377 2099 1496 2139 mea
1526 2091 1736 2139 nonest
1764 2080 1938 2152 panis,

416 2174 594 2229 neque
622 2161 1006 2212 vestimentum
1038 2173 1050 2208 :

343 2229 522 2286 Nolite
553 2232 884 2284 constituere
915 2245 999 2282 me
1033 2229 1334 2298 prittcipem
1369 2229 1572 2298 populi.

343 2302 476 2358 Ruit
504 2303 648 2357 enim
673 2302 1000 2361 Jerusalem,
1029 2309 1083 2354 et
1105 2301 1270 2354 .Iudas
1301 2303 1538 2353 concidit
1569 2317 1579 2352 :

415 2375 540 2445 quia
573 2377 752 2444 lingua
793 2388 982 2428 eorum
1010 2381 1063 2428 et
1095 2373 1509 2427 adinventiones
1532 2387 1721 2428 eorum
1752 2378 1940 2426 contra

489 2445 811 2513 Dominum,

418 2527 477 2572 ut
507 2526 864 2583 provocarent
891 2516 1076 2573 oculos
1113 2517 1411 2587 majestatis
1438 2517 1572 2589 ejus.

347 2589 563 2661 Agnitio
596 2591 772 2646 vultus
801 2606 985 2646 eorum
1018 2591 1299 2658 respondit
1328 2592 1441 2657 eis,

420 2677 474 2718 et
503 2677 776 2731 peccatum
817 2679 970 2716 suum
1003 2664 1156 2730 quasi
1191 2664 1426 2717 Sodoma
1469 2660 1903 2732 prmdicaverunt
1926 2701 1940 2728 ,

493 2751 594 2791 nec
620 2735 1050 2788 absconderant:

348 2806 445 2864 Va:
475 2807 669 2862 animae.
694 2823 880 2861 eorum
904 2824 916 2859 :

423 2880 677 2948 quoniam
709 2879 916 2933 reddita
948 2888 1071 2933 sunt
1095 2880 1172 2934 eis
1202 2879 1363 2934 mala.

352 2951 524 3007 Dicite
548 2952 696 3020 ju~to
725 2953 981 3020 quoniam
1015 2951 1182 3018 bene,

427 3025 681 3092 quoniam
703 3023 932 3077 fructum
959 3022 1402 3078 adinventionum
1429 3037 1652 3079 suarum
1672 3020 1941 3077 comedet.

353 3094 449 3151 Va:
481 3095 644 3162 impio
673 3096 722 3149 in
749 3095 947 3150 malum
980 3111 993 3148 :

429 3168 713 3221 retributio
745 3169 887 3222 enim
926 3183 1181 3224 manuum
1210 3167 1328 3236 ejus
1358 3168 1446 3222 fiet
1474 3168 1545 3222 ei.

355 3238 618 3309 Populum
649 3256 826 3293 meum
856 3250 1138 3294 exactores
1161 3230 1640 3310 suispoliaVerunt
1660 3279 1676 3310 ,
1973 3230 2018 3292 C

427 3319 483 3366 ct
514 3311 772 3365 mulieres
798 3311 1088 3366 dominata:
1116 3321 1239 3366 sunt.
1270 3309 1386 3380 ejus
1418 3310 1540 3382 [ΑΙ.
1567 3309 1701 3378 eis].

355 3381 564 3452 Popule
591 3399 763 3446 meus,
787 3385 876 3454 qui
903 3385 1114 3438 beatum
1144 3395 1195 3436 te
1217 3377 1549 3454 diutina-ipsi
1579 3392 1631 3437 te
1648 3377 1944 3450 decipiunt,

431 3464 485 3510 et
513 3458 655 3508 viam
685 3453 968 3524 gresSuum
1002 3465 1217 3512 tuorum
1249 3453 1536 3524 dissipant.

359 3525 476 3582 Stat
503 3527 569 3581 ad
597 3526 946 3595 judicandum
973 3527 1266 3591 Dominus,

433 3608 489 3652 et
515 3609 620 3651 stat
650 3601 714 3653 ad
743 3599 1065 3664 judicandos
1100 3599 1346 3665 pOpqus.

362 3669 622 3725 Dominus
651 3671 715 3724 ad
743 3672 1005 3736 judicium
1034 3664 1213 3726 veniet
1235 3687 1358 3726 cum
1390 3669 1613 3725 senibus
1646 3664 1950 3740 populisui,

435 3753 489 3797 et
517 3743 851 3813 principibus
883 3743 1000 3811 ejus
1024 3760 1036 3796 2

364 3813 476 3869 Vos
506 3811 647 3868 enim
679 3811 887 3884 depasti
927 3816 1056 3868 estis
1080 3815 1293 3869 vincam
1335 3813 1456 3884 [ΑΙ.
1490 3813 1615 3867 add.
1652 3811 1882 3880 meam],

437 3889 624 3955 rapina
659 3887 914 3954 pauperis
943 3887 994 3938 iu
1025 3887 1187 3940 domo
1220 3895 1422 3940 vestra.

365 3958 543 4024 Quare
568 3956 798 4012 atteritis
828 3957 1082 4026 pupulum
1118 3973 1326 4019 meum,

439 4039 493 4084 et
517 4030 681 4085 facies
705 4045 1001 4099 pauperum
1019 4027 1370 4095 commolitis,
1388 4027 1517 4083 dicit
1542 4027 1798 4084 Dominus
1818 4026 1960 4082 Deus

511 4104 845 4156 exercituum
871 4101 894 4154 ?

369 4173 440 4229 Et
460 4173 593 4228 dixit
618 4174 917 4228 Dominus:

372 4245 477 4303 Pro
505 4263 569 4300 eo
596 4247 736 4318 quod
760 4247 983 4302 elevata:
1009 4255 1134 4302 sunt
1155 4245 1280 4300 filia:
1311 4246 1464 4310 Sion,

445 4329 495 4374 et
523 4316 940 4374 ambulaverunt
969 4329 1189 4372 extento
1232 4319 1374 4373 collo
1395 4359 1409 4384 ,
1444 4327 1499 4372 et
1534 4316 1754 4372 nutibus
1780 4317 1966 4373 oculo-

515 4408 633 4445 rum
667 4392 833 4458 ibant,
867 4401 920 4444 et
947 4391 1302 4458 plaudebant:

443 4463 827 4529 ambulabant,
871 4470 927 4518 et
957 4463 1008 4517 in
1040 4463 1268 4534 pedibus
1311 4461 1424 4518 suis
1456 4460 1762 4532 composito
1800 4458 1966 4531 gradu

519 4536 839 4589 incedebant
868 4554 880 4588 :
1489 4591 1492 4594 ,

375 4605 686 4663 Decalvabit
720 4606 981 4659 Dominus
1007 4605 1269 4660 verticem
1299 4607 1534 4662 filiarum
1563 4607 1717 4670 Sion,

447 4688 503 4733 et
561 4677 819 4800 Déitginus
862 4676 979 4748 [AL
1023 4685 1122 4730 tuc.
1173 4678 1472 4748 Dominusl
1526 4680 1732 4733 crinem
1783 4688 1969 4730 earum

517 4764 588 4800 nu
631 4766 656 4799 a
703 4760 759 4800 tl.

517 4749 759 4801 nudabh.

379 4819 441 4876 In
470 4816 557 4875 die
583 4819 671 4872 illa
703 4818 913 4876 auferet
935 4819 1196 4876 Dominus
1223 4829 1598 4877 ornamentum
1631 4820 1972 4876 calceamen-

524 4902 723 4954 torum,

454 4976 510 5020 et
540 4963 776 5046 lunulas,
809 4973 864 5020 et
898 4973 1139 5036 torques,
1165 4975 1218 5022 et
1246 4964 1464 5022 monilia
1492 5007 1505 5033 ,
1535 4975 1590 5021 et
1613 4963 1888 5031 armillas,
1920 4969 1974 5018 ct

526 5047 738 5101 mitras,

383 5109 449 5166 Et
479 5107 900 5174 discriminalia,
927 5117 981 5162 et
1010 5109 1366 5177 periscelides
1387 5151 1401 5175 ,
1433 5118 1486 5164 et
1527 5107 1888 5174 murmaulas,
1923 5113 1978 5160 et

526 5178 888 5248 olfactoriola,
913 5192 966 5235 et
994 5182 1212 5236 inaures
1233 5227 1247 5250 ,

455 5262 508 5310 et
539 5253 792 5316 annulos,
828 5263 885 5308 et
913 5270 1157 5322 gemmas
1187 5257 1240 5308 in
1273 5255 1447 5310 fronte
1474 5252 1771 5324 pendentes
1797 5292 1812 5317 ,

455 5334 510 5381 et
534 5327 847 5393 mutatoria,
879 5337 932 5380 et
961 5327 1144 5394 pallia,
1178 5337 1232 5380 et
1258 5326 1603 5390 linteamina,
1637 5336 1690 5378 et
1722 5339 1871 5387 acus,

459 5453 482 5480 ⁰
543 5443 720 5500 Unum
765 5444 1147 5512 Symmachum
1197 5443 1533 5500 transtulisse
1579 5443 1790 5496 electam
1834 5440 1996 5495 tradit

387 5516 446 5571 S.
499 5515 658 5571 Pater
691 5519 744 5568 in
786 5517 1099 5573 Comment.
1134 5519 1224 5572 tibi
1255 5527 1307 5572 et
1338 5517 1593 5585 praeferre
1622 5515 1734 5584 ipse
1757 5514 1996 5580 videtur,

390 5588 587 5642 vineam
617 5590 832 5642 Sorerlt.

460 5659 486 5696 ιι
511 5659 582 5713 Ita
611 5675 740 5713 mss.
767 5677 956 5716 omnes
976 5662 1298 5716 vetustiores
1326 5676 1386 5715 ac
1403 5657 1640 5714 melioris
1674 5669 1815 5712 noue
1851 5657 2002 5727 juxta

391 5731 441 5802 id
498 5731 639 5798 quod
693 5733 882 5802 tegitur
937 5735 985 5786 in
1037 5733 1197 5787 Hebr.
1244 5733 1298 5786 Iit
1354 5747 1559 5786 canone
1603 5732 1661 5785 S.
1711 5729 2004 5785 Germani:

394 5800 460 5856 In
489 5802 698 5857 auribus
745 5800 867 5858 meis
897 5816 1013 5858 sunt
1035 5846 1049 5871 ,
1080 5806 1188 5858 Iure
1224 5805 1345 5857 dicit
1375 5804 1628 5857 Dominus
1669 5803 2005 5858 exercituum.

397 5875 568 5933 Porro
616 5885 925 5946 corruptam
974 5892 1094 5930 εδει)
1132 5879 1414 5930 lectionem
1471 5875 1800 5945 huiusmodi,
1853 5873 2013 5929 docet

934 5972 1214 6032 PATBOL.
1263 5969 1560 6031 XXVIII.

1530 305 1728 362 LIBER
1770 306 1974 364 ISAIAE
2017 309 2433 366 PROI’IIE'I'A‘J.

1959 430 2015 489 Λ

1997 4638 2052 4698 D

3530 314 3634 369 778

2115 441 2162 484 et
2194 433 2436 497 Specula,
2471 438 2516 481 ei
2550 419 2827 489 sindones,
2853 434 2905 479 ei
2939 425 3120 490 vittas,
3151 432 3204 479 et
3229 424 3501 480 tlteristt‘a.

2042 502 2106 555 Et
2137 503 2230 555 erit
2271 521 2365 570 pro
2394 501 2539 556 suavi
2573 500 2737 552 odore,
2768 501 2923 563 fetor,
2968 519 2979 536 π

2112 586 2166 629 et
2198 591 2296 642 pro
2325 591 2457 628 zona
2483 574 2770 637 funiculus,

2112 657 2166 700 et
2199 662 2294 713 pro
2327 648 2586 710 crispanti
2617 646 2770 697 crine
2799 642 3100 703 calvitium,

2114 727 2164 771 et
2197 734 2291 785 pro
2322 719 2484 770 fascia
2513 715 2773 787 pectorali
2800 715 3057 787 cilicium.

2039 783 2394 845 Pulcherrimi
2426 783 2644 857 quoque
2680 787 2782 840 viri
2814 785 2888 840 tui
2912 785 3094 856 gladio
3123 783 3348 851 cadent,

2111 871 2165 916 et
2195 862 2360 914 fortes
2397 862 2470 913 tui
2505 861 2557 912 in
2591 859 2796 926 prtclio.

2039 933 2103 988 Et
2136 934 2459 993 mmrebnnt,
2491 941 2650 1001 atque
2683 930 2939 999 Iugehunt
2963 941 3137 998 portae
3165 929 3283 996 ejus

2109 1015 2159 1060 et
2197 1006 2313 1075 ΙΑΙ.
2359 1003 2483 1057 add.
2517 1005 2628 1070 ipsa
2663 1003 2821 1075 urbsl
2850 1003 3090 1055 desolata
3131 1005 3180 1054 in
3231 1012 3371 1075 terra
3404 1002 3634 1059 sedebit.

2041 1073 2204 1149 {Cal}.
2240 1077 2326 1131 IV.
2361 1076 2368 1145 ι
2403 1073 2905 1149 Etapprehendent
2941 1083 3148 1143 septem
3190 1073 3447 1128 mulieres
3466 1075 3636 1132 virum
3705 1079 3722 1088 ’

2187 1166 2348 1202 unum
2381 1149 2431 1200 iit
2460 1147 2546 1200 die
2585 1147 2670 1199 illa
2704 1146 2979 1200 dicentes:

2042 1221 2242 1276 Panem
2274 1232 2514 1274 nosmnn
2547 1218 2924 1283 comedennts,
2956 1227 3011 1272 et
3045 1215 3385 1272 vestimentis
3432 1222 3634 1276 nostris

2181 1295 2524 1362 operiemur:
3043 1333 3046 1336 «

2115 1365 2495 1420 tantummodo
2543 1363 2830 1437 invocetur
2867 1380 3064 1418 nomen
3111 1374 3255 1420 tuum
3302 1382 3466 1437 super
3500 1383 3598 1422 nos
3625 1408 3639 1433 ,

2187 1444 2338 1490 aufer
2365 1436 2715 1504 opproln'iunt
2742 1446 3009 1489 nostrum.

2042 1511 2098 1565 In
2123 1510 2208 1564 die
2236 1509 2349 1566 illa.
2376 1508 2478 1562 erit
2499 1523 2724 1577 germen
2749 1507 2962 1561 Domini
2991 1508 3042 1562 in
3076 1509 3478 1581 magnificentia
3509 1513 3636 1567 etin

2185 1581 2380 1649 gloria,

2115 1661 2172 1708 et
2192 1654 2398 1706 fructus
2430 1661 2586 1708 terre.
2616 1652 2886 1716 sublimis,

2115 1737 2162 1780 et
2194 1725 2484 1779 exsultatio
2513 1725 2594 1777 Itis
2621 1726 2708 1793 qui
2741 1724 2934 1777 salvati
2967 1723 3167 1778 fuerint
3191 1726 3256 1780 de
3287 1726 3474 1783 Israel.

1971 1821 2021 1882 Β
2050 1797 2117 1851 Et
2153 1798 2254 1880 erit
2278 1796 2498 1882 :IOmnis
2521 1797 2613 1864 qui
2637 1796 2857 1850 relictus
2880 1795 3042 1850 fuerit
3064 1799 3113 1850 in
3136 1798 3288 1864 Sion,
3313 1809 3366 1854 et
3391 1798 3644 1855 residuus

2191 1869 2243 1922 in
2276 1868 2579 1922 Jerusalem
2605 1911 2619 1933 ,

2120 1952 2339 1996 sanctus
2371 1941 2682 2008 vocabitur,
2715 1938 2896 1993 omnis
2931 1941 3022 2009 qui
3063 1940 3296 2010 scriptus
3343 1953 3424 1998 est
3456 1945 3509 1998 in
3540 1943 3648 1998 vita

2189 2014 2239 2067 in
2263 2013 2584 2066 Jerusalem.

2048 2085 2103 2141 Si
2139 2085 2369 2139 abluerit
2401 2084 2660 2138 Dominus
2692 2083 2904 2137 sordem
2942 2082 3172 2138 filiarum
3195 2084 3348 2149 Sion,

2121 2165 2176 2211 ct
2205 2157 2523 2226 Sanguinem
2552 2154 2848 2209 Jerusalem
2875 2156 3067 2209 laverit
3095 2157 3161 2209 de
3185 2157 3364 2211 IllCle
3393 2157 3534 2226 ejus.

2120 2231 2309 2296 θιὼ-ιω
2330 2227 2517 2294 judicii
2547 2237 2600 2280 et
2627 2229 2818 2293 spiritu
2843 2227 3183 2298 ardorisliztl.
3206 2229 3644 2299 combustinnisl.

2049 2302 2120 2358 Et
2157 2301 2364 2356 creabit
2424 2300 2681 2352 Dominus
2735 2315 2900 2362 super
2956 2315 3170 2352 omnem
3226 2302 3400 2353 locum
3449 2305 3648 2356 montis

2193 2374 2349 2434 Sion,
2384 2382 2436 2426 et
2467 2371 2552 2424 ubi
2585 2371 2864 2424 invoc:itns
2892 2380 2995 2430 est,
3024 2371 3222 2422 nubem
3251 2388 3348 2439 per
3371 2373 3536 2437 diem,

2121 2455 2174 2500 et
2198 2444 2403 2498 fumum
2423 2443 2834 2510 etsplcndorem
2860 2444 2995 2510 ignis
3016 2442 3347 2495 flammantis
3366 2445 3416 2497 in
3442 2453 3600 2499 nocte
3628 2460 3642 2498 :

2121 2532 2284 2579 suiier
2314 2532 2528 2568 onmem
2561 2515 2703 2566 enim
2727 2515 2953 2582 gloriam
2985 2513 3274 2582 protectio.

2051 2591 2115 2647 Et
2147 2588 2551 2643 tabernaculum
2591 2587 2696 2640 erit
2745 2588 2794 2638 in
2839 2585 3208 2637 umbraculum
3244 2585 3347 2639 diei
3380 2586 3447 2639 ab
3475 2597 3644 2650 :cstu,

2122 2672 2178 2718 et
2227 2663 2275 2714 in
2329 2660 2676 2714 securitatem
2721 2667 2774 2712 et
2817 2657 3233 2710 absconsionem
3274 2673 3300 2709 a
3347 2658 3562 2713 turbine
3592 2666 3649 2714 et

2195 2734 2395 2804 pluvia.

2051 2818 2215 2892 [ϐιῳ.
2259 2814 2360 2892 γ.μί
2405 2813 2648 2867 Cantabo
2698 2812 2817 2892 [AL
2868 2812 2998 2892 add:
3047 2809 3230 2881 nunc]
3271 2810 3471 2867 dilecto
3523 2827 3646 2866 meo

2192 2888 2462 2944 canticum
2498 2884 2762 2954 patruelis
2792 2885 2918 2950 mei,
2953 2884 3125 2938 viuere
3153 2898 3286 2937 sum.

2048 2971 2220 3028 Vinea
2245 2971 2382 3022 facta
2413 2977 2492 3021 est
2523 2967 2721 3020 dilecto
2749 2980 2891 3020 meo.

2194 3043 2247 3096 in
2281 3056 2447 3094 cornu
2478 3040 2586 3092 filio
2615 3038 2741 3092 olei.

2052 3128 2118 3182 Et
2141 3122 2335 3194 sepivit
2357 3137 2474 3194 eam
2499 3129 2552 3174 et
2580 3118 2786 3194 lapides
2815 3118 2978 3187 elegit
3006 3134 3072 3173 ex
3101 3115 3190 3172 illa
3209 3157 3222 3182 ,

2125 3206 2179 3251 et
2207 3192 2473 3265 plantavit
2496 3202 2519 3228 ιι
2553 3207 2670 3246 eam
2703 3192 2964 3256 electam,

2053 3279 2122 3335 Et
2146 3275 2436 3330 a'diftcavit
2468 3274 2657 3326 turrim
2689 3271 2742 3324 in
2775 3269 2952 3324 medio
2979 3271 3096 3341 ejus
3125 3313 3138 3337 ,

2124 3360 2178 3405 et
2206 3347 2443 3402 torcular
2469 3344 2742 3400 exstruxit
2769 3341 2821 3396 in
2853 3359 2914 3396 ea
2945 3361 2955 3394 :

2054 3431 2123 3486 Et
2153 3426 2506 3496 exspectavit,
2535 3435 2589 3477 nt
2619 3424 2820 3478 faceret
2851 3437 3005 3489 uvas,

2127 3513 2177 3556 ct
2210 3499 2335 3555 fecit
2367 3498 2666 3551 lahruscas.

2057 3584 2212 3638 Nunc
2240 3595 2392 3649 ergo,
2420 3578 2760 3631 habitatores
2787 3573 3112 3649 Jerusalem,
3148 3582 3203 3628 et
3233 3573 3333 3628 viri
3363 3573 3523 3638 Juda,

2127 3648 2362 3725 judicate
2394 3651 2536 3703 inter
2566 3664 2651 3702 me
2672 3657 2728 3701 et
2754 3648 2964 3701 vineam
2999 3661 3199 3700 meam.

2060 3736 2200 3805 Quid
2229 3744 2312 3790 est
2341 3732 2482 3803 quod
2515 3730 2678 3805 debui
2698 3729 2845 3805 ultra
2887 3727 3265 3805 facere‘vinete

2133 3824 2289 3873 meze,
2321 3797 2373 3859 et
2405 3819 2512 3857 non
2542 3801 2641 3855 feci
2671 3801 2679 3870 ἱ
2708 3800 2792 3873 At.
2829 3797 3083 3868 fecerim]
3115 3798 3203 3852 ei?

2062 3883 2143 3937 An
2165 3868 2307 3951 quod
2323 3874 2654 3951 exspectavi,
2675 3868 2890 3951 utfacei
2907 3882 2955 3951 et
2977 3885 3126 3951 uvas,
3147 3879 3200 3950 et
3217 3868 3658 3951 fecitlabruscas?

2064 3955 2132 4008 Et
2153 3939 2294 4006 n'une
2313 3939 2593 4002 oste—udam
2623 3944 2776 3998 vobis
2803 3943 2928 4008 quid
2953 3957 3052 4007 ego
3079 3939 3268 3994 faciam
3295 3941 3468 3994 vine-.e
3493 3957 3655 4005 mete;

2137 4025 2380 4078 auferam
2412 4035 2596 4086 sepem
2621 4016 2758 4085 ejus.
2793 4023 2846 4067 et
2875 4015 2980 4067 erit
3009 4013 3062 4086 in
3088 4013 3496 4086 direptionem:

2138 4096 2352 4150 dirnam
2386 4085 2678 4145 ιιιθριξγίτιιιι
2709 4088 2846 4155 ejus,
2878 4095 2932 4140 et
2957 4085 3063 4140 erit
3089 4085 3143 4138 in
3164 4085 3658 4140 conculcationem.

2069 4169 2137 4224 Et
2164 4182 2358 4237 ponam
2390 4178 2508 4237 eam
2537 4161 2847 4237 desertam:

2141 4229 2246 4294 nio"
2275 4235 2567 4304 putabitur,
2599 4243 2651 4286 et
2685 4248 2789 4284 non
2824 4229 3058 4304 fodietur
3085 4248 3094 4280 :

2141 4322 2194 4367 et
2225 4303 2526 4364 asci-ndent
2551 4319 2743 4373 vepres
2773 4313 2827 4358 et
2851 4303 3055 4371 spina};

2143 4394 2196 4439 et
2227 4381 2459 4436 nubibtts
2483 4370 2770 4436 mandabo,
2799 4390 2865 4428 ne
2885 4370 3251 4441 pluantsuper
3275 4385 3392 4425 eam
3416 4370 3662 4425 imbrem.

2072 4456 2242 4514 Vinea
2271 4455 2412 4508 enim
2465 4448 2678 4502 Domini
2718 4447 3049 4500 exercituum
3070 4485 3084 4505 ,
3118 4444 3309 4497 domus
3343 4442 3506 4498 Israel
3536 4450 3620 4497 est
3651 4457 3664 4494 ;

2145 4539 2198 4583 et
2227 4526 2306 4580 vir
2335 4522 2493 4586 Juda,
2521 4534 2741 4590 germen
2775 4515 3096 4590 delectabile
3125 4515 3241 4582 ejus
3267 4531 3279 4566 :

2148 4609 2198 4655 et
2216 4585 2566 4664 exspectavi,
2605 4602 2658 4644 ut
2682 4591 2886 4645 faceret
2906 4585 3174 4658 judicium
3194 4626 3208 4652 ,

2149 4679 2205 4726 et
2233 4684 2360 4724 ecce
2385 4665 2666 4734 iniquitas:

2148 4751 2204 4799 et
2221 4740 2507 4812 justitiam,

2150 4825 2206 4870 et
2235 4828 2361 4868 ecce
2392 4812 2616 4864 clamor.

2082 4889 2178 4943 Vae
2207 4886 2298 4955 qui
2327 4880 2653 4952 conjungitis
2681 4876 2900 4955 domum
2929 4874 2994 4930 ad
3023 4873 3242 4955 domum
3263 4914 3277 4939 ,

2155 4941 2586 5024 et'agrnm'agro
2612 4949 2882 5024 copulatis
2913 4963 3084 5024 usque
3121 4945 3186 4998 ad
3213 4941 3508 5024 terminum
3543 4943 3675 5024 loci:

2084 5014 2353 5098 Numquid
2397 5014 2716 5098 habitabilis
2754 5021 2854 5075 soli
2881 5014 3072 5074 vos’in
3103 5016 3286 5071 medio
3335 5025 3500 5071 terra:
3551 5014 3676 5086 [ΑΙ.

2227 5094 2387 5166 super
2417 5094 2646 5164 terrain]
2672 5094 2691 5146 ?

2086 5177 2143 5232 In
2174 5159 2399 5228 auribus
2431 5169 2566 5224 meis
2597 5159 2720 5219 sunt
2742 5163 2770 5202 1’
2803 5162 3011 5218 Domini
3044 5159 3411 5217 exercituum:

2087 5230 2205 5304 Nisi
2236 5247 2429 5298 d0ntus
2464 5243 2646 5294 multze
2677 5237 2908 5290 desertae
2941 5235 3178 5301 fuerint,
3210 5233 3450 5304 grandes
3485 5240 3540 5286 et
3569 5230 3689 5302 pul-

2235 5316 2403 5380 chrae,
2429 5315 2632 5381 absque
2665 5309 2988 5364 habitatore.

2105 5453 2203 5493 nos
2229 5436 2344 5502 ipse
2375 5432 2737 5496 Hieronymus
2770 5425 3002 5502 inultune
3021 5423 3196 5478 locum
3229 5421 3381 5502 Isaiae
3415 5435 3428 5472 :
3459 5417 3566 5502 Pro
3597 5436 3686 5502 eo,

2105 5491 2300 5574 inquit,
2323 5505 2460 5576 quod
2489 5491 2597 5576 nos
2623 5504 2779 5576 juxta
2817 5496 3121 5576 "cornicum
3156 5497 3435 5576 pertimus,
3466 5492 3519 5576 in
3551 5491 3696 5545 auri—

2106 5563 2199 5635 bu;
2223 5563 2346 5632 meis
2377 5585 2496 5629 sunt
2521 5563 2730 5624 Domini
2761 5569 3075 5622 exercituum
3097 5609 3112 5633 ,
3149 5566 3204 5619 id
3238 5575 3312 5620 est
3348 5607 3361 5630 ,
3401 5563 3550 5616 verba
3581 5578 3696 5635 qua:

2109 5634 2309 5708 locutus
2337 5659 2405 5700 est
2436 5645 2709 5702 Dominus,
2743 5641 2912 5694 adhuc
2939 5647 3180 5708 resonant
3211 5638 3262 5708 in
3292 5635 3502 5688 auribus
3536 5634 3696 5700 meis,

2113 5707 2158 5780 et
2188 5719 2336 5777 LXX
2359 5714 2749 5777 trmtstuleruut,
2780 5724 2882 5765 etc.
2920 5707 3185 5776 Quidquid
3227 5707 3406 5780 itaque
3437 5714 3702 5780 repugnat

2116 5777 2275 5851 edita:
2309 5799 2507 5844 nostra:
2538 5785 2778 5848 lectioni,
2813 5784 2952 5837 haud
2992 5781 3220 5851 dubium.
3242 5779 3369 5846 quin
3425 5785 3481 5831 et
3538 5777 3710 5832 menti

2835 5835 2842 5836 ί
2855 5835 2912 5909 re
2921 5861 3140 5924 pugnet.
3174 5835 3348 5905 sitim

3100 5943 3180 6006 25
