1997 3171
208 151 260 178 779

211 209 309 236 Decem
335 207 407 235 enim
430 207 523 242 jugera
544 206 682 234 vinearum
710 206 810 234 faciem
833 206 1003 242 lagunculam
1018 208 1042 236 Α

280 251 359 271 unam
369 265 376 275 ,

245 285 272 307 et
288 280 395 314 triginta
409 278 489 306 modii
506 279 636 306 sementis
649 278 748 305 faciettt
763 278 868 306 modios
884 282 948 305 tres.

211 316 257 343 Va:
272 316 316 349 qui
333 315 494 349 cousurgitis
509 322 588 341 triane
600 314 633 340 ad
646 314 805 341 ebrietatem
816 314 1002 348 spectandam.

243 356 271 378 et
281 350 427 384 potandum
440 357 524 384 usque
532 349 565 376 ad
578 357 729 384 chpcratn,
746 355 774 376 ut
789 351 852 377 vino
866 349 999 377 aestuetis.

209 386 332 419 Cithara,
347 391 375 414 et
389 387 444 421 lyra
457 408 463 418 ,
476 391 500 412 et
514 390 687 420 tympanum,
703 391 730 412 et
743 386 804 413 tibia
814 392 857 419 ,et
869 385 959 413 vinum
975 385 1000 411 Ill

282 422 411 449 cenviviis
427 421 540 448 vestris:
675 447 677 450 ,

243 463 271 485 et
285 465 351 492 opus
363 457 466 484 Domini
484 464 535 483 non
548 457 698 491 respicitis,

243 501 292 520 nec
308 501 387 527 opera
405 500 531 518 manuum
547 493 606 524 ejus
619 493 808 519 consideratis.

207 531 349 563 Propterea
373 530 495 562 captivus
522 529 617 555 ductus
635 534 674 555 est
693 530 806 563 populus
826 535 917 561 meus;
939 527 1001 562 qui!

278 573 329 591 non
344 564 438 591 habuit
449 566 587 591 scientiam
598 586 604 595 ,

209 600 240 627 Ει
254 601 356 627 ttolnles
371 600 428 633 ejus
443 601 602 626 interierunt
622 602 707 628 tante.

242 641 268 663 et
284 635 427 662 multitudo
442 636 501 669 ejus
516 636 559 661 siti
575 637 692 662 exaruit.

209 672 352 706 Propterea
369 672 488 697 (IIIIILIVII
505 671 626 698 infernus
638 672 754 697 animam
769 680 856 703 suam,

243 713 269 733 et
283 707 387 741 aperuit
401 715 431 733 os
445 715 521 733 stltnn
537 707 638 741 absque
653 708 707 733 tlllo
724 708 838 734 trrmino
853 719 858 733 -.

210 743 243 769 Et
255 743 422 769 descendent
437 743 517 769 fortes
530 743 598 776 ejus,
616 748 642 768 cl,
659 743 773 778 populus
789 744 857 777 ejus.

242 783 269 805 et
282 779 411 805 sublimes
423 778 588 812 gloriosique
602 779 673 811 ejus,
691 780 722 803 ad
740 787 810 805 cum.

209 813 241 840 Et
256 814 395 840 incurvabi
412 822 442 840 nr
459 814 550 845 lruno,
566 818 591 840 et
610 814 794 840 lnltniliabltnr
807 815 857 844 vir.

241 855 267 876 et
283 850 354 876 oculi
370 850 524 875 sublimium
537 850 733 883 deprimuntur.

207 885 239 912 Et
251 885 413 912 exaltabitur
427 885 555 911 Dominus
572 893 643 911 exi-ri
655 886 739 912 iltltlln
758 886 783 912 ill
796 887 910 919 judicio,

243 927 268 948 et
287 921 357 947 Deus
371 927 481 947 sanctus
497 922 708 947 sanrtiticibilur
728 923 753 948 in
767 922 882 955 jnslilia.

206 957 239 984 Ει
255 962 397 990 pascentur
412 957 472 990 agni
491 957 565 990 juxta
582 957 704 983 ordinem
718 965 806 987 suum,

245 999 269 1019 et
285 993 389 1019 deserta
406 993 430 1018 in
448 993 598 1018 ubertatem
621 1001 697 1018 versa
720 994 829 1019 advenae
849 995 1003 1022 I‘OIIledelll.

209 1027 253 1053 Va:
269 1030 312 1062 qui
331 1028 436 1054 trahitis
457 1029 623 1062 Iniquilalent
642 1029 666 1054 itt
684 1028 808 1055 tuuicnlis
823 1029 966 1062 vanitatis,

242 1070 267 1090 et
281 1063 356 1097 quasi
374 1064 509 1090 vinculum
529 1064 640 1097 plan~tri
657 1070 808 1098 peccatum.

206 1099 257 1133 Qui
281 1099 386 1126 dicitis:
408 1098 537 1127 Fe~tiuet.
555 1103 579 1124 ιιι
606 1100 659 1126 cito
687 1102 776 1126 veniat
798 1108 866 1134 opus
889 1100 958 1135 ejus,
977 1105 1006 1128 ut

279 1136 415 1162 videamus
427 1143 432 1160 ε

711 149 740 176 S.
763 146 961 182 IIIEIIONYMI,
971 143 1088 175 DIVINA
1110 147 1347 176 BIBLIOTHECA.

1804 142 1858 173 760

1093 211 1121 234 et
1135 215 1165 234 ea
1178 215 1238 241 qua:
1253 207 1303 234 sub
1317 214 1350 232 eo
1365 211 1452 234 erant.
1469 205 1610 237 replebant
1621 203 1763 239 templum.

1061 247 1203 280 Seraphin:
1219 247 1327 273 stabant
1341 254 1421 280 Sllpt‘r
1437 246 1500 272 illud
1516 256 1520 270 -.

1096 290 1142 310 sex
1158 284 1206 309 alae
1220 283 1275 315 nui,
1289 287 1315 309 et
1328 290 1374 308 sex
1390 282 1437 307 ala:
1455 281 1550 307 ilIIt’li:

1094 318 1197 345 duabus
1213 318 1336 345 velabant
1351 318 1443 344 faciem
1456 318 1526 351 ejus,

1094 358 1121 381 et
1135 355 1240 381 duabus
1254 354 1377 380 vetabant
1392 354 1476 387 pedes
1491 354 1547 387 cju~
1558 375 1564 385 ,

1091 394 1119 416 et
1133 389 1238 416 duabus
1254 389 1390 416 volabant.
1564 399 1567 401 -

1057 431 1089 458 Ει
1100 430 1234 458 clamabat
1250 430 1318 458 alter
1330 430 1362 457 ad
1379 430 1503 458 alterum.
1521 434 1547 456 et
1558 429 1682 457 dicebat:

1091 465 1218 498 Sanctus,
1233 465 1366 495 Sanctus.
1384 466 1510 494 Sam-tus.
1525 466 1655 492 Dominus
1668 464 1853 496 exercituum,

1093 502 1169 536 plena
1186 506 1228 529 est
1239 501 1328 528 omnis
1344 506 1414 528 terra
1427 502 1510 534 gloria
1528 501 1597 535 ejus.

1056 543 1089 569 Et
1103 546 1238 570 commota
1262 545 1325 568 sunt
1347 541 1562 575 snperliminnrta
1584 540 1724 569 cardinum
1746 548 1760 567 a
1788 547 1857 567 voce

1125 577 1279 610 clamantis,

1090 619 1116 641 et
1129 614 1223 640 domus
1236 613 1343 648 impleta
1358 617 1400 640 est
1411 612 1494 640 fumo.
1511 612 1543 640 Et
1557 611 1612 640 dixi
1626 622 1634 642 ;

1056 654 1101 681 Va!
1117 653 1194 684 mihi,
1206 654 1270 689 quia
1286 653 1374 686 tacui,

1089 690 1152 725 quia
1167 687 1342 723 vir-pollutus
1356 687 1433 716 labiis
1449 696 1499 725 ego
1512 697 1583 722 sum,

1091 724 1119 753 et
1147 726 1173 752 in
1208 725 1296 752 medio
1321 724 1411 760 populi
1435 724 1535 757 polluta
1559 724 1628 753 labia
1654 724 1780 753 habentis
1806 733 1858 760 ego

1127 761 1221 788 habito
1234 760 1287 796 [ΑΙ.
1301 760 1451 796 habitabo].

1091 802 1117 825 et
1134 805 1224 831 regem
1243 797 1384 824 Dominum
1400 797 1569 824 exercituum
1586 796 1639 824 vidi
1655 796 1744 824 Oculis
1758 797 1837 825 meis.

1060 837 1092 864 Et
1103 837 1206 863 volavit
1221 837 1253 862 ad
1270 846 1312 863 IIH'
1325 845 1394 863 unus
1408 836 1441 864 de
1457 836 1610 870 Serapltim,

1091 878 1116 900 et
1139 873 1164 899 in
1180 880 1260 899 manu
1276 873 1334 906 ejus
1346 872 1475 905 calculus,
1492 880 1571 908 quem
1588 872 1692 906 forcipe
1707 872 1808 900 tulerat
1823 871 1860 900 de

1127 908 1216 935 altari.

1060 949 1094 976 Et
1110 949 1193 981 tetigit
1213 957 1243 975 os
1257 958 1357 981 unum,
1375 953 1401 975 et
1417 949 1504 975 dixit:

1058 986 1127 1012 Ecce
1140 985 1223 1018 tetigit
1239 985 1291 1018 |.tl.
1307 984 1390 1019 tetigi]
1408 985 1457 1011 hoc
1473 984 1540 1011 labia
1558 989 1620 1017 tua,

1092 1026 1117 1048 et
1131 1024 1266 1047 anu-retur
1282 1020 1407 1054 iniquitas
1423 1024 1478 1049 tua.

1092 1060 1119 1083 et
1133 1062 1271 1091 pitt‘cattlln
1291 1061 1362 1082 llIllIll
1382 1056 1565 1082 inundabitur.

1058 1097 1087 1124 Et
1104 1097 1305 1124 amiivivocem
1321 1096 1427 1123 Domini
1443 1096 1558 1122 dicentis
1572 1104 1579 1122 :

1058 1133 1143 1166 Quem
1156 1132 1279 1159 miitam"
1294 1137 1322 1159 et
1335 1134 1394 1166 quis
1409 1132 1456 1159 ibit
1471 1131 1566 1158 nobis?
1582 1131 1613 1158 Et
1625 1131 1680 1158 dixi
1695 1141 1700 1157 :

242 1175 268 1198 et
289 1171 441 1205 appropiet,
466 1175 493 1197 et
518 1170 607 1198 veniat
630 1170 776 1198 consilittm
801 1172 888 1199 sancti
908 1172 1003 1204 Israel,
1020 1168 1045 1198 B
1059 1169 1128 1205 Ecce
1141 1176 1202 1204 ego,
1219 1169 1297 1205 mille
1313 1176 1366 1195 me.
1385 1168 1514 1205 lildilil:

278 1208 395 1234 sciemus
411 1205 487 1233 illud.

208 1243 253 1270 Vm
266 1243 311 1277 qui
327 1242 415 1269 dicitis
426 1242 648 1278 malumrbonum,
662 1247 690 1269 et
706 1243 805 1269 bonum
821 1243 922 1270 malum
937 1253 942 1269 :
959 1251 1005 1278 p0-

279 1284 374 1306 uentes
389 1278 515 1305 tenebras
531 1277 630 1307 lucem.
648 1282 676 1304 cl,
691 1279 779 1305 lucem
796 1279 939 1306 tenebras:

245 1318 376 1349 ponentes
392 1321 513 1340 amarum
531 1315 556 1341 in
572 1313 652 1340 dulce
663 1334 670 1345 ,
685 1318 713 1341 et
727 1314 809 1342 dulce
824 1315 850 1342 in
869 1322 1002 1342 amarum.

210 1349 255 1377 νω
270 1350 314 1385 qui
329 1350 467 1383 sapientes
478 1349 543 1375 estis
559 1350 583 1375 in
596 1349 682 1375 oculis
696 1352 804 1383 vestris,

242 1390 270 1413 et
280 1394 370 1412 coram
389 1385 591 1419 vobismetipsis
607 1385 764 1419 prudentes.

211 1420 255 1448 Va:
268 1422 312 1456 qui
328 1425 453 1456 potentes
468 1420 533 1456 estis
544 1421 576 1446 ad
593 1420 736 1447 bibendum
756 1421 858 1452 vinum,

244 1461 268 1483 et
287 1457 335 1483 viri
349 1457 431 1482 fortes
446 1455 479 1482 ad
491 1455 656 1482 miscendam
673 1456 841 1483 ebrietatem.

209 1492 259 1526 Qui
270 1491 423 1526 justiticatis
434 1491 545 1524 impium
560 1498 608 1526 pro
622 1492 788 1524 muneribus,

245 1527 413 1562 etjustitiam
424 1526 489 1560 justi
505 1526 616 1562 attfcrtis
631 1527 665 1554 ab
680 1535 721 1554 eo.

210 1564 323 1597 l’rOpler
340 1564 401 1594 hoc,
418 1563 487 1588 sicut
501 1561 610 1589 devorat
625 1563 752 1597 stipulam
766 1562 854 1598 lingua
869 1563 939 1598 ignis
951 1585 958 1596 ,
977 1569 1001 1591 el

281 1598 355 1626 calor
371 1598 487 1625 flamma:
500 1599 608 1625 exurit:

246 1635 285 1662 sic
297 1634 374 1661 radix
389 1641 483 1661 eorum
495 1633 571 1668 quasi
584 1633 674 1661 favilla
688 1634 748 1667 erit,

246 1675 273 1697 et
287 1677 398 1705 germen
414 1677 506 1696 corutlt
523 1673 551 1696 ut
567 1669 653 1703 pulvis
663 1670 804 1698 ascendet.

213 1706 377 1741 Abjccerunt
388 1705 458 1732 enim
473 1705 560 1739 legem
576 1705 680 1732 Domini
696 1707 874 1738 exercituum,

250 1747 278 1769 et
293 1741 428 1776 eloquium
445 1742 530 1767 sancti
546 1741 626 1767 Israel
645 1741 909 1775 blaspllemarcrnnl.

212 1777 274 1805 Ideo
286 1776 370 1804 iratus
382 1781 423 1803 est
435 1776 506 1803 furor
523 1776 627 1802 Domini
643 1778 668 1803 in
683 1779 808 1811 pupulum
823 1786 911 1811 suum,

245 1817 271 1840 et
281 1812 515 1848 extenditmanum
524 1819 599 1838 suam
610 1820 690 1847 super
701 1820 758 1846 eos,
767 1819 794 1840 et
802 1814 933 1848 percussit
944 1821 1001 1847 eos,

245 1853 271 1875 et
286 1847 436 1874 conturbati
448 1852 510 1874 sttnt
525 1852 642 1877 montes.

245 1888 273 1911 et
290 1882 357 1910 facta
374 1887 435 1919 sunt
453 1883 595 1909 morticina
618 1891 729 1916 eorum,
753 1885 830 1919 quasi
851 1889 956 1912 stercus
974 1885 1000 1912 in

281 1919 370 1945 medio
382 1918 539 1952 platearum.

209 1954 236 1982 Ill
251 1954 378 1990 omnibus
393 1955 435 1981 bis
448 1962 501 1981 non
517 1958 559 1980 est
574 1961 687 1981 aversus
698 1954 774 1982 furor
784 1956 855 1990 ejus,

246 1990 293 2018 sed
304 1989 392 2016 adhuc
407 1996 501 2015 manus
516 1989 575 2024 ejus
589 1995 708 2017 extenta.

210 2025 245 2053 Et
258 2026 357 2052 levabit
370 2025 476 2059 signum
491 2025 515 2051 in
528 2026 682 2052 nationibus
696 2026 798 2060 procul,

244 2066 271 2089 et
289 2061 408 2089 sibilabit
422 2062 454 2087 ad
469 2068 530 2087 eum
544 2060 577 2087 de
591 2060 689 2087 finibus
706 2069 784 2089 terra:
798 2072 803 2088 ;

243 2103 268 2124 et
284 2105 348 2124 ecce
363 2095 475 2123 festinus
489 2096 619 2123 velociter
634 2097 731 2124 reniet.

206 2132 263 2160 Non
277 2132 378 2168 est[Al.
391 2140 442 2158 non
452 2130 660 2167 eritjdeticicns,
673 2140 758 2167 neque
771 2134 895 2161 laborans
909 2134 934 2161 in
946 2141 977 2162 eo
992 2144 996 2149 π

244 2176 298 2196 non
312 2167 480 2199 dormitabit,
497 2175 582 2202 neque
593 2167 726 2200 dormiet,

241 2211 329 2240 neque
342 2203 461 2231 solvetur
476 2203 612 2240 cingulum
625 2212 718 2231 renum
734 2205 807 2239 ejus.

241 2239 290 2267 nec
306 2244 445 2274 rumpetur
456 2239 572 2274 corrigia
583 2241 757 2267 calceamenli
774 2240 842 2276 ejus.

204 2276 315 2311 Sagitta:
330 2276 387 2310 ejus
403 2278 500 2315 acutae,

238 2310 265 2339 et
276 2319 370 2338 omnes
384 2317 463 2337 arcus
477 2310 536 2343 ejus
550 2310 663 2337 extenti.

203 2346 317 2382 Ungula:
332 2354 460 2381 equorum
472 2346 531 2380 ejus
548 2352 576 2372 ut
590 2347 656 2373 silex
666 2369 672 2380 ,

238 2388 265 2410 et
279 2388 345 2410 rota:
359 2382 418 2416 ejus
431 2382 506 2416 quasi
521 2382 637 2416 impetus
654 2384 832 2417 tempestatis.

202 2417 315 2452 Ilugitus
329 2418 388 2452 ejus
400 2422 428 2444 ut
441 2416 537 2450 leonis,

237 2454 324 2488 rugiet
338 2453 458 2479 utcatuli
474 2453 581 2479 leonum
596 2462 602 2479 :

235 2494 261 2516 et
275 2489 395 2521 trendet,
410 2492 436 2515 et
452 2488 553 2515 tenebit
568 2489 686 2522 pnedam
701 2498 705 2514 :

233 2529 261 2551 et
275 2524 482 2559 amplexabitur,
498 2529 524 2550 et
538 2532 593 2550 non
609 2523 659 2551 erit
675 2525 719 2559 qui
733 2530 819 2552 eruat.

198 2560 232 2587 Et
245 2561 353 2587 sonabit
366 2567 447 2594 super
459 2567 519 2586 eum
536 2559 616 2586 indie
632 2560 675 2586 illa
689 2561 760 2587 sicut
771 2562 877 2588 sonitus
888 2563 990 2591 maris:

231 2595 395 2630 aspiciemus
421 2595 446 2622 in
468 2599 583 2628 terram,
601 2600 629 2622 et
653 2603 717 2623 ecce
739 2600 858 2624 tenebrat
875 2598 987 2626 tribula-

266 2632 346 2658 tionis
357 2650 364 2662 ,

228 2672 255 2694 et
271 2668 316 2702 lux
330 2665 506 2702 oblenelirata
524 2667 602 2693 estin
618 2666 733 2701 caligine
749 2669 816 2702 ejus.

191 2703 266 2739 |Cap.
284 2701 338 2739 ΝΗ
352 2701 380 2739 In
393 2708 475 2734 anno,
491 2709 544 2739 quo
565 2708 689 2729 mortuus
704 2710 744 2730 est
760 2701 807 2731 rex
820 2704 914 2735 Ozias.

224 2739 277 2767 vidi
304 2736 447 2800 [licinilnum
469 2737 609 2765 sedentem
629 2745 711 2773 super
729 2740 824 2767 solium
846 2741 984 2768 excelsum

259 2780 286 2800 et
297 2782 312 2800 e
325 2780 375 2800 eva
390 2780 445 2800 um.

259 2780 286 2802 et
297 2777 445 2804 elevalum,

220 2849 231 2861 κ
253 2842 281 2869 In
293 2842 404 2869 Canone
420 2841 447 2868 S.
463 2840 588 2868 Germani
605 2842 716 2874 pluralis
734 2849 776 2871 est
792 2853 920 2873 numems
934 2853 977 2873 se-

182 2879 299 2906 cundum
316 2876 403 2908 LXX,
417 2878 517 2915 videant
531 2898 538 2909 ,
554 2877 664 2915 audiunt
677 2898 684 2910 ,
702 2884 755 2906 etc.
781 2880 897 2915 Lapsum
914 2890 977 2909 κει-ιι

182 2914 337 2949 ιιιιιιιδγιιιοάι
356 2913 530 2949 εξερτίριυτίε
549 2913 694 2940 manifeste
721 2913 838 2949 probat',
856 2924 909 2944 non
931 2925 977 2944 go.

185 2947 241 2978 tum
254 2948 346 2977 Canou
373 2947 501 2977 Ecclesiae
515 2947 742 2978 (larcassoneusis
771 2947 836 2979 cum
853 2951 977 2988 plurimis

1058 1204 1141 1235 Vade.
1158 1209 1184 1231 et
1200 1204 1273 1231 diees
1287 1204 1386 1238 pupulo
1399 1203 1480 1230 huic:

1056 1240 1155 1268 Audite
1166 1239 1307 1267 audientes
1321 1239 1375 1275 [ΑΙ.
1392 1239 1484 1266 auditu
1500 1239 1611 1274 audite],
1629 1243 1656 1266 et
1670 1239 1755 1266 nolite
1771 1239 1857 1267 intel-

1130 1276 1212 1303 ligere
1225 1284 1231 1302 :

1093 1317 1118 1339 el
1135 1297 1226 1339 videte
1237 1312 1370 1338 visionem
1381 1310 1435 1347 [AL
1446 1310 1528 1347 visu],
1542 1316 1568 1338 et
1580 1311 1664 1338 nolite
1675 1318 1860 1346 cognoscere.

1058 1347 1168 1375 Exeacca
1185 1355 1231 1374 cor
1247 1347 1335 1381 populi
1349 1347 1441 1381 hujus,
1456 1353 1481 1374 et
1496 1355 1577 1375 aures
1591 1347 1650 1382 ejus
1666 1354 1801 1382 aggrava:

1092 1388 1120 1410 et
1133 1383 1225 1410 oculos
1240 1383 1298 1417 ejus
1308 1383 1422 1410 claude:

1092 1427 1126 1446 tte
1138 1419 1209 1446 forte
1221 1423 1233 1436 δ
1251 1419 1339 1445 videat
1354 1419 1440 1446 oculis
1454 1419 1522 1451 suis,

1092 1459 1120 1481 et
1134 1455 1244 1481 auribus
1259 1455 1315 1481 suis
1330 1455 1435 1487 audiat,

1091 1495 1119 1517 et
1129 1489 1213 1518 corde
1224 1498 1273 1517 suo
1284 1489 1336 1525 [ΑΙ.
1351 1495 1417 1517 lucet
1434 1490 1493 1525 suo]
1507 1490 1639 1525 intelligat
1654 1499 1659 1516 :

1056 1562 1076 1589 F
1092 1530 1321 1588 etneonvertatur,
1336 1529 1363 1553 et
1375 1533 1467 1554 sanem
1482 1534 1542 1553 cum
1558 1527 1611 1562 [Αι.
1624 1526 1757 1559 sanetur].

1067 1568 1110 1589 λιι
1134 1570 1176 1589 xl:

1067 1562 1090 1589 Et
1104 1562 1176 1589 dixi:

1091 1597 1247 1632 Usquequo,
1261 1597 1394 1625 DOnrine?

1056 1633 1089 1661 Ει
1102 1634 1187 1660 dixit:

1091 1669 1181 1696 Donec
1195 1669 1353 1697 desolentnr
1364 1669 1487 1696 civitates
1501 1670 1602 1704 ab~que
1614 1669 1786 1702 habitatore,

1090 1710 1117 1731 et.
1130 1705 1226 1731 domus
1241 1705 1299 1732 sine
1315 1705 1435 1735 homine,

1090 1747 1115 1768 et
1133 1745 1202 1767 terra
1219 1741 1388 1775 relinquetur
1399 1741 1451 1776 [AL
1467 1741 1645 1776 relinquaturl
1659 1741 1775 1769 deserta.

1055 1777 1088 1803 Et
1104 1778 1181 1810 longe
1196 1776 1276 1803 faciet
1292 1777 1421 1803 Dominus
1438 1776 1573 1808 homines.
1743 1776 1745 1778 ’

1091 1817 1116 1839 et
1140 1812 1362 1846 nnrltiplicabitur
1379 1821 1438 1845 qua:
1461 1812 1590 1841 derelicta
1613 1813 1700 1840 fuerat
1717 1812 1743 1839 in
1760 1813 1861 1840 medio

1126 1852 1215 1874 terrm.

1056 1883 1089 1910 Et
1101 1883 1190 1910 adhuc
1201 1883 1226 1909 in
1242 1890 1274 1910 ea
1289 1883 1445 1917 decimatio,
1461 1889 1487 1911 et
1503 1887 1689 1916 convertetur,

1089 1924 1116 1946 et
1130 1925 1181 1946 erit
1200 1919 1226 1946 in
1251 1920 1435 1947 ostensionem
1456 1920 1526 1947 sicut
1548 1920 1601 1955 [AL
1622 1927 1727 1947 rursum
1749 1920 1804 1948 erit
1824 1921 1859 1948 in

1125 1955 1353 1992 deprtedationem
1369 1955 1448 1988 sicut,
1463 1956 1525 1992 etc.j
1541 1956 1721 1988 terebinthus.

1088 1995 1112 2018 et
1124 1990 1198 2052 Isicut
1208 1997 1336 2061 qtltercus,
1345 1999 1407 2025 qua:
1418 1990 1545 2026 expandit
1558 1999 1647 2019 ramos
1661 1991 1718 2027 [AL
1729 1992 1858 2026 projecil.

1135 2032 1224 2053 ructus
1252 2033 1315 2053 suos
1328 2035 1333 2053 :

1135 2032 1236 2053 τυοιυςι
1252 2033 1333 2053 SUOS:

1013 2066 1036 2099 C
1052 2062 1150 2090 Semen
1167 2066 1289 2099 sanctum
1299 2062 1357 2099 ierit
1368 2083 1375 2094 .

1090 2098 1114 2125 id
1126 2098 1196 2132 quod
1212 2098 1316 2124 steterit
1331 2098 1356 2124 in
1372 2106 1414 2127 ea.

1052 2133 1126 2169 |Cnp.
1144 2133 1209 2169 γη]
1228 2133 1261 2159 Et
1281 2133 1380 2160 l'actrmt
1404 2139 1445 2162 est
1467 2134 1491 2160 in
1507 2133 1605 2161 diebus
1624 2133 1698 2162 Alia:
1714 2133 1759 2160 lilii
1780 2134 1860 2161 Joa-

1123 2170 1196 2201 tban,
1215 2169 1278 2195 lilia:
1291 2169 1362 2196 Ozias
1376 2170 1447 2204 regis
1462 2170 1542 2202 .ItItIa,

1085 2204 1208 2232 a<ccndit
1224 2204 1304 2241 llasin
1320 2213 1367 2232 rex
1383 2205 1480 2241 Syrian.
1493 2211 1521 2232 et
1536 2206 1641 2233 Pltacee
1659 2204 1729 2232 ﬁlius
1743 2204 1858 2241 Rome-

1120 2241 1163 2268 IItl‘
1189 2247 1236 2267 rex
1257 2240 1359 2274 Israel,
1381 2239 1410 2268 in
1427 2240 1593 2275 Jerusalem,
1611 2241 1643 2268 ad
1667 2239 1858 2275 prarliandum

1119 2283 1212 2303 contra
1227 2283 1302 2307 eam;

1083 2317 1110 2340 et
1124 2319 1177 2339 non
1191 2317 1336 2346 potuerunt
1350 2311 1489 2339 debellare
1500 2320 1571 2340 eam.

1048 2347 1080 2374 Et
1095 2352 1287 2374 nuntiaverunt
1302 2347 1393 2374 dumut
1406 2348 1504 2379 David,
1521 2348 1662 2375 dicentes:

1047 2383 1191 2419 Requievit
1229 2383 1305 2418 Syria
1339 2391 1420 2418 super
1455 2383 1513 2419 [AL
1547 2383 1733 2411 cousensit....

1119 2418 1254 2453 Ephraim,

1081 2460 1107 2482 et
1121 2460 1285 2482 commotum
1303 2460 1343 2482 est
1358 2462 1405 2482 cor
1419 2458 1488 2490 ejus,
1500 2461 1526 2482 et
1542 2463 1590 2482 cor
1601 2454 1693 2489 populi
1708 2454 1765 2489 ejus
1782 2478 1788 2485 ,

1045 2489 1121 2517 Sicut
1137 2496 1279 2517 moventur
1294 2491 1365 2525 ligna
1378 2492 1505 2518 silvarum
1521 2499 1535 2518 a
1553 2492 1621 2518 facie
1635 2490 1719 2517 venti.

1045 2526 1078 2556 lit
1089 2526 1156 2553 dixit
1172 2526 1301 2553 Dominus
1316 2528 1348 2552 ad
1360 2527 1475 2553 Isaiam:

1081 2561 1217 2598 Egredere
1233 2562 1420 2598 inioccursum
1435 2561 1520 2596 Allaz,
1538 2566 1577 2595 tu,
1592 2566 1619 2590 et
1631 2563 1675 2598 qui
1693 2561 1854 2591 derelictus

1115 2601 1157 2624 est
1166 2597 1249 2624 Jasub
1263 2597 1332 2624 filius
1347 2603 1418 2630 tuus.

1078 2633 1111 2660 ad
1136 2637 1284 2669 extremum
1307 2634 1484 2667 aquaeductus
1505 2634 1617 2669 piscime
1639 2633 1790 2669 superioris
1819 2634 1850 2662 in

1113 2670 1154 2695 via
1170 2669 1232 2703 Agri
1245 2668 1364 2696 ΓιιΗοιιίε.

1041 2704 1076 2732 Et
1087 2705 1160 2732 dices
1173 2707 1205 2731 ad
1220 2712 1281 2731 eum
1295 2713 1301 2731 :

1043 2740 1119 2772 Vide,
1141 2745 1169 2767 ut
1184 2740 1265 2767 sileas
1277 2748 1284 2768 :

1076 2776 1129 2804 noli
1142 2777 1249 2809 timere,

1763 2384 1855 2420 cum]

1035 2853 1099 2872 mss.
1117 2845 1257 2872 codicibus
1272 2844 1587 2877 sacrorumBibliorum;
1613 2845 1660 2873 sed
1685 2845 1846 2873 Commen-

1034 2882 1164 2907 l:tl‘intunt
1188 2881 1269 2907 etiam
1293 2880 1322 2907 S.
1349 2881 1503 2916 Hieronymi
1524 2881 1590 2909 liber
1605 2883 1719 2914 tertius,
1738 2881 1782 2909 tibi
1798 2882 1844 2910 dt:

1032 2916 1073 2944 bis
1094 2916 1202 2944 abunde
1217 2916 1381 2951 disputatur.
1398 2915 1488 2943 MAtiT.
