3994 6342
247 5790 357 5893 Γ,

370 336 478 397 785

383 455 454 512 Et
480 449 812 523 exspectabo
836 445 1164 523 Dominum,
1189 439 1282 514 qui
1301 435 1588 495 abscondit
1609 435 1800 491 faciem
1828 449 1980 490 suam
2007 437 2064 498 Α

528 540 559 578 a
583 521 745 578 domo
771 521 940 575 Jacob
959 563 974 586 ,

453 609 510 653 et
537 595 1063 665 prmStolaburenm.
1295 657 1306 665 _
1364 655 1396 665 η
1625 653 1661 665 ἢ
1767 653 1778 664 ι
1923 651 1935 663 ⁹

377 670 524 726 Ecce
539 653 654 736 'ego
683 676 737 721 et
767 664 916 736 pueri
949 661 1086 727 mei,
1111 675 1246 730 quos
1277 655 1424 736 dedit
1455 655 1586 736 mihi
1625 653 1890 708 Dominus
1921 653 1973 706 in

520 729 850 810 sig'ntuu,'et
875 735 924 810 in
955 742 1268 804 portentum
1299 729 1406 799 ldl.
1454 729 1602 797 signa
1635 737 1799 794 atque
1849 740 1978 794 pur-

532 808 704 881 tenta]
729 808 920 876 Israel,

452 900 485 940 a
515 866 744 938 Domitio
763 866 1132 944 exercituum,
1157 875 1253 946 qui
1278 871 1494 928 habitat
1519 871 1574 926 in
1600 877 1784 924 monte
1809 866 1965 923 Sion.

379 957 452 1012 Et
482 971 605 1010 cum
629 952 866 1007 dixerint
894 949 962 1002 ad
989 964 1114 1002 vos:

378 1011 623 1097 Quaerite
648 1039 677 1078 a
707 1021 1162 1097 py_tlioi_iilnis,_et
1189 1036 1216 1073 a
1244 1015 1473 1082 divinis,
1521 1013 1612 1085 qui
1642 1011 1878 1069 strident
1925 1011 1978 1067 in

527 1092 986 1152 incantationibus
1010 1092 1151 1147 suis:

381 1171 654 1237 Numquid
689 1181 796 1220 non
830 1168 1063 1234 populus
1092 1181 1122 1237 ιι
1149 1163 1262 1218 Deo
1291 1175 1394 1218 suo
1425 1159 1688 1230 requiret,

455 1236 556 1312 pro
585 1240 721 1292 vivis
747 1254 810 1293 ac
830 1236 1109 1312 mortuis?

383 1306 473 1368 Ad
499 1313 672 1381 legem
700 1310 904 1378 magis,
935 1319 986 1381 et
1017 1308 1084 1381 ad
1117 1306 1508 1381 testimonium.

382 1384 537 1452 Quod
551 1374 613 1437 vsi
644 1381 750 1436 non
779 1374 1015 1435 dixerint
1040 1379 1196 1452 juxta
1228 1377 1455 1434 verbum
1484 1374 1618 1442 hoc,

452 1472 558 1511 non
583 1455 688 1508 erit
715 1468 798 1508 eis
828 1454 1095 1506 matutina
1127 1451 1247 1506 lux.

379 1527 449 1583 Et
479 1526 729 1582 transibit
763 1539 857 1594 per
878 1538 997 1578 eam
1021 1562 1046 1604 ,.

453 1606 512 1654 et
537 1605 794 1661 corruet,
819 1606 875 1648 et
905 1602 1142 1650 esuriet:

378 1672 447 1728 Et
474 1685 597 1726 cum
629 1667 887 1725 esurierit
909 1709 924 1733 ,
954 1665 1248 1726 irascetur.

449 1750 504 1798 et
533 1741 823 1814 maledicet
844 1739 954 1808 regi
983 1753 1084 1792 suo
1104 1779 1120 1805 ,
1137 1747 1202 1814 .et
1225 1737 1338 1793 Deo
1365 1749 1467 1792 suo
1491 1777 1506 1802 ,

377 1816 449 1871 Et
471 1813 736 1884 suspiciet
761 1824 1008 1884 sursum;

450 1895 507 1942 et
535 1879 602 1940 ad
631 1895 833 1939 terram
869 1879 1188 1945 intuebitur,

375 1959 452 2015 Et
479 1972 608 2013 ecce
635 1955 915 2010 tribulatio
941 1962 997 2007 et
1028 1953 1266 2007 tenebrae
1287 1994 1303 2020 ,

455 2029 744 2084 dissolutio
769 2037 824 2080 et
845 2027 1092 2096 angustia
1123 2065 1138 2089 ,
1161 2033 1219 2079 et
1245 2023 1421 2092 caligo
1452 2033 1788 2096 persequens
1807 2057 1822 2084 ,

449 2112 506 2156 et
537 2117 641 2154 non
674 2100 878 2169 poterit
899 2095 1122 2151 a'volare
1145 2097 1213 2150 de
1241 2095 1497 2169 angustia
1528 2107 1644 2147 sua.

379 2171 533 2246 [Cap.
557 2161 690 2242 IX.]'
711 2170 894 2224 Primo
914 2161 1474 2246 iemporehalleviata
1503 2172 1590 2220 est
1635 2173 1778 2220 terra
1811 2161 1984 2217 Zabu-

521 2244 634 2305 loti,
657 2237 713 2298 et
741 2251 885 2298 terra
914 2237 1224 2308 Neplttltali,

459 2327 511 2372 et
537 2315 834 2370 novissimo
861 2305 1147 2382 aggravata
1177 2322 1262 2365 est
1287 2309 1372 2363 via
1417 2309 1586 2364 maris
1611 2314 1761 2362 trans
1784 2305 1981 2362 Jorda-

527 2402 650 2442 nem
681 2383 918 2440 Galilaeae
945 2382 1207 2454 gentium.

382 2459 656 2531 Populus,
680 2459 772 2528 qui
803 2450 1115 2510 ambulabat
1137 2453 1190 2508 in
1229 2450 1476 2509 tenebris
1503 2451 1636 2507 vidit
1660 2451 1838 2506 lucem
1873 2463 1985 2504 ma-

385 2547 776 2686 llabitggiitlilius
799 2599 850 2654 in
877 2597 1344 2670 regione-umbra:
1372 2597 1565 2652 mortis
1583 2641 1597 2665 ,
1631 2595 1723 2651 lux
1752 2601 1874 2650 orta
1905 2599 1988 2648 est

525 2691 626 2731 ets.

381 2745 756 2818 Multiplicasti
778 2750 997 2818 gentem
1021 2784 1034 2808 ,

456 2814 561 2874 non
597 2817 950 2886 magnifican
979 2814 1253 2869 laetitiam.

389 2885 748 2946 Laetabuniur
769 2902 951 2940 coram
993 2895 1046 2940 te
1064 2929 1078 2954 ,
1103 2887 1243 2940 sicut
1271 2885 1536 2940 laetantur
1563 2885 1614 2939 in
1643 2897 1822 2938 messe
1841 2923 1856 2948 ,

457 2962 598 3018 sicut
646 2959 921 3015 exsultant
975 2950 1211 3012 victores
1248 2957 1356 3028 [ΑΙ.
1387 2957 1520 3012 add.
1573 2965 1730 3026 capta
1780 2950 1986 3026 przeda]

437 3037 443 3042 '
527 3031 746 3102 quando
771 3028 1035 3102 dividunt
1053 3031 1248 3098 spolia.

381 3097 580 3177 Jugum
607 3101 750 3158 enim
784 3100 965 3156 oneris
991 3097 1142 3177 ejus,
1163 3111 1218 3177 et
1240 3102 1450 3170 virgam
1489 3097 1702 3177 humeri
1737 3097 1878 3177 ejus,

455 3167 510 3233 Et
524 3185 813 3303 1ῒίιιεὲιιιινιιιιι
847 3167 1120 3228 exactoris
1151 3174 1271 3242 ejus
1299 3167 1609 3242 superasti,
1636 3167 1779 3226 sicut
1817 3175 1871 3224 in
1895 3167 1988 3224 die

577 3266 606 3303 a
652 3263 762 3302 ian.

524 3249 762 3304 Madian.

379 3322 518 3391 Quia
547 3319 723 3374 onmis
749 3315 985 3372 violenta
1012 3315 1274 3385 praedatio
1301 3330 1426 3391 cum
1464 3313 1704 3391 tumultu
1726 3355 1741 3380 ,

452 3403 508 3450 et
532 3395 916 3448 vestimentum
946 3383 1174 3442 mixtum
1201 3387 1492 3459 sanguine,
1517 3387 1623 3442 erit
1647 3387 1701 3440 in
1724 3383 1980 3440 combus-

524 3466 758 3526 tionem,
781 3476 836 3516 et
862 3460 1017 3514 cibus
1053 3461 1213 3530 ignis.

379 3537 648 3593 Parvulos
678 3537 822 3589 enim
853 3540 1010 3585 natus
1040 3542 1127 3586 est
1154 3531 1342 3597 nobis,

453 3619 509 3662 et
555 3609 691 3660 titius
729 3607 886 3658 datus
917 3611 1000 3657 est
1031 3603 1217 3666 nobis,

381 3681 448 3736 Et
473 3680 645 3733 factus
665 3685 748 3731 est
778 3675 1115 3743 principatus
1141 3674 1259 3743 ejus
1283 3690 1448 3744 super
1479 3674 1763 3728 humerum
1790 3669 1946 3743 ejus,‘

453 3759 508 3804 et
534 3749 816 3804 vocabitur
858 3760 1052 3798 nomen
1091 3745 1210 3815 ejus
1237 3787 1256 3813 ,
1299 3746 1672 3811 admirabilis,
1725 3744 1982 3800 consilia-

525 3825 671 3884 rius,
695 3817 866 3881 Deus,
893 3815 1051 3870 fortis
1075 3861 1090 3885 ,

454 3903 610 3964 pater
633 3889 798 3946 futuri
826 3887 1010 3964 saeculi
1029 3927 1044 3952 ,
1073 3888 1330 3964 princeps
1362 3889 1535 3960 pacis.

383 3958 824 4035 Multiplicabitur
846 3958 964 4028 ejus
995 3960 1283 4035 imperium
1310 4003 1324 4027 ,

453 4047 508 4092 et
538 4031 684 4105 pacis
705 4046 822 4105 neu
850 4040 954 4105 erit
986 4031 1156 4105 linis;
1198 4102 1208 4105 _
1235 4103 1244 4105 _
1515 4056 1519 4060 τ

455 4101 618 4179 super
639 4101 1035 4179 stiliuiii__[_)avid
1061 4101 1296 4179 Sedebit,
1321 4114 1376 4159 et
1398 4119 1814 4179 superregnum
1837 4105 1978 4179 ejus:

455 4173 828 4236 ut'conlirtnet
847 4173 974 4228 illud
998 4213 1016 4238 ,
1039 4183 1095 4228 et
1117 4177 1445 4233 corroboret
1465 4173 1532 4230 ἰη
1559 4176 1769 4246 judicio
1807 4173 1978 4248 et'jn-

537 4260 681 4308 stitia
697 4289 714 4316 ,

382 4324 597 4380 Amodo
626 4333 682 4377 et
706 4333 873 4388 usque
903 4317 954 4372 in
986 4318 1420 4386 sempiternum:

455 4397 606 4452 zelus
635 4391 846 4448 Domini
872 4389 1210 4445 exercituum
1234 4391 1392 4446 faciet
1416 4392 1543 4448 hoc.

378 4467 620 4522 Verbum
653 4465 796 4519 misit
819 4460 1082 4516 Dominus
1115 4465 1168 4516 in
1192 4462 1364 4518 Jacob
1382 4509 1398 4532 ,

451 4550 506 4594 et
531 4538 726 4593 cecidit
756 4537 807 4589 iit
840 4533 1030 4589 Israel.

379 4609 454 4665 Et
481 4612 616 4666 sciet
644 4608 879 4690 populus
904 4604 1084 4662 omnis
1116 4605 1375 4678 Epltraim
1397 4651 1412 4678 ,
1439 4617 1494 4664 et
1525 4607 1844 4665 habitantes
1874 4609 1978 4666 Sa—

523 4696 748 4737 mariam
769 4718 786 4742 ,

449 4754 505 4810 in
532 4751 785 4823 superbia
815 4759 868 4806 et
896 4749 1268 4822 magnjtudine
1293 4751 1480 4808 cordis
1515 4751 1802 4810 dicentes:

377 4825 604 4882 Lateres
633 4825 946 4880 ceciderunt
963 4863 978 4888 ,

451 4900 546 4951 sed
578 4896 795 4964 quadris
828 4893 1095 4964 lapidibus
1137 4893 1570 4952 mdiﬁcabimus:

379 4969 708 5040 Sycomoros
728 4965 1106 5040 succiderant,

451 5043 544 5094 sed
574 5039 764 5093 cedrus
792 5038 1222 5093 immutubimus.

379 5111 452 5166 Et
478 5111 714 5191 elevation
743 5107 999 5190 Dominus
1033 5111 1221 5191 hostes
1251 5111 1414 5165 liasin
1444 5125 1613 5179 super
1637 5130 1788 5182 eum,

448 5192 503 5237 et
525 5180 772 5234 inimic0s
801 5195 920 5247 ejus
949 5183 1004 5234 iu
1040 5185 1325 5236 tumultum
1351 5193 1560 5238 vertet:
1617 5235 1625 5244 ,

372 5257 587 5326 Syriam
611 5254 680 5306 ab
705 5255 917 5326 oriente
937 5293 952 5318 ,
975 5253 1372 5326 etil’lulistiiim
1399 5260 1469 5310 ab
1499 5257 1782 5314 occidente
1806 5274 1822 5316 :

445 5335 502 5381 et
527 5323 859 5378 devorabunt
891 5324 1052 5378 Israel
1085 5333 1199 5379 toto
1230 5343 1348 5382 ore.

369 5397 432 5456 In
463 5395 716 5471 omnibus
747 5396 831 5447 liis
859 5409 963 5447 non
991 5405 1074 5471 est
1095 5412 1319 5452 aversus
1347 5397 1504 5454 furor
1523 5399 1643 5471 ejus
1663 5443 1679 5468 ,

443 5469 538 5524 sed
569 5466 748 5520 adhuc
787 5481 982 5518 manus
1008 5466 1127 5536 ejus
1156 5479 1398 5524 extenta,

368 5541 438 5598 Et
461 5541 694 5612 pupulus
721 5553 829 5591 non
858 5545 942 5591 est
972 5553 1226 5612 reversus
1255 5545 1323 5595 ad
1359 5547 1765 5610 percutientem
1793 5558 1854 5600 sc
1878 5584 1894 5611 ,

439 5611 494 5668 et
529 5611 817 5683 Dominum
849 5611 1185 5683 exercituum
1218 5627 1324 5666 non
1358 5615 1750 5683 inqmsierunt.

366 5683 436 5741 Et
463 5685 743 5755 dispendet
770 5681 1032 5735 Dotninus
1063 5684 1129 5735 ab
1151 5681 1318 5738 lsrael
1345 5681 1510 5754 caput.
1545 5705 1600 5744 et
1629 5689 1894 5754 caudam,

436 5753 811 5884 intau‘rvantem
829 5764 882 5810 et
902 5754 1272 5810 refrenantem
1285 5796 1302 5820 ,
1327 5755 1433 5826 [Αι.
1461 5760 1498 5814 d
1511 5777 1861 5832 epravautem
1879 5753 1971 5828 in]

545 5844 593 5884 te
614 5843 744 5884 una.
1000 5872 1009 5884 .

545 5844 593 5884 te
614 5843 744 5884 una.
997 5872 1009 5897 ,

1377 324 1445 380 S.
1483 318 1867 378 lllERONYMI
1907 317 2144 377 DIVINA
2181 315 2656 376 BlBLlOTllECA.

3573 309 3679 366 78‘

2162 435 2462 505 Longazvus
2489 439 2545 505 et
2571 425 2943 505 honorabilis,
2973 427 3086 505 ipse
3117 434 3198 505 est
3229 433 3408 496 caput:

2156 517 2210 563 et
2235 497 2492 576 propheta
2517 504 2720 576 docens
2748 497 3122 576 mendacium,
3146 501 3264 569 ipse
3288 508 3372 576 est
3403 497 3598 554 cauda.

2081 577 2147 634 Et
2164 573 2440 646 erunt,'qui
2457 573 3033 646 beatificauitpopulum
3057 574 3234 634 istum,
3248 574 3600 646 seducentes;
3618 576 3677 646 et

2219 648 2310 720 qui
2333 641 2970 720 bettilieantur[ALlieati
2992 641 3285 720 dicuntur],
3313 641 3670 720 prtrcipitati.

2085 713 2315 792 Proliier
2347 720 2449 774 lioc
2479 733 2643 788 super
2667 713 3086 772 adolescentulis
3108 716 3224 785 ejus
3247 729 3358 768 non
3400 713 3678 769 laetabitur

2226 793 2505 847 Dominus:

2157 875 2212 921 et
2240 864 2572 935 pupillorum
2601 861 2739 932 ejus,
2765 869 2820 916 et
2846 859 3129 915 viduarum
3161 873 3270 915 non
3298 855 3674 917 miserebitur:

2081 937 2216 1006 Quia
2247 934 2426 989 omnis
2458 934 2739 1006 hypocrita
2765 943 2847 988 est
2886 941 2940 986 et
2972 947 3234 1006 nequam,

2153 1017 2209 1064 et
2229 1004 2546 1063 universum
2575 1021 2638 1060 os
2666 1005 2902 1060 locutum
2926 1013 3012 1060 est
3038 1004 3344 1060 Stultitiam.

2083 1081 2141 1138 In
2171 1079 2426 1136 omnibus
2453 1078 2542 1135 liis
2583 1092 2690 1131 non
2711 1088 2794 1132 est
2824 1089 3050 1130 aversus
3083 1075 3236 1132 furor
3259 1075 3377 1147 ejus
3398 1117 3414 1144 ,

2155 1153 2252 1209 Sed
2283 1149 2459 1206 adhuc
2490 1165 2680 1203 manus
2712 1149 2830 1218 ejus
2859 1154 3102 1203 extenla.

2085 1227 2356 1282 Succensa
2383 1231 2468 1276 est
2499 1222 2643 1277 enim
2672 1223 2824 1290 quasi
2853 1219 2990 1291 ignis
3017 1219 3268 1292 impietas
3290 1261 3308 1290 ,

2162 1312 2385 1365 veprem
2410 1302 2465 1352 et
2491 1293 2700 1357 suinam
2722 1293 2971 1365 vorabit:

2157 1379 2212 1424 et
2234 1363 2602 1422 succendetur
2627 1365 2677 1418 in
2702 1364 2970 1420 densitate
2999 1363 3169 1421 saltus
3191 1405 3208 1432 ,

2158 1451 2212 1496 et
2242 1438 2594 1495 convolvetnr
2617 1436 2872 1504 superbia
2903 1435 3055 1492 fumi.

2087 1515 2146 1570 in
2173 1511 2251 1566 ira
2279 1511 2488 1566 Domini
2513 1509 2848 1565 exercituum
2875 1508 3194 1564 conturbata
3221 1517 3304 1566 est
3327 1509 3435 1582 [AL
3460 1518 3686 1568 contrc~

2229 1583 2383 1655 nunt]
2415 1593 2554 1655 terra
2578 1622 2592 1645 ,

2160 1665 2215 1712 et
2244 1657 2350 1710 erit
2368 1653 2605 1724 populus
2631 1655 2786 1726 quasi
2817 1668 2941 1711 esca
2976 1653 3151 1726 ignis:

2089 1727 2185 1782 Vir
2214 1727 2367 1782 fratri
2405 1742 2504 1781 suo
2536 1741 2641 1781 non
2678 1738 2882 1796 parcet.

2161 1799 2229 1855 Et
2271 1799 2570 1854 declinabit
2598 1798 2664 1853 ad
2692 1799 2972 1854 dexteram
2994 1839 3010 1866 ,
3039 1805 3096 1854 et
3123 1797 3358 1855 esuriet:

2161 1881 2215 1926 et
2240 1870 2487 1926 comedet
2513 1870 2578 1924 ad
2607 1870 2888 1926 sinistram
2906 1911 2922 1936 ,
2947 1880 3002 1926 et
3033 1887 3139 1926 non
3165 1871 3531 1929 saturabitur:

2014 1919 2064 1979 Β
2092 1941 2476 2012 Unusquisque
2503 1957 2727 1998 carnem
2758 1919 2964 2000 bracliii
3006 1943 3092 1998 sui
3119 1943 3362 2010 vorabit;

2158 2015 2436 2070 Manasses
2469 2015 2727 2082 Epliraim
2747 2056 2760 2080 ,

2159 2098 2214 2142 et
2246 2087 2501 2154 Epliraim
2533 2087 2851 2154 Manassen,

2158 2157 2319 2212 simul
2348 2159 2448 2227 ipsi
2482 2169 2670 2212 contra
2701 2158 2920 2214 Judam.

2088 2229 2145 2286 In
2175 2229 2426 2306 omnibus
2455 2229 2537 2284 liis
2561 2245 2667 2285 non
2693 2243 2776 2306 est
2801 2245 3024 2286 aversus
3055 2232 3208 2289 furor
3238 2231 3389 2306 ejus,

2162 2302 2256 2356 sed
2289 2302 2467 2356 adhuc
2493 2318 2684 2355 manus
2707 2302 2824 2372 ejus
2851 2313 3090 2358 extenta.

2089 2373 2238 2448 [ϐαρ.
2270 2373 2363 2448 Χς]
2385 2374 2471 2428 Vae.
2491 2373 2580 2444 qui
2599 2375 2844 2448 condunt
2871 2375 3018 2444 leges
3041 2377 3286 2447 iniquas:

2158 2459 2211 2501 et
2233 2447 2566 2511 scribentes,
2597 2446 2914 2522 injustitiaui
2943 2446 3281 2518 scripserunt
3313 2457 3370 2505 ut
3396 2449 3690 2522 opprime-

2231 2529 2352 2572 rent
2376 2531 2640 2586 pauperes
2671 2533 2722 2571 ιιι
2746 2517 2981 2587 judicio,

2159 2600 2214 2646 ct
2236 2591 2342 2644 vim
2369 2590 2611 2664 facerent
2636 2605 2817 2664 causa;
2843 2591 3123 2648 humilium
3147 2593 3334 2664 populi
3357 2593 3498 2652 mei:

2167 2674 2223 2718 ut
2246 2672 2428 2716 essent
2457 2662 2632 2735 viduae
2666 2661 2845 2732 pra-da
2877 2677 3066 2719 eorum
3088 2709 3102 2735 ,

2085 2781 2099 2790 .
2161 2747 2212 2789 et
2237 2735 2469 2804 pupillos
2495 2733 2816 2802 diriperent.

2087 2806 2227 2874 Quid
2257 2807 2472 2860 facietis
2502 2807 2555 2879 iu
2611 2806 3095 2879 dieivisitalionis,
3144 2817 3200 2866 et
3245 2809 3572 2867 calamitatis
3617 2809 3701 2868 de

2235 2879 2392 2945 longe
2419 2877 2730 2932 venientis?

2160 2951 2226 3006 ad
2267 2953 2421 3020 cujus
2451 2947 2778 3020 confugietis
2805 2951 3109 3007 auxilium?

2167 3033 2221 3079 et
2249 3023 2337 3076 ubi
2361 3021 2750 3097 derelinquetis
2781 3023 3010 3094 gloriam
3039 3033 3272 3082 vestram
3293 3070 3307 3097 ,
3333 3042 3402 3084 ne
3430 3025 3701 3085 incurve-

2237 3098 2365 3148 tnint
2397 3095 2498 3148 sub
2519 3095 2736 3148 vinculo
2754 3135 2770 3160 ,

2162 3175 2217 3223 et
2246 3182 2367 3222 cum
2401 3167 2703 3220 interfectis
2728 3165 2978 3223 cadalis?

2092 3239 2271 3314 Super
2299 3237 2552 3314 onimbus
2581 3237 2665 3291 bis
2696 3254 2800 3314 non
2833 3252 2915 3294 est
2943 3256 3169 3298 aversus
3198 3241 3351 3298 furor
3377 3242 3496 3314 ejus
3517 3287 3531 3314 ,

2161 3309 2466 3366 sed'adbuc
2499 3326 2689 3363 manus
2712 3311 2828 3379 ejus
2859 3323 3098 3368 extenta.

2087 3381 2184 3458 Vae
2208 3392 2402 3447 Assur,
2433 3385 2580 3452 virga
2613 3381 2809 3458 furoris
2849 3385 2953 3458 mei
2979 3395 3033 3439 et
3062 3386 3280 3442 baculus
3309 3385 3422 3458 ipse
3445 3426 3462 3452 ,

2159 3455 2210 3508 in
2239 3471 2400 3508 manu
2421 3469 2608 3508 eorum
2641 3453 2938 3523 indignatio
2971 3472 3128 3513 mea:
3327 3451 3341 3458 ’
3385 3451 3390 3455 ’

2087 3525 2170 3582 Ad
2197 3537 2413 3596 gentem
2441 3527 2688 3580 fallacem
2731 3527 2938 3580 mittam
2965 3545 3120 3593 eum,
3192 3560 3209 3576 .

2160 3608 2216 3654 et
2242 3611 2431 3652 contra
2465 3597 2722 3671 populum
2774 3598 2974 3671 furoris
3023 3601 3126 3655 mei
3177 3600 3448 3656 mandabo
3479 3600 3596 3671 illi,
3625 3610 3702 3660 ut

2229 3673 2442 3724 auterat
2473 3669 2643 3742 spolia
2664 3710 2678 3734 ,
2701 3679 2756 3722 et
2778 3669 3000 3737 diripiat
3028 3671 3266 3740 praedam
3285 3713 3302 3742 ,

2158 3753 2212 3796 et
2247 3752 2415 3810 ponat
2441 3742 2592 3797 illum
2616 3741 2673 3795 in
2696 3743 3162 3800 conculcationem
3187 3741 3343 3816 quasi
3371 3744 3540 3800 lutum
3568 3743 3717 3813 pla-'

2230 3822 2460 3870 tearutn.

2084 3886 2207 3958 Ipse
2241 3899 2422 3958 autem
2457 3901 2561 3940 non
2595 3887 2674 3943 sic
2720 3885 3098 3956 arbitrabitur,

2159 3967 2213 4012 et
2242 3972 2338 4012 cor
2363 3957 2482 4027 ejus
2507 3972 2612 4013 non
2643 3959 2714 4014 ita
2749 3961 3084 4014 existimabit
3109 3973 3124 4013 :

2157 4029 2356 4102 sedad
2387 4029 2778 4085 continendum
2808 4033 2912 4084 erit
2940 4047 3037 4087 cor
3057 4031 3177 4102 ejus
3196 4072 3211 4098 ,
3240 4040 3293 4088 et
3323 4032 3390 4090 ad
3435 4032 3704 4090 interne-

2227 4101 2439 4156 cionem
2471 4103 2709 4169 gentium
2742 4117 2846 4157 non
2877 4101 3198 4174 paucarum.

2085 4173 2241 4235 Dicet
2267 4175 2412 4300 entitlu
2443 4193 2456 4228 :
2483 4175 2752 4244 Numquid
2777 4173 2887 4230 non
2908 4177 3182 4246 principes
3204 4176 3309 4232 mei
3337 4177 3497 4234 simul
3518 4193 3704 4250 reges

2227 4261 2328 4300 SUII

2227 4258 2349 4300 Sillll

2154 4317 2416 4388 numqu.d
2443 4331 2550 4371 non
2579 4328 2649 4380 ut,
2666 4317 3024 4376 Charehamis
3047 4365 3060 4391 ,
3086 4320 3167 4376 sic
3193 4319 3478 4378 Chalano?

2156 4401 2211 4445 ct
2239 4399 2296 4444 ut
2327 4391 2545 4459 Arpliad
2570 4431 2585 4457 ,
2615 4391 2693 4444 sic
2731 4391 2963 4445 Ematlt?

2156 4463 2416 4531 nmnquid
2453 4475 2556 4515 non
2593 4470 2650 4517 ut
2678 4463 3006 4528 [)ainascus,
3037 4463 3117 4520 sic
3144 4463 3432 4521 Samaria?

2085 4533 2370 4604 Quoinodo
2403 4533 2608 4588 invenit
2636 4549 2825 4588 manus
2851 4551 2971 4589 mea
3005 4552 3168 4604 regna
3204 4536 3365 4601 idoli,

2155 4606 2236 4660 sic
2264 4617 2318 4660 et
2349 4605 2638 4688 simulacra
2680 4620 2869 4661 eorum
2916 4607 2987 4663 de
3013 4607 3318 4664 Jerusalem
3378 4615 3434 4664 et
3461 4606 3530 4664 de
3571 4607 3702 4666 Sa-

2228 4691 2422 4732 maria.

2228 4711 2422 4732 ...α.....

2001 4711 2056 4772 D
2085 4745 2360 4824 Numquid
2389 4765 2498 4824 non
2529 4748 2679 4824 sicut
2700 4750 2800 4806 feci
2824 4735 3086 4824 samariae
3111 4759 3166 4806 et
3191 4749 3528 4824 idolisejus,

2159 4823 2238 4875 sic
2261 4821 2776 4876 l'aeiaurlernsalem
2803 4835 2859 4876 et
2885 4823 3192 4878 simulacris
3216 4823 3376 4892 ejus?

2088 4893 2158 4949 Et
2187 4895 2330 4967 erit,
2377 4909 2499 4948 cuni
2536 4894 2844 4967 impleverit
2870 4895 3127 4967 Dominus
3159 4907 3354 4949 cuncta
3386 4911 3553 4967 opera
3582 4913 3709 4959 sua

2230 4966 2284 5018 in
2317 4979 2500 5018 monte
2539 4965 2669 5021 Sinti
2693 5004 2708 5030 ,
2735 4975 2791 5020 et
2822 4967 2874 5019 in
2900 4965 3243 5030 Jerusalem,

2079 5085 2097 5104 ,
2155 5036 2391 5092 visuabo
2419 5052 2584 5106 super
2609 5035 2844 5092 fructum
2878 5036 3150 5108 magnifici
3177 5037 3361 5093 cordis
3389 5039 3540 5112 regis
3571 5042 3707 5102 As-

2226 5123 2320 5162 Slll'

2155 5189 2209 5235 et
2235 5151 2397 5249 super
2425 5179 2649 5251 gloriam
2678 5180 2979 5236 altitudinis
3009 5182 3290 5237 oculorum
3321 5181 3456 5252 ejus.

2089 5253 2236 5307 Dixit
2257 5255 2400 5306 enim
2426 5269 2439 5305 :
2469 5255 2538 5305 ln‘
2560 5253 2879 5308 fortitudine
2904 5269 3097 5308 manus
3120 5269 3258 5310 metu
3286 5255 3421 5321 feci,

2156 5337 2209 5378 et
2239 5325 2291 5376 in
2324 5325 2589 5394 sapientia
2618 5338 2736 5378 mea
2764 5325 3007 5380 intellexi
3033 5342 3046 5379 :

2080 5396 2149 5452 Et
2178 5395 2372 5450 abstuli
2403 5397 2663 5450 terminos
2694 5399 3048 5465 populorum:

2156 5475 2212 5540 et
2241 5468 2516 5540 principes
2538 5483 2728 5522 eorum
2755 5469 3099 5540 depraedatus
3123 5482 3244 5525 sum
3261 5515 3276 5540 ,

2083 5537 2152 5593 Et
2179 5539 2570 5609 detraxi‘quasi
2601 5553 2792 5608 potens
2823 5539 2877 5593 in
2907 5541 3125 5595 sublimi
3151 5537 3474 5598 residentes.

2083 5610 2154 5664 Et
2210 5613 2417 5664 lltt‘CItll
2467 5616 2625 5680 quasi
2667 5614 2852 5666 nidum
2879 5627 3074 5668 manus
3129 5629 3249 5670 mea
3300 5613 3711 5678 fortitudinem

2226 5683 2544 5751 populorum
2573 5699 2584 5734 :

2083 5752 2154 5812 Et
2182 5752 2321 5827 sicut
2346 5751 2680 5823 colliguntur
2707 5769 2808 5810 ova
2826 5795 2841 5822 ,
2883 5771 3004 5826 qua:
3042 5756 3302 5814 derelicta
3329 5768 3493 5827 sunt,

2157 5826 2238 5880 sic
2270 5828 2584 5882 universam
2611 5837 2808 5909 terram
2837 5842 2937 5898 ego
2963 5832 3286 5902 congregavi
3311 5846 3327 5887 :
