4114 6364
412 261 515 320 783

480 391 534 438 et
564 399 668 440 non
701 385 905 455 fuitqui
940 391 1182 438 moveret
1213 397 1465 451 pennam,

479 467 534 510 et
560 459 802 528 aperiret
834 473 894 510 os
918 498 931 518 ,
963 468 1015 510 et
1043 456 1310 525 ganniret.

407 524 684 598 Numquid
717 524 1060 595 gloriabitur
1083 529 1291 583 securis
1323 535 1510 582 contra
1540 541 1662 583 eum
1683 570 1697 596 ,
1731 527 1823 598 qui
1856 537 2003 582 secat

555 603 608 656 in
639 603 748 656 ea?

480 682 573 730 aut
600 674 932 729 exaltabitur
953 689 1102 727 serra
1131 683 1318 727 contra
1346 688 1467 728 eum
1490 717 1504 739 ,
1540 687 1566 723 a
1599 686 1707 740 quo
1742 672 2005 726 trahitm?

481 746 756 816 quwnodo
784 748 830 802 si
856 748 1100 802 elevetur
1122 748 1266 814 virga
1291 758 1478 798 contra
1507 745 1772 798 lcvnntem
1803 760 1860 797 se
1879 787 1892 811 ,

481 827 537 874 et
574 821 844 874 exaltetur
873 818 1098 873 baculus
1120 861 1133 882 ,
1166 821 1254 885 qui
1289 819 1473 886 utique
1501 818 1699 884 lignum
1733 825 1835 870 cst.

408 886 642 964 Propter
674 891 775 946 hoc
808 889 1324 964 mittetdominattn‘
1355 889 1612 941 Dominus
1658 890 1999 944 exercituum

552 963 605 1016 in
638 964 942 1034 pinguibus
965 961 1086 1029 ejus
1117 963 1436 1034 tenuitatem
1465 978 1476 1012 :

479 1030 759 1089 ctsublus
811 1033 1038 1104 gloriam
1096 1033 1216 1100 ejus
1265 1046 1525 1088 succensa
1585 1030 1798 1088 ardebit
1848 1035 2000 1104 quasi

550 1109 857 1160 combustio
884 1106 1048 1176 ignis.

405 1173 474 1230 Et
509 1181 616 1233 erit
647 1179 827 1234 lumen
862 1173 1023 1234 Israel
1057 1177 1107 1229 in
1138 1177 1258 1246 igne
1285 1217 1298 1242 ,

475 1261 533 1305 et
555 1251 783 1305 Sanctus
809 1252 930 1318 ejus
957 1249 1010 1302 in
1041 1248 1254 1302 llatnma
1281 1265 1293 1300 :

405 1318 472 1374 Et
499 1323 878 1390 succendetur,
902 1333 956 1378 ct
995 1320 1350 1376 devorabitur
1373 1320 1528 1391 spina
1557 1318 1676 1389 ejus
1697 1359 1712 1385 ,

481 1407 534 1448 et
555 1410 750 1464 vepres
783 1394 834 1449 in
857 1395 945 1448 die
977 1408 1104 1446 una.

405 1462 476 1520 Et
497 1462 670 1538 gloria
694 1467 865 1520 saltus
890 1465 1007 1536 ejus
1027 1506 1043 1532 ,
1068 1472 1122 1519 et
1143 1464 1414 1519 Charmeli
1441 1463 1556 1531 ejus
1576 1505 1590 1531 ,
1615 1463 1684 1520 ab
1707 1464 1887 1520 anima
1912 1479 1999 1521 us-

548 1554 653 1606 que
682 1539 748 1594 ad
777 1554 995 1593 carnem
1028 1547 1401 1604 censutnetur,

407 1607 474 1680 Et
501 1612 606 1665 erit
633 1622 840 1666 terrore
872 1612 1150 1680 profugus.

404 1678 474 1736 Et
502 1683 750 1750 reliquia:
776 1678 907 1754 ligni
936 1678 1104 1738 saltus
1151 1680 1270 1753 ejus
1296 1695 1407 1752 prae
1431 1681 1707 1751 paucitate
1740 1699 1965 1740 numera
1985 1715 1997 1726 -

548 1755 769 1820 buntur,

477 1835 529 1880 et
559 1843 694 1896 puer
721 1827 923 1882 scribet
953 1842 1066 1883 eos.

407 1895 476 1951 Et
504 1895 613 1953 crit
642 1899 693 1954 in
721 1900 808 1954 dic
837 1900 922 1954 illa
957 1919 967 1951 :

477 1985 583 2025 non
613 1971 828 2040 adjit'iet
871 1970 1146 2026 residuum
1179 1969 1342 2026 Israel
1371 2014 1384 2036 ,
1416 1979 1470 2025 et
1517 1970 1569 2024 hi
1622 1971 1715 2039 qui
1762 1970 1996 2041 fugerint

548 2041 654 2114 [ΑΙ.
684 2044 870 2097 salvati
905 2043 1123 2115 fuerint]
1147 2044 1214 2098 de
1245 2043 1408 2098 domo
1425 2043 1614 2109 Jacob,
1645 2043 1805 2097 inniti
1830 2060 1996 2113 super

548 2129 614 2169 eo
644 2116 735 2182 qui
771 2117 1004 2184 percutit
1024 2131 1155 2182 eos;

479 2186 571 2241 sed
607 2188 868 2241 innilelur
899 2203 1064 2256 super
1095 2187 1383 2241 Dominum
1413 2194 1659 2242 sanctum
1694 2186 1884 2242 Israel.

407 2255 466 2313 In
490 2259 715 2314 veritate
746 2255 990 2328 reliquiae
1017 2269 1424 2323 convertentur,

479 2330 755 2400 reliquire,
790 2330 1007 2401 inquam
1028 2372 1042 2396 ,
1065 2330 1237 2386 Jacuh
1265 2331 1330 2385 ad
1357 2331 1526 2384 Deum
1553 2329 1656 2401 [Αἰ.
1687 2329 1996 2403 Dominum}

553 2404 764 2458 fortem.

409 2472 465 2529 Si
488 2475 630 2528 enim
659 2475 822 2529 fuerit
844 2476 1076 2547 populus
1103 2486 1224 2531 tuus
1248 2474 1415 2530 Israel
1436 2477 1593 2545 quasi
1615 2490 1779 2531 arena
1809 2475 1996 2544 maris,

478 2547 722 2617 reliquiae
749 2557 1138 2604 convertentur
1165 2564 1230 2603 ex
1253 2563 1320 2603 eo
1345 2564 1356 2601 :

407 2616 815 2673 Conmimmatio
843 2620 1186 2688 abbreviata,

481 2691 763 2746 inundabit
789 2692 1074 2760 justitiam.

409 2761 944 2818 Consummationem
979 2766 1122 2818 enim
1156 2772 1212 2818 et
1237 2764 1697 2822 abbreviationem

482 2833 744 2891 Dominus
775 2836 919 2891 Deus
948 2838 1282 2892 exercituum
1312 2837 1477 2891 faciet
1531 2838 1582 2892 in
1617 2839 1792 2894 medio
1823 2837 2000 2892 omnis

555 2917 734 2963 ωτι-ω.

409 2978 638 3047 Propter
669 2981 800 3048 hoc,
833 2981 950 3039 haec
999 2980 1133 3035 dicit
1178 2981 1434 3036 Dominus
1465 2982 1606 3037 Deus
1629 2983 1996 3038 exercituum:

481 3051 602 3107 Noli
633 3053 846 3119 timere,
881 3053 1121 3124 populus
1147 3068 1300 3109 meus
1339 3053 1608 3109 habitator

409 3122 562 3190 Sion,
597 3123 664 3178 ab
694 3125 866 3180 Assur
890 3143 904 3178 :

484 3197 538 3250 in
566 3197 714 3264 virga
749 3199 1012 3266 percutiet
1043 3208 1118 3266 te,

484 3277 538 3344 _e_t
568 3268 817 3344 baculum
842 3285 996 3324 suum
1022 3271 1224 3326 levabit
1256 3287 1422 3343 super
1446 3271 1570 3327 tein
1601 3272 1687 3326 via
1717 3271 1962 3344 IEgypti.

414 3337 606 3394 Adhuc
629 3341 771 3394 enim
800 3343 1054 3410 pusillum
1080 3337 1478 3414 modicumque,

484 3423 538 3467 et
561 3415 1338 3490 consummabiturintliguatio
1357 3418 1462 3490 [Αἰ.
1479 3418 1602 3472 add.
1621 3416 1759 3487 mea]
1781 3432 1832 3472 et
1853 3416 2002 3472 furor

561 3499 712 3539 meus
743 3499 905 3556 super
935 3488 1111 3541 scelus
1136 3504 1346 3544 eorum.

417 3553 482 3610 Et
503 3557 789 3682 sulscitahit
812 3553 979 3628 super
1007 3575 1128 3614 eum
1155 3559 1415 3618 Dominus
1444 3563 1786 3618 exercituum
1821 3561 2003 3633 ﬂagel«

585 3645 668 3682 tnn
693 3673 706 3682 .
1556 3646 1574 3659 '

585 3645 668 3682 um
693 3673 706 3696 ,
1556 3646 1574 3659 -

483 3699 640 3770 juxta
668 3703 875 3772 plagam
905 3703 1114 3758 Madian
1147 3705 1198 3759 in
1235 3714 1385 3775 petra
1417 3706 1621 3775 lIoreb,

491 3780 546 3826 et
575 3775 778 3846 virgam
809 3791 957 3830 suam
984 3793 1146 3846 super
1174 3793 1345 3843 mare,

491 3853 545 3897 et
571 3844 777 3919 levabit
800 3862 918 3901 eam
951 3848 1004 3902 in
1040 3844 1119 3902 via
1153 3850 1394 3919 Aﬂgypti.

419 3912 490 3969 Et
520 3919 622 3972 erit
651 3919 700 3972 in
729 3917 816 3973 die
844 3919 932 3973 illa
965 3931 978 3973 :
1012 3912 1312 3975 Aul'eret'tir'
1337 3937 1475 3977 onus
1513 3922 1630 3992 ejus
1666 3921 1735 3978 de
1781 3922 2010 3977 humero

557 3997 671 4053 tuo,

496 4071 549 4115 et
573 4062 760 4134 jugum
789 4064 906 4135 ejus
929 4065 996 4121 de
1024 4067 1162 4121 collo
1189 4076 1300 4130 tuo,

495 4141 971 4210 etettmputrescet
997 4138 1184 4210 jugum
1216 4157 1243 4192 a
1278 4138 1411 4194 facie
1438 4138 1568 4194 olei.

423 4202 618 4259 Veniet
651 4202 880 4277 in'Ajath
899 4252 913 4275 ,

498 4280 749 4352 transibit
778 4283 828 4334 in
854 4283 1070 4352 Magron
1101 4301 1114 4337 :

497 4351 636 4416 apud
670 4351 1377 4412 Machmaseumtncndabit
1405 4371 1535 4408 vasa
1566 4370 1685 4410 sua.

425 4418 781 4478 Transierunt
805 4426 1026 4492 cursim,
1055 4428 1235 4482 Gabee
1258 4428 1411 4480 sedes
1437 4436 1615 4480 nostra
1645 4443 1658 4482 :

499 4493 776 4568 obstupuit
801 4497 986 4561 Ratun,
1013 4499 1258 4553 Gahaath
1285 4500 1462 4554 Saulis
1496 4497 1649 4568 fugit.

428 4563 587 4618 Hinni
612 4581 743 4619 voce
765 4583 874 4631 tua,
899 4570 1001 4622 lilia
1031 4570 1260 4634 Gallim;

501 4636 737 4710 attende,
766 4639 941 4701 Laisa,
969 4645 1295 4710 paupercula
1326 4641 1579 4696 Anathot.

429 4704 676 4773 Migravit
698 4704 1003 4765 Medemeua
1030 4728 1045 4769 :

505 4778 833 4834 habitatores
860 4782 1052 4842 Gabtn.
1077 4783 1478 4838 confortamini.

430 4848 622 4903 Adhuc
649 4852 763 4906 dies
789 4864 891 4916 est,
919 4866 974 4905 ut
1004 4855 1053 4906 in
1074 4855 1223 4910 Nube
1248 4866 1418 4910 stetur
1445 4875 1457 4910 ε

505 4924 736 4997 agitabit
769 4941 985 4978 manum
1013 4941 1162 4980 suam
1194 4943 1356 4997 super
1389 4935 1627 4984 montem
1659 4925 1783 4981 filia:
1813 4925 1978 4993 Sion,

505 4993 700 5049 collem
732 4998 1052 5052 .lerUsaletn.

435 5065 573 5119 Ecce
603 5067 910 5122 dom:natur
946 5071 1202 5127 Dominus
1233 5075 1574 5127 exercituum
1605 5070 1912 5140 confringet
1943 5070 2018 5124 la-

577 5145 861 5208 gunculam
892 5143 942 5195 in
979 5153 1206 5210 terrore,

505 5217 561 5263 et
589 5214 788 5267 excelsi
819 5223 1020 5268 statura
1053 5216 1422 5284 succidentur,

507 5291 562 5337 et
589 5284 856 5338 sublimes
884 5285 1331 5342 ltumiliabuntur.

437 5354 497 5408 Et
531 5357 914 5410 subvertentur
943 5360 1215 5413 condensa
1241 5360 1418 5413 saltus
1445 5358 1588 5411 ferro
1622 5375 1635 5410 :

508 5437 563 5480 et
592 5428 826 5482 Lihllnus
856 5444 976 5483 cum
1008 5431 1240 5484 excelsis
1269 5432 1442 5485 cadet.

440 5495 588 5569 [ϐαρ.
618 5498 734 5569 XL]
766 5500 832 5553 Et
855 5503 1159 5570 egredietur
1191 5503 1334 5571 virga
1366 5504 1434 5557 de
1466 5501 1646 5556 radice
1677 5500 1853 5567 Jesse,

509 5580 563 5624 et
587 5571 689 5624 llos
712 5575 777 5626 de
801 5573 983 5626 radice
1001 5573 1119 5643 ejus
1140 5576 1414 5629 ascendet.

439 5638 510 5695 Et
540 5643 844 5710 requiescet
875 5638 1435 5714 supercumspiritus
1468 5645 1711 5711 Domini;

512 5716 734 5783 Spiritus
763 5719 1045 5784 sapientiae
1066 5719 1127 5771 et
1146 5719 1469 5786 intellectus,

514 5789 740 5855 Spiritus
763 5789 974 5845 consilii
995 5799 1050 5844 et
1080 5789 1424 5856 fortitudinis,

1596 265 1798 322 LIBER
1837 265 2043 325 ISAUE
2082 227 2501 327 Paornerm.

2024 385 2081 447 Α

2027 1791 2076 1852 Β

2046 4613 2100 4673 D

3592 277 3698 331 786

2179 388 2402 455 spiritus
2431 387 2673 442 Scientiae
2704 394 2755 442 et
2783 387 3020 458 pietatis,

2180 470 2233 512 et
2259 460 2482 527 repleltit
2520 476 2641 514 eum
2676 462 2899 530 spiritus
2927 461 3139 516 timoris
3170 460 3403 517 Domini.

2107 529 2222 585 Non
2255 533 2546 585 Secundum
2580 529 2847 586 visionem
2873 534 3472 602 oculorumjttdicttbit,

2181 619 2354 672 neque
2378 605 2672 656 secundum
2706 608 2914 658 aurium
2945 607 3183 660 auditum
3213 617 3400 674 arguet.
3433 622 3447 656 :

2177 677 2270 730 sed
2297 677 2562 744 jutlit-ahit
2595 677 2647 729 in
2675 677 2883 742 jttstitia
2919 693 3205 747 pauperes,
3241 687 3295 732 ct
3320 685 3511 747 atguet
3538 677 3592 732 in
3616 693 3690 733 :13-

2247 751 2452 815 quitate
2485 764 2580 817 pro
2613 752 2907 803 mansuetis
2942 759 3100 803 terra!
3128 768 3140 803 :

2106 819 2167 874 Et
2193 820 2455 888 percutiet
2481 831 2677 872 terram
2705 821 2847 890 virga
2871 823 2981 874 oris
3004 822 3122 884 sui,

2175 901 2229 945 et
2257 894 2442 958 spiritu
2479 891 2741 946 labiorutn
2775 910 2888 945 suo:
2911 909 2995 947 nm
3026 892 3317 947 interlieiet
3344 893 3594 963 impium.

2106 962 2176 1017 Et
2207 964 2534 1031 eritjustitia
2568 967 2836 1033 cingulum
2870 965 3172 1018 lumborum
3204 965 3321 1033 ejus
3353 983 3366 1018 :

2177 1046 2228 1088 et
2259 1035 2388 1087 ﬁdes
2418 1036 2734 1088 cincturium
2768 1052 2957 1090 renmn
2984 1037 3127 1106 ejus.

2105 1106 2374 1161 "abitabit
2402 1107 2557 1172 lupus
2577 1123 2700 1162 cum
2725 1123 2902 1178 agno:

2176 1189 2230 1234 et
2263 1179 2457 1246 pardus
2477 1193 2597 1232 cum
2634 1180 2788 1232 luedo
2817 1179 3142 1233 aceubabit:

2108 1249 2315 1304 Vitulns
2338 1262 2388 1303 et
2425 1254 2505 1303 leo
2532 1260 2586 1304 ct
2611 1253 2727 1305 ovis
2757 1253 2918 1305 simul
2943 1251 3324 1318 morabuntur,

2176 1334 2228 1377 et
2257 1340 2385 1392 puer
2416 1325 2670 1392 parvulus
2697 1323 2924 1376 minahit
2952 1338 3066 1378 eos.

2106 1394 2316 1448 Vitttlus
2339 1406 2393 1450 et
2425 1411 2582 1448 ursus
2616 1404 2930 1464 pascentur;

2175 1468 2335 1520 simul
2367 1469 2707 1538 reqaieseent
2734 1467 2895 1520 catuli
2925 1482 3112 1522 eorum
3145 1486 3157 1520 ε

2175 1551 2226 1593 ct
2256 1539 2341 1593 leo
2372 1540 2524 1605 quasi
2557 1541 2653 1593 bus
2683 1542 2932 1593 comedet
2961 1541 3162 1608 paleas.

2107 1610 2173 1666 Et
2215 1611 2576 1665 delet-tahittir
2631 1610 2809 1666 infans
2868 1612 2936 1665 ab
2999 1611 3162 1666 ubere
3203 1625 3368 1682 super
3424 1611 3691 1668 foramine

2246 1683 2445 1751 aspidis
2474 1701 2486 1736 :

2175 1765 2228 1810 et
2259 1756 2311 1809 in
2333 1769 2560 1809 caverna
2583 1755 2776 1825 reguli,
2810 1754 2899 1824 qui
2923 1755 3228 1812 ahlactatus
3258 1755 3438 1823 fuerit,
3468 1771 3688 1811 manum

2244 1843 2395 1880 suam
2421 1829 2614 1880 mittet.

2096 1899 2214 1955 Non
2247 1901 2548 1963 nocebunt,
2596 1909 2651 1955 ct
2680 1917 2787 1956 non
2828 1900 3075 1956 occident
3113 1903 3169 1956 in
3199 1901 3463 1956 universo
3509 1907 3693 1955 monte

2241 1982 2430 2026 sancto
2456 1988 2576 2025 meo
2604 1991 2616 2027 :

2171 2046 2295 2113 quia
2332 2045 2530 2111 repleta
2561 2055 2643 2098 est
2678 2056 2819 2100 terra
2847 2047 3075 2101 scientia
3110 2043 3343 2110 Domini,

2171 2121 2308 2169 sicut
2336 2133 2486 2186 aqum
2523 2119 2687 2171 maris
2714 2119 3049 2187 operientes.

2097 2187 2154 2242 In
2183 2189 2268 2242 (lie
2301 2189 2412 2252 illa,
2437 2188 2590 2243 radix
2622 2189 2796 2258 Jesse,

2171 2261 2264 2329 qui
2292 2273 2396 2313 stat
2428 2263 2479 2313 in
2508 2260 2719 2329 signum
2752 2262 3074 2331 populorum
3100 2307 3114 2330 ,

2174 2334 2346 2400 ipsum
2372 2343 2558 2399 gentes
2585 2334 3042 2402 deprecabuntur,

2173 2415 2226 2458 et
2254 2405 2356 2457 ciit
2386 2405 2692 2472 sepulcrum
2717 2405 2832 2475 ejus
2863 2407 3187 2476 gloriosum.

2103 2477 2169 2532 Et
2199 2478 2302 2529 erit
2334 2477 2384 2530 in
2416 2478 2504 2530 die
2538 2477 2672 2532 illa:

2102 2548 2331 2618 Adjiciet
2364 2549 2624 2604 Dominus
2662 2549 2902 2603 secundo
2950 2565 3167 2604 manum
3208 2562 3361 2607 suam
3403 2548 3470 2603 ad
3517 2547 3692 2619 possi-

2249 2621 2481 2674 dendmn
2509 2622 2789 2676 residuum
2817 2621 2999 2690 populi
3033 2623 3115 2676 sui
3139 2663 3153 2688 ,

2175 2693 2316 2763 quod
2348 2694 2682 2763 relinquetur
2711 2693 2779 2748 ab
2808 2692 3078 2764 ASsyriis,

2177 2776 2230 2821 et
2256 2768 2322 2818 ah
2349 2765 2603 2837 11igypto,

2176 2846 2230 2892 ct
2259 2854 2286 2891 a
2313 2837 2573 2902 Phctros;

2176 2920 2229 2963 et
2256 2910 2324 2964 ab
2343 2909 2639 2981 ίΕιΙιὶορὶει,

2175 2991 2228 3036 et
2256 2984 2322 3036 ab
2358 2983 2530 3050 lilam,

2177 3063 2227 3108 et
2255 3071 2281 3106 a
2312 3055 2579 3120 Sennaar',

2177 3133 2325 3182 etab
2356 3127 2578 3192 Etuath,

2179 3209 2233 3252 et
2259 3201 2324 3252 ab
2356 3199 2546 3253 insulis
2577 3199 2763 3255 maris.

2109 3269 2176 3325 Et
2204 3271 2402 3326 levabit
2429 3272 2640 3341 signum
2669 3273 2721 3327 in
2753 3271 3022 3335 nationes,

2180 3354 2232 3398 et
2259 3340 2607 3412 ceugregabit
2640 3344 2894 3413 profugos
2920 3340 3107 3404 Israel,

2180 3424 2233 3468 et
2255 3411 2529 3484 dispersos
2560 3417 2693 3470 .luda
2723 3411 2941 3485 colliget
2964 3429 2990 3466 a
3017 3420 3248 3484 quatuor
3279 3411 3449 3483 plagis
3475 3419 3660 3475 terrm,

2109 3486 2178 3541 Et
2205 3486 2480 3541 auferetur
2504 3490 2649 3541 zelus
2681 3489 2957 3556 Ephraim,

2182 3568 2233 3611 et
2265 3560 2446 3612 hostes
2471 3558 2607 3613 Juda
2639 3561 2883 3629 peribunt
2913 3577 2928 3613 :

2112 3630 2367 3700 Ephraim
2395 3646 2505 3684 non
2539 3632 2880 3700 aemulahitur
2899 3629 3086 3684 Judatn
3111 3671 3123 3691 .

2183 3715 2238 3756 et
2266 3702 2429 3756 .illtias
2463 3721 2565 3756 non
2595 3697 2854 3773 pug'nabit
2874 3713 3060 3756 contra
3095 3699 3370 3768 Epitraim.

2113 3773 2183 3828 Et
2211 3775 2457 3827 volabunt
2498 3777 2548 3828 in
2583 3778 2840 3828 humeros
2871 3775 3176 3827 Philisthim
3204 3787 3300 3842 per
3331 3783 3500 3836 mare,

2185 3847 2342 3899 simul
2377 3849 2754 3916 prtetlthuntur
2787 3845 2924 3900 filius
2950 3846 3196 3899 orientis.

2115 3917 2352 3973 ltlumzra
2377 3930 2428 3972 t-t
2455 3920 2610 3974 Muah
2643 3936 2766 3989 [πίει
2790 3931 2972 3984 eptum
3004 3931 3196 3970 manus
3225 3929 3414 3969 eorum
3435 3956 3451 3983 ,

2187 4001 2240 4043 et
2271 3991 2360 4043 lilii
2395 3993 2625 4044 Aunmnn
2655 3990 2970 4044 obedieutcs
3002 3997 3183 4042 erunt.

2117 4062 2183 4117 Et
2211 4062 2477 4118 desolahit
2511 4063 2773 4116 Dominus
2807 4065 3037 4132 linguam
3066 4061 3225 4112 maris
3255 4057 3496 4132 Egypti,

2189 4136 2243 4189 et
2275 4137 2478 4189 levabit
2511 4151 2725 4188 manum
2761 4127 2910 4186 suam
2950 4131 3057 4204 [AL
3085 4141 3182 4185 (ac.
3213 4127 3388 4204 suam]
3413 4143 3577 4200 super
3605 4127 3706 4182 ﬂu-

2260 4224 2408 4273 men,
2439 4211 2489 4260 in
2525 4207 2840 4260 fortitudine
2871 4205 3094 4274 spiritus
3117 4204 3200 4256 sui
3229 4219 3239 4254 :

2189 4290 2242 4334 et
2272 4281 2540 4349 percutiet
2571 4295 2692 4332 etnn
2727 4278 2778 4331 in
2812 4293 3018 4345 septem
3053 4278 3204 4349 rivis,

2191 4348 2344 4407 itaut
2374 4361 2651 4405 transeant
2676 4365 2909 4420 pereum
2937 4348 3187 4401 calceati.

2119 4425 2187 4480 Et
2215 4434 2316 4478 erit
2350 4426 2435 4477 via
2484 4416 2701 4477 residuo
2732 4420 2929 4491 populo
2959 4433 3112 4484 meo,
3147 4417 3238 4488 qui
3275 4416 3615 4488 relinquetur
3641 4416 3710 4471 ab

2263 4496 2503 4557 Assyriis
2536 4513 2548 4548 :

2194 4569 2333 4623 sicut
2365 4559 2462 4621 fuit
2499 4565 2679 4621 Isracli
2716 4565 2768 4619 in
2810 4562 2919 4633 die,
2950 4579 3053 4634 qua
3085 4561 3325 4617 ascendit
3353 4559 3420 4616 de
3452 4569 3594 4616 terra
3617 4558 3714 4616 1E-

2267 4643 2437 4711 gypti.

2123 4713 2190 4767 Et
2229 4714 2375 4766 dit-es
2409 4717 2457 4764 in
2494 4711 2580 4765 dic
2614 4711 2736 4764 illa:

2124 4784 2272 4856 [Cap.
2305 4784 2442 4857 ΧΙΙηι
2471 4782 2783 4837 Confitchor
2815 4783 2942 4850 tibi,
2971 4780 3218 4849 Domine,
3255 4779 3511 4851 quoniam
3545 4779 3714 4835 iratus

2267 4871 2326 4910 CS
2358 4869 2485 4910 llllill
2523 4875 2533 4909 ξ

2197 4944 2493 4983 t-onverms
2519 4937 2601 4982 est
2627 4927 2776 4982 furor
2803 4937 2946 4993 tuus,
2971 4937 3024 4982 et
3054 4924 3370 4981 consolatus
3399 4938 3460 4980 es
3493 4937 3600 4978 me.

2126 5001 2266 5055 Ecce
2297 5001 2440 5053 Deus
2468 5001 2704 5054 salvator
2731 5016 2883 5054 meus
2914 5018 2926 5052 :

2203 5073 2528 5126 litlucialiter
2553 5088 2727 5141 agam,
2757 5083 2808 5125 et
2831 5087 2937 5125 non
2967 5068 3192 5124 timebo.

2129 5144 2264 5212 Quia
2294 5145 2552 5198 fortitudo
2576 5139 2715 5208 mea,
2744 5154 2798 5197 et
2829 5145 2944 5196 laus
2977 5159 3096 5196 mea
3128 5140 3391 5196 Dominus
3422 5139 3588 5207 Deus,

2199 5229 2249 5271 et
2282 5216 2454 5269 factus
2482 5228 2563 5269 est
2590 5216 2717 5268 mihi
2751 5217 2800 5268 in
2826 5219 3074 5268 salutem.

2131 5287 2408 5342 llaurietis
2435 5303 2604 5356 aquas
2630 5289 2680 5340 in
2709 5288 2909 5356 gaudio
2939 5285 3007 5341 de
3041 5283 3282 5341 fontibus
3312 5283 3601 5339 salvatoris
3630 5300 3646 5339 :

2202 5367 2257 5414 et
2284 5360 2476 5413 dicetis
2510 5362 2560 5412 iu
2595 5359 2681 5412 illa
2715 5359 2840 5413 die:

2129 5429 2475 5484 Conlitemini
2506 5430 2754 5489 Domino.
2781 5440 2835 5485 ct
2861 5429 3112 5484 invocate
3140 5443 3336 5483 nomen
3363 5428 3482 5497 ejus
3507 5444 3520 5479 :

2131 5513 2284 5556 notas
2317 5502 2478 5555 facile
2511 5504 2563 5555 in
2591 5504 2803 5570 pomtlis
2825 5503 3239 5556 adinrentiones
3268 5501 3408 5568 ejus,

2202 5582 2558 5639 mementote,
2585 5575 2835 5642 quoniam
2867 5574 3136 5627 excelsum
3170 5581 3468 5625 estnomen
3504 5570 3641 5640 ejus.

2130 5644 2357 5700 Caritate
2388 5644 2642 5711 Domino,
2676 5646 2925 5714 quoniam
2957 5644 3238 5712 magnifice
3268 5642 3433 5698 fecit:

2203 5728 2525 5769 annuntmte
2549 5716 2652 5768 huc
2675 5719 2725 5769 in
2751 5720 3001 5769 universa
3037 5725 3225 5784 terra.’

2134 5788 2382 5854 Exsulta,
2417 5796 2470 5843 et
2495 5787 2673 5857 lauda,
2700 5788 2960 5843 habitatio
2988 5787 3115 5841 Sion
3144 5803 3155 5838 :
