4114 6364
311 332 420 396 ’189

389 460 564 515 neque
584 459 706 499 cum
736 442 816 499 eis
838 444 889 496 in
921 443 1201 515 sepultura
1232 461 1246 498 :

313 519 397 574 Tu
431 513 573 572 enim
603 528 806 572 terram
833 515 941 587 [ΑΙ.
964 514 1092 569 add.
1130 514 1298 587 tuam]
1329 513 1731 586 disperdidisti;

391 602 445 644 tu
472 589 730 659 pepulutn
753 587 1000 644 occidisti
1029 605 1041 640 :

391 677 495 716 tton
519 660 805 716 vocabitur
827 659 880 713 in
909 668 1170 714 :eternum
1203 673 1388 714 semen
1421 659 1805 728 pessimorum.

315 732 626 804 Prteparate
668 731 812 786 tilios
842 730 959 800 ejus
996 730 1258 785 occisioni
1291 733 1341 785 iu
1384 729 1671 800 iniquitate
1699 734 1910 798 patrum

462 819 685 860 ευοΐυιη
712 822 725 858 2

392 891 497 932 non
526 883 884 945 Consurgent,
913 889 1012 930 nec
1040 873 1443 930 haereditabunt
1467 881 1670 928 terram
1688 916 1702 940 ,

395 963 571 1018 neque
603 948 910 1017 implebunt
948 947 1139 1002 iaciem
1171 946 1322 1018 orbis
1350 945 1653 1018 civitatum.

317 1021 388 1075 Et
439 1015 769 1090 consurgant
829 1032 993 1088 super
1039 1034 1167 1084 eos,
1225 1017 1356 1073 dicit
1408 1017 1670 1072 Dominus
1709 1015 1921 1071 exerci-

469 1102 618 1146 tuum
655 1109 670 1146 :

396 1175 450 1219 et
483 1161 708 1233 perdam
737 1162 1033 1234 Babyloitis
1057 1177 1280 1234 nomen,
1306 1172 1362 1234 et
1393 1159 1682 1234 reliquias,

393 1246 446 1291 et
475 1249 727 1305 germen,
752 1246 802 1288 et
834 1233 1172 1304 progeniem,
1204 1233 1280 1288 ait
1310 1233 1595 1288 Dominus.

321 1306 388 1362 Et
417 1301 615 1378 poitam
650 1301 769 1361 eam
801 1301 854 1360 in
890 1301 1290 1375 possessionem
1319 1306 1496 1371 ericii,
1522 1312 1578 1357 et
1608 1302 1658 1356 in
1693 1301 1921 1372 paludes

469 1393 734 1446 aquarum
760 1421 775 1446 ,

402 1459 459 1506 et
504 1445 743 1519 scopaho
789 1464 908 1504 eam
940 1449 994 1503 in
1043 1463 1208 1517 secpa
1251 1456 1461 1512 terens,
1493 1447 1626 1501 dicit
1667 1445 1922 1501 Dominus

467 1533 832 1578 exercntuum.

320 1594 539 1650 Juravit
563 1593 828 1648 Dominus
858 1592 1218 1655 exercituum,
1255 1591 1448 1646 dicens
1485 1607 1498 1643 :

395 1666 454 1720 Si
497 1681 624 1726 non.
660 1675 718 1719 ut
752 1665 958 1734 putavi,
991 1664 1065 1718 ita
1098 1665 1204 1719 erit
1233 1682 1244 1716 :

397 1748 453 1792 et
474 1738 747 1807 quomodo
771 1749 950 1790 mente
985 1737 1235 1798 tractavi,
1271 1735 1348 1789 sic
1382 1734 1600 1790 eveniet

329 1809 402 1866 Ut
436 1818 714 1864 conteram
745 1810 1026 1878 Assyrium
1066 1807 1118 1862 in
1153 1816 1294 1862 terra
1331 1819 1448 1860 mea
1472 1849 1486 1874 ,

399 1891 456 1935 et
495 1881 548 1934 in
583 1879 860 1934 montibus
893 1880 1027 1933 meis
1054 1878 1367 1934 conculcem
1400 1893 1521 1931 eum
1553 1894 1565 1929 :

399 1962 457 2006 et
485 1950 763 2007 auferetur
789 1951 859 2004 ab
889 1950 968 2005 eis
989 1951 1176 2021 jngum
1208 1950 1356 2018 ejus,

400 2033 457 2080 et
482 2037 622 2078 onus
652 2024 802 2079 illius
841 2022 908 2076 ab
946 2019 1175 2078 humero
1205 2035 1392 2076 eorum
1428 2019 1674 2074 tolletur.

328 2095 446 2150 lloc
468 2095 792 2157 consilium,
820 2093 960 2164 quod
987 2095 1217 2164 cogitavi
1239 2107 1401 2161 super
1429 2106 1645 2146 omnem
1692 2097 1922 2154 terram,

403 2176 458 2221 et
487 2166 604 2220 huic
630 2176 714 2221 est
743 2181 933 2221 manus
962 2176 1182 2220 extenta
1213 2179 1376 2233 super
1400 2165 1691 2219 universas
1716 2173 1924 2232 gentes.

327 2237 595 2292 Dominus
624 2239 770 2292 enim
804 2237 1142 2292 exercituum
1174 2235 1458 2290 decrevit:

403 2321 458 2364 et
483 2310 608 2380 quis
635 2308 836 2378 peterit
857 2308 1177 2364 infirmare?

404 2391 461 2436 et
491 2396 684 2435 manus
721 2380 841 2449 ejus
881 2388 1140 2434 extenta:

402 2461 456 2507 et
482 2452 604 2522 quis
625 2461 834 2509 avertet
879 2451 1034 2505 cum?

325 2523 388 2578 In
418 2519 590 2594 anno,
617 2539 723 2594 quo
755 2532 1004 2594 mortuus
1026 2531 1108 2578 est
1137 2538 1231 2576 rex
1255 2519 1406 2576 Ahaz
1425 2561 1438 2583 ,

405 2593 605 2650 factum
635 2593 722 2650 est
743 2608 883 2650 onus
916 2593 1060 2648 istud
1094 2612 1107 2646 :

326 2665 410 2722 Ne
436 2667 660 2734 laeteris,
701 2662 1023 2721 Philistima
1053 2665 1232 2720 omnis
1263 2671 1318 2719 tu
1339 2705 1355 2729 ,

403 2739 659 2809 quoniam
686 2738 1020 2793 comminuta
1061 2745 1145 2792 est
1175 2735 1327 2804 virga
1359 2737 1696 2806 percussoris
1732 2736 1805 2790 ttti
1839 2752 1849 2786 :

329 2808 621 2864 Deradice
651 2811 794 2864 enim
835 2809 1048 2864 colubri
1078 2809 1390 2879 egredietur
1415 2809 1638 2879 regulus
1659 2850 1671 2872 ,

405 2890 459 2936 et
483 2896 673 2936 semen
700 2883 820 2952 ejus
841 2881 1142 2936 absorbens
1170 2880 1466 2935 volucrem.

336 2952 410 3007 Et
438 2963 729 3020 pascentur
757 2952 1109 3023 primogeniti
1133 2966 1432 3020 pauperum
1455 2993 1471 3017 ,

407 3034 460 3079 et
491 3039 756 3093 pauperes
798 3024 1126 3079 liducialiter
1152 3023 1530 3094 requiescent:

407 3104 463 3150 et
489 3096 715 3151 interire
751 3095 949 3152 faciam
982 3095 1033 3149 in
1065 3095 1207 3150 fame
1251 3095 1494 3150 radicem
1529 3106 1704 3158 tttatn,

409 3176 465 3222 et
494 3168 749 3238 reliquias
781 3179 901 3222 tuas
933 3167 1280 3221 interficiam.

336 3238 518 3302 Ulula,
549 3215 738 3309 po'rta;
767 3240 962 3304 clama,
992 3239 1210 3293 civitas:
1959 3215 2005 3276 Ε

415 3323 689 3379 prostrata
720 3320 803 3366 est
835 3309 1013 3365 omnis
1047 3309 1355 3364 Philisthtea
1385 3325 1398 3362 :

412 3381 481 3436 ab
509 3381 764 3451 aquilone
797 3383 941 3437 enim
971 3381 1154 3440 fumus
1177 3381 1394 3444 veniet,

415 3461 602 3508 etnon
645 3464 729 3508 est
758 3453 849 3524 qui
880 3451 1100 3523 effugiat
1136 3469 1329 3524 agmen
1361 3452 1499 3521 ejus.

339 3523 412 3578 Et
477 3524 604 3593 quid
672 3519 1086 3595 respondebitur
1134 3519 1246 3596 [Ᾰι.
1305 3519 1672 3594 respondebit]
1734 3519 1938 3576 nuntiis

489 3598 706 3665 gentis?

413 3665 550 3735 Quia
576 3666 835 3724 Dominus
861 3665 1104 3722 fundavit
1129 3668 1259 3721 Sion
1281 3708 1294 3727 .

414 3750 468 3793 et
491 3739 542 3793 in
569 3739 809 3810 ipsoldl.
841 3742 952 3806 ipsa
983 3755 1095 3793 cum
1128 3738 1349 3794 Hebrwo
1377 3737 1474 3808 nn}
1498 3735 1796 3807 sperabunt
1822 3749 1943 3804 pau-

489 3825 646 3880 peres
686 3813 866 3883 populi
899 3811 1052 3883 ejns_._
1181 3878 1232 3883 7‘
1263 3881 1269 3883 Α
1297 3880 1324 3883 _
1662 3849 1667 3853 .

917 3881 1096 3937 ONUS
1145 3878 1356 3936 MOAB.

340 3951 501 4025 jCap.
716 3952 852 4022 Quia
902 3963 1060 4007 nocte
1100 3961 1305 4006 vastata
1335 3960 1419 4006 est
1449 3949 1546 4017 Ar,
1581 3948 1736 4002 Moab
1769 3948 1945 4002 conti-

489 4034 645 4080 cuit:

420 4097 543 4167 quia
578 4105 735 4151 nocte
763 4104 1008 4167 vastatus
1039 4107 1123 4150 est
1153 4109 1362 4156 murus,
1397 4092 1554 4167 MOab
1583 4090 1869 4148 conticuit.

342 4165 607 4226 Ascendit
633 4169 850 4232 domus,
886 4178 940 4222 et
965 4165 1138 4221 Dibon
1169 4168 1234 4220 ad
1264 4165 1478 4222 excelsa

421 4243 471 4295 itt
504 4241 776 4309 planctum
803 4254 968 4308 super
1001 4238 1178 4303 Nabo,
1207 4248 1262 4294 et
1297 4252 1461 4307 super
1491 4233 1742 4300 Medaba,
1789 4232 1949 4288 Moab

345 4336 576 4392 ululavit
605 4335 712 4407 [Αι.
737 4334 964 4390 ululabit
997 4351 1114 4389 cum
1144 4333 1365 4407 Hebrth
1384 4315 1585 4407 bibit]:

424 4409 476 4461 itt
520 4403 733 4464 cunctis
763 4407 1031 4475 capitibus
1068 4407 1186 4477 ejus
1213 4403 1518 4460 calvitium.

342 4479 539 4534 Omnis
585 4481 748 4534 barba
798 4478 1035 4532 radetur.

345 4551 414 4606 In
447 4553 616 4605 triviis
644 4551 760 4619 ejus
789 4550 1015 4604 accincti
1055 4559 1180 4604 sunt
1202 4564 1362 4603 sacco
1393 4566 1405 4601 :

424 4615 750 4703 superiecta
778 4621 920 4703 ejus,
947 4630 1001 4675 et
1032 4621 1084 4675 in
1118 4621 1309 4690 plateis
1334 4619 1456 4687 'ejns
1483 4617 1669 4674 omnis
1699 4626 1722 4652 ἰ
1757 4615 1944 4680 ululat,
1983 4646 2028 4703 ι)

425 4690 708 4746 descendit
735 4692 786 4743 in
811 4690 1017 4746 ﬂetum.

348 4761 624 4816 Clamabit
653 4761 896 4825 Esebon,
920 4771 976 4816 et
1009 4761 1190 4817 Eleale
1215 4803 1230 4825 ,

429 4847 598 4902 usque
625 4833 749 4888 Jasa
774 4832 955 4886 audita
981 4840 1066 4888 est
1098 4848 1197 4887 vox
1223 4848 1444 4898 eorum;

352 4904 530 4975 Super
557 4907 658 4961 hoc
685 4904 922 4971 expediti
948 4903 1102 4959 Moab
1127 4905 1411 4961 ululabunt
1431 4945 1447 4970 ,

429 4977 606 5032 anima
648 4976 766 5046 ejus
804 4975 1033 5030 ululabit
1072 4975 1199 5029 sibi.

355 5048 462 5104 Cor
493 5065 670 5103 meum
695 5048 762 5102 ad
791 5046 948 5101 Moab
970 5046 1260 5114 clamabit,

432 5179 457 5208 ⁸
489 5169 546 5224 In
575 5167 966 5225 commentario
994 5166 1123 5237 legit
1165 5165 1329 5220 omnis
1367 5164 1597 5219 ululatus
1643 5163 1911 5218 dcsrrudet
1934 5204 1946 5227 ,

358 5275 462 5319 etc.
497 5261 554 5316 In
586 5261 814 5316 Hebrazo
844 5275 1058 5329 quoque
1084 5269 1200 5326 est,
1228 5268 1323 5318 ’τ’-1⁷
1353 5241 1486 5317 ἢτὸνν
1519 5240 1642 5319 n52.

429 5334 455 5370 ι’
495 5333 670 5388 Locus
717 5327 1173 5396 obscurissnuus;
1215 5329 1309 5383 sed
1361 5345 1483 5383 eum
1517 5327 1862 5382 manifestum
1891 5341 1955 5381 ac

360 5407 576 5470 planum
608 5403 848 5459 efﬁciunt
888 5404 1194 5458 Comment.
1230 5399 1640 5469 llieronyiniani
1691 5397 1873 5452 multis
1903 5397 1956 5470 iu

365 5479 499 5532 locis
531 5495 545 5530 :
581 5491 702 5530 nam
733 5476 873 5531 libro
902 5490 994 5543 qu.
1045 5473 1430 5528 Hebraicarum
1478 5471 1529 5523 in
1587 5471 1838 5525 Genesim
1893 5469 1960 5543 de

365 5547 536 5617 Segor
558 5550 631 5601 ait
660 5565 672 5599 :
701 5540 935 5600 Ti‘au'unt
961 5547 1119 5615 igitur
1148 5543 1500 5617 Hebrwi/tauc
1523 5545 1754 5617 eumdem
1775 5543 1827 5595 iit
1858 5540 1961 5593 alio

367 5613 756 5686 Scripturarum
783 5618 914 5672 libro
941 5613 1200 5674 Sblissam
1224 5615 1501 5675 nominari,
1529 5613 1733 5682 dicique
1758 5625 1966 5666 rursum

369 5681 571 5764 μόσχον
599 5692 986 5764 τριετίζουσαν,
1035 5689 1088 5742 id
1120 5698 1228 5751 est,
1282 5687 1497 5764 vitulam
1547 5681 1926 5764 rontgrttnntem
1953 5681 1980 5744 ,'

369 5755 518 5836 quod
541 5755 735 5818 scilicet
764 5755 909 5836 tertio
933 5771 1074 5836 motu
1101 5770 1252 5814 terra:
1266 5757 1514 5836 absorpta
1535 5756 1703 5836 cs_’_.__E
1725 5755 1863 5836 «dem
1889 5769 1974 5808 re-

376 5825 477 5889 fert
508 5835 545 5888 ι.
575 5851 601 5887 v
634 5836 842 5888 Comm.
875 5834 926 5887 in
955 5831 1150 5887 Isaiam
1177 5872 1190 5894 ,
1231 5825 1560 5883 subdit‘vero
1587 5828 1693 5882 illic
1727 5845 1740 5880 :
1776 5825 1973 5879 Possu-

377 5922 488 5961 mus
517 5904 730 5962 vitulam
761 5915 1148 5978 conternauteiu
1172 5918 1264 5977 pro
1291 5901 1519 5976 perfecta
1551 5909 1700 5955 celate
1722 5898 1976 5974 accipere.

1506 325 1710 384 LIBER
1737 325 1957 384 'ISAIE
2001 323 2417 384 PROPHETE.

3503 313 3609 370 790

2093 449 2276 496 vectes
2305 439 2420 510 ejus
2451 453 2622 508 usque
2655 437 2719 492 ad
2753 435 2925 506 Segor
2965 432 3189 488 vitulam
3215 431 3244 471 ι)
3285 439 3616 486 contentane

2167 520 2272 566 tem
2307 528 2322 565 Ζ

2023 584 2125 639 Per
2151 598 2440 639 ascensum
2470 581 2614 636 enim
2642 579 2801 636 Luith
2833 578 2968 633 ﬂens
2993 575 3285 640 ascendet,

2092 665 2143 709 et
2171 655 2225 708 in
2254 655 2333 708 via
2357 653 2614 710 Orouaim
2635 653 2931 706 clamorem
2959 647 3311 704 contritionis
3332 644 3610 702 ievahunt.

2021 725 2187 796 Aquae
2215 726 2359 781 enim
2384 726 2624 780 Nemrim
2653 725 2886 796 desertae
2908 731 3102 786 erunt,

2090 797 2213 866 quia
2241 796 2384 851 aruit
2405 796 2570 852 herba
2592 841 2604 864 ,

2091 867 2292 923 defecit
2315 883 2535 938 germen
2560 911 2574 933 ,

2094 942 2239 994 viror
2259 940 2436 995 omnis
2470 940 2696 996 interiit.

2021 1011 2331 1070 Secundum
2364 1010 2788 1078 magnitudinem
2813 1007 2994 1077 operis
3023 1051 3036 1073 ,

2093 1093 2150 1140 et
2179 1084 2418 1139 visitatio
2445 1098 2632 1138 eorum
2670 1100 2682 1136 :

2021 1157 2104 1211 Ad
2130 1166 2419 1211 torrentem
2447 1156 2671 1208 salicum
2703 1153 2900 1206 ducent
2929 1165 3044 1205 eos.

2019 1227 2284 1297 Quoitiam
2312 1227 2618 1282 circumivit
2646 1224 2754 1296 [ΑΙ.
2784 1221 3062 1293 circuihit]
3085 1220 3293 1276 clamor
3317 1215 3613 1272 terminum

2168 1300 2325 1353 Moab
2361 1318 2372 1352 :

2095 1386 2265 1438 usque
2297 1371 2363 1425 ad
2392 1369 2590 1426 Gallim
2624 1367 2860 1438 ululatus
2880 1364 2998 1438 ejus
3021 1405 3034 1430 ,

2093 1452 2148 1498 et
2176 1433 2341 1511 usque
2367 1443 2432 1496 ad
2463 1450 2679 1508 puteum
2708 1437 2847 1511 Elim
2875 1436 3086 1491 clamor
3114 1433 3257 1511 ejus,

2093 1513 2218 1585 quia
2243 1503 2396 1580 aquae
2422 1503 2595 1567 Dibon
2623 1510 2848 1585 repletae
2875 1514 3004 1585 sunt
3033 1503 3293 1574 sanguine
3329 1519 3341 1551 ε

2025 1579 2227 1642 Ponant
2252 1579 2395 1638 enim
2431 1598 2595 1650 super
2625 1581 2800 1635 Dibon
2843 1579 3242 1650 additamenta;

2098 1659 2180 1710 his
2229 1657 2319 1726 qui
2375 1639 2609 1726 fugerint
2654 1654 2721 1707 de
2763 1650 2918 1705 Moab
2961 1649 3213 1711 leonem,
3266 1650 3322 1698 et
3370 1639 3618 1711 reliquiis

2171 1736 2349 1781 terrm.

1955 1834 1999 1894 Β
2026 1779 3290 1894 [ϐαρέΧξγιλιξῦξιιίἑιθδςἪιιέἱῐξιωῇοίξιιιςίἓθὲῗξξιη
3327 1793 3510 1848 terrai,
3552 1779 3622 1833 de

2173 1869 2329 1924 Petra
2361 1860 2562 1922 deserti
2589 1865 2653 1919 ad
2684 1860 2923 1920 montem
2954 1861 3075 1915 lilia:
3103 1860 3259 1915 Sion.

2031 1943 2095 1996 Et
2121 1943 2262 1996 erit:
2297 1940 2447 1994 Sicut
2478 1937 2594 1991 avis
2626 1937 2836 2005 fugiens
2857 1977 2870 1998 ,

2100 2022 2153 2068 et
2177 2012 2309 2083 pulli
2343 2009 2903 2083 denidoavolanles:

2100 2073 2355 2139 siC-erunt
2385 2082 2507 2136 tilia:
2531 2081 2689 2135 Moab
2724 2081 2776 2133 in
2808 2087 3127 2132 transcensu
3157 2073 3369 2126 Arnon.

2030 2156 2107 2211 lui
2136 2155 2445 2220 consilium,
2479 2167 2612 2223 coge
2639 2151 2929 2225 concilium
2961 2163 2977 2201 :
3155 2214 3165 2225 ι
3361 2209 3372 2222 ,
3399 2209 3429 2225 ν

2105 2209 2244 2296 pone
2275 2209 2670 2296 quasi'nocvtem
2709 2222 2953 2276 tnnhram
2985 2227 3128 2272 tuam
3154 2214 3208 2268 itt
3237 2209 3467 2296 meridie
3508 2228 3520 2262 :

2100 2285 2378 2352 absconde
2420 2296 2709 2364 fugientes,
2735 2303 2789 2348 et
2825 2306 2997 2364 vagos
3021 2303 3088 2342 ne
3116 2285 3338 2357 prodas.

2033 2370 2366 2424 llahitahunt
2391 2361 2534 2435 apud
2562 2376 2618 2440 te
2650 2364 2862 2434 profugi
2894 2361 3002 2418 mei
3035 2377 3078 2440 :_
3149 2428 3162 2440 θ
3209 2385 3220 2392 ·
3327 2435 3338 2440 _
3385 2435 3395 2440 _
3473 2423 3482 2434 .

2103 2443 2278 2505 Moab,
2315 2433 2439 2494 esto
2465 2437 2745 2492 latibulutn
2770 2433 2960 2490 ecrutn
2997 2449 3026 2487 a
3060 2433 3199 2485 facie
3226 2435 3555 2482 vastatorts:

2032 2513 2240 2572 Finitus
2267 2524 2350 2566 est
2393 2511 2536 2565 enim
2583 2507 2755 2576 pulvis
2782 2551 2796 2574 ,

2103 2589 2512 2638 consummatus
2539 2591 2623 2633 est
2657 2579 2825 2634 miser
2860 2596 2872 2631 :

2104 2654 2298 2709 defecit
2329 2655 2418 2724 qui
2458 2650 2813 2724 eonculcabat
2863 2658 3091 2724 terram.

2035 2728 2102 2781 Et
2132 2715 2521 2796 pra-parabitur
2552 2725 2606 2776 in
2626 2719 3012 2796 misericordia
3043 2715 3266 2796 solium,

2105 2775 2403 2852 ei'seilehit—
2420 2775 2588 2865 super
2624 2775 2757 2848 illud
2791 2792 2846 2847 in
2888 2789 3121 2846 veritate
3167 2787 3220 2840 in
3252 2775 3628 2836 tabernaculo

2177 2867 2391 2931 David,

2101 2942 2351 3008 judicans
2374 2948 2430 2994 et
2469 2952 2721 3009 quaerens
2750 2932 3051 3009 judicium.

2106 3005 2161 3066 et
2190 3010 2451 3066 velociter
2476 3005 2710 3065 reddens
2731 3005 2874 3075 quod
2892 3006 3099 3076 justum
3131 3008 3234 3055 est.

2035 3081 2356 3138 Audivimns
2387 3082 2696 3150 superbiam
2724 3079 2910 3142 Moab,

2107 3154 2372 3223 superbus
2399 3162 2484 3208 est
2507 3151 2698 3209 valde:

2108 3217 2363 3294 superbia
2399 3224 2516 3294 ejus
2545 3231 2598 3278 et
2628 3219 2936 3293 arrogantia
2969 3217 3088 3285 ejus
3109 3256 3124 3281 ,

2110 3304 2166 3350 et
2188 3295 2486 3367 indignatio
2517 3294 2636 3363 ejus
2655 3337 2669 3360 ,

2112 3368 2395 3437 plusquam
2423 3367 2686 3420 fortitudo
2712 3366 2853 3437 ejus.

2042 3432 2508 3496 ldéit'co—ulult'tbit
2535 3437 2692 3492 Moab
2722 3432 2788 3491 ad
2813 3432 2998 3498 Moab,

2116 3511 2405 3566 universus
2436 3509 2668 3563 nlulahit
2693 3524 2706 3558 :
3199 3567 3209 3574 _
3236 3566 3249 3574 .
3381 3563 3392 3574 .

2115 3583 2220 3649 his,
2250 3584 2346 3652 qui
2375 3584 2631 3638 ltetautur
2659 3595 2822 3650 super
2854 3589 3040 3632 muros
3072 3567 3211 3623 cocti
3236 3566 3426 3621 lateris
3449 3603 3464 3628 ,

2044 3655 2350 3723 Loquimini
2377 3656 2559 3724 plagas
2583 3668 2730 3708 suas.
2789 3722 2797 3724 ν
2935 3717 2946 3724 _
3083 3719 3092 3724 Α
3270 3717 3282 3724 ,
3350 3716 3388 3724 ,.
3422 3704 3468 3724 ._,

2043 3716 2307 3793 Quoniam
2342 3716 2651 3781 suburbana
2681 3722 2893 3794 Esebon
2917 3717 3130 3794 deserta
3162 3717 3309 3794 sunt,
3334 3716 3636 3794 letdvlneam

2191 3799 2421 3854 Sabama
2451 3795 2556 3868 [AL
2585 3796 2739 3850 vinea
2767 3786 3009 3856 sabamal
3044 3785 3257 3839 Domini
3284 3785 3527 3850 gentium
3557 3790 3646 3830 ex-

2187 3871 2456 3924 ciderunt.

2049 3941 2288 4012 Flagella
2315 3943 2432 4011 ejus
2464 3955 2633 4012 usque
2664 3937 2728 3992 ad
2756 3935 2914 3994 Jazer
2938 3931 3306 4002 pervenerunt
3337 3938 3347 3972 :

2119 4010 2440 4068 erraverunt
2471 4013 2522 4066 itt
2559 4010 2779 4065 deserto
2803 4048 2816 4071 ,

2124 4085 2447 4154 propagines
2473 4083 2591 4152 ejus
2622 4081 2826 4136 relicta:
2863 4085 2989 4131 sunt
3016 4115 3028 4135 ,

2123 4159 2343 4211 transiet
2359 4163 2455 4211 unt
2486 4169 2654 4208 mare.

2049 4201 2348 4300 stt'péi'iid'é
2705 4223 2834 4278 ﬂetu
2862 4219 3016 4275 .lazer
3041 4213 3254 4269 vineam
3279 4209 3513 4264 Sabama
3538 4201 3644 4274 {AL

2194 4302 2348 4354 vinea
2374 4295 2636 4366 ‘Sahamaj
2664 4313 2676 4350 :

2127 4347 2761 4439 incuria—hdieliacry'ma
2793 4379 2935 4439 mea,
2968 4357 3210 4420 Esehon,
3241 4361 3295 4406 et
3323 4347 3537 4409 Elcale,

2124 4444 2382 4512 quoniam
2415 4456 2576 4509 super
2601 4436 2929 4492 vindemiam
2963 4441 3108 4512 tuam
3136 4467 3152 4492 ,
3363 4489 3492 4512 an“:

2126 4498 2182 4570 et
2207 4529 2374 4582 super
2401 4498 2635 4566 messem
2669 4521 2814 4564 tuam
2851 4518 2954 4582 vox
2990 4498 3542 4582 caleatt‘t‘i.um_irrutt.

2062 4561 2634 4644 Etvatifelreiurilfxiiiia
2661 4561 2723 4635 ei,
2750 4573 3042 4632 exsultatio
3075 4568 3144 4624 de
3182 4561 3471 4648 (Pharmielo
3492 4602 3506 4626 ,

2127 4633 2955 4722 ciiiiliuiisimu'citunaun,
2975 4657 3151 4722 neque
3198 4633 3476 4722 jubilabit:

2063 4710 2250 4784 Vinum
2286 4729 2336 4780 iu
2367 4724 2632 4780 torculari
2657 4737 2766 4775 non
2791 4717 3021 4773 ealcuhit
3051 4712 3143 4784 qui
3174 4710 3387 4780 calcare
3423 4715 3655 4758 consue-

2201 4808 2390 4853 verat:

2130 4884 2317 4927 vocem
2351 4868 2676 4924 caleantiutn
2708 4860 2932 4935 abstuli.
2967 4931 2976 4935 _
3167 4925 3179 4935 _
3543 4915 3612 4935 μ

2057 4915 2820 5012 SubEFiSBc‘JéitiEi'iiiéusatt
2843 4931 2997 4986 Moab
3025 4921 3412 5012 qua-sicithara
3427 4915 3660 4980 sonabit,

2126 4999 2180 5070 et
2209 5014 2420 5068 viscera
2447 5025 2566 5064 mea
2598 5008 2664 5062 ad
2692 5019 2905 5062 murum
2941 5002 3084 5055 cocti
3127 4999 3337 5051 lateris.

2058 5156 2206 5212 Sicut
2236 5150 2370 5205 enim
2395 5146 2679 5202 tricesimus
2700 5156 2869 5195 anum
2900 5139 2951 5191 in
2971 5133 3303 5212 _Itominibus,
3316 5129 3404 5212 ita
3430 5127 3484 5212 in
3520 5139 3672 5212 pecu-

2579 5215 2757 5293 tertius
2784 5206 3174 5293 robustissimus
3201 5211 3294 5256 est.
3316 5199 3494 5293 Vfctgs
3519 5204 3668 5293 quo:

2060 5269 2558 5368 qiivn'lvatroltermi—uis
2590 5298 2636 5341 et
2659 5285 2843 5368 robore
2872 5277 3128 5368 iulellligc,
3162 5291 3220 5368 ορ
3247 5273 3382 5368 quqd
3406 5269 3668 5368 “Segeni?

2275 5336 2624 5418 Mduliitarum
2644 5359 2743 5412 sita
2772 5355 2862 5422 sit,
2888 5336 3125 5418 dividens
3150 5346 3211 5400 ab
3235 5336 3306 5400 eis
3330 5336 3515 5397 terram
3538 5336 3672 5390 Phi-

2067 5437 2248 5494 listim.
2295 5437 2471 5490 MART.

2137 5567 2196 5575 —
2229 5535 2429 5591 Cunicr
2459 5530 2527 5584 de
2557 5531 2716 5593 hujus
2756 5521 3165 5593 significatione
3201 5513 3348 5570 vocis
3382 5510 3679 5593 Commen-

2073 5577 2711 5670 1.ιτὶιιενξίνῖίιιῖεἷρῖέῖἰξ
2725 5577 2912 5670 Ιξιξῖίγλ
2953 5592 3300 5670 Quaestiones
3325 5577 3681 5670 tumque

2077 5655 2455 5738 ἰῄ-’ςίίρῐιςῖοόῐέ
2479 5655 2584 5726 5-26
2616 5681 2668 5724 et
2699 5667 2805 5722 35!.
2830 5655 3034 5738 librum
3059 5660 3348 5738 Ntllltiltllllt
3386 5655 3680 5738 llebraicu-

2080 5727 2487 5817 iniiiiiétuijue
2525 5741 2874 5817 Epitaphium
2907 5736 2976 5817 ‘S.
3005 5733 3207 5795 Paulai,

2085 5799 2412 5885 iiiii'e's'i,"tn'
2435 5799 2553 5870 aliis
2574 5799 2707 5885 iusst.
2736 5808 2878 5864 haud
2906 5810 3041 5861 bene
3067 5817 3212 5869 esse,
3243 5799 3678 5854 consternantem.

2087 5893 2222 5950 Vide
2251 5883 2370 5963 quin
2393 5891 2457 5946 iis
2487 5889 2621 5943 locis
2652 5883 3026 5937 observamus.
