4114 6364
493 303 591 360 791
1496 306 1552 362 S.
1596 307 1976 367 l-IIERONYMI
2019 312 2254 370 DIVINA
2298 315 2782 375 BIBLIOTIIECA.

491 420 559 476 Et
588 422 729 477 erit:
757 437 882 478 cum
906 426 1216 493 apparuerit
1240 425 1380 492 quod
1402 422 1671 479 laboravit

494 493 652 549 Moab
684 512 847 564 super
879 498 1111 552 excelsis
1146 500 1293 562 suis,

562 568 900 637 ingredietur
930 569 998 622 ad
1028 578 1209 624 sancta
1243 584 1359 637 sua,
1390 579 1448 625 ut
1491 568 1767 638 obsecret,

567 648 621 694 et
653 655 756 694 non
794 641 1018 694 valebit.

490 707 608 765 Hoc
637 712 885 776 verbum,
919 713 1058 782 quod
1094 714 1305 767 loeutus
1337 723 1420 768 est.
1453 712 1714 768 Dominus

1015 785 1079 838 ad
1113 785 1265 839 Moab
1296 801 1360 839 ex
1395 795 1521 839 tttnc
1547 831 1559 852 ,

492 855 559 908 Et.
587 864 614 892 ⁸
647 871 787 910 nunc
813 857 1022 911 locutus
1051 867 1133 911 est
1165 857 1423 911 Dominus
1454 857 1643 911 dicens
1676 877 1687 911 :

489 925 547 984 In
592 930 765 982 tribus
809 927 988 987 annis,
1033 932 1186 997 quasi
1233 931 1357 981 anni
1406 931 1761 993 mercenarii,
1810 932 2088 988 auferetur

631 1000 803 1069 gloria
833 998 988 1053 Moab
1021 1016 1183 1065 super
1212 1000 1358 1053 omni
1390 1002 1594 1069 populo
1633 1003 1833 1065 multo,

561 1081 614 1124 et
663 1072 998 1135 relinquetur
1043 1087 1244 1142 parvus
1298 1081 1351 1126 et
1401 1073 1676 1138 modicus.
1744 1090 2084 1146 nequaquam

635 1143 853 1197 multus.

1010 1237 1188 1294 ONUS
1228 1238 1546 1296 DAMASCI.

488 1350 639 1423 [ϐαρ.
677 1352 863 1424 XVIH
911 1355 1051 1408 Ecce
1080 1356 1377 1410 Damascus
1424 1357 1637 1411 desinet
1666 1372 1793 1412 esse
1825 1358 2045 1425 civitis;

556 1439 603 1478 ei
637 1427 741 1476 erit
771 1431 910 1478 sicut
941 1442 1172 1480 acervus
1205 1427 1442 1494 lapidum
1483 1429 1536 1482 in
1572 1430 1753 1482 ruina.

487 1495 770 1549 Derelicte
799 1499 1045 1552 civitates
1074 1501 1242 1553 Aroer
1265 1501 1524 1569 gregibus
1562 1509 1725 1555 erunt
1745 1547 1757 1568 ,

559 1577 614 1619 ct
641 1568 992 1634 requiescent
1017 1571 1116 1637 ibi,

558 1649 611 1692 et
638 1656 740 1692 non
775 1642 875 1694 erit
904 1643 996 1710 qui
1027 1653 1322 1696 exterreat.

485 1710 555 1764 Et
579 1712 812 1764 cessabit
844 1713 1171 1781 adjutorium
1205 1716 1272 1768 ab
1306 1717 1561 1786 l'Ipbraim
1584 1761 1597 1778 ,

558 1794 610 1835 et.
642 1798 864 1851 regnum
899 1800 926 1837 a
953 1786 1214 1839 llamasco
1243 1806 1252 1839 :

489 1853 557 1906 Et
580 1854 824 1926 reliquia:
853 1855 1020 1926 Syrio
1046 1858 1177 1910 sicut
1209 1859 1380 1922 gloria
1410 1859 1646 1913 filiorum
1684 1861 1847 1915 lsrael
1879 1873 2039 1916 erunt
2069 1882 2080 1918 :

558 1924 687 1979 dicit
720 1924 980 1980 Doinitius
1012 1932 1374 1983 exercituum.
1872 1987 1874 1989 .

489 1995 558 2051 Et
582 1999 685 2051 erit
714 1999 762 2049 in
799 1998 887 2051 die
912 1999 1000 2052 illa
1038 2023 1048 2056 :
1080 2003 1643 2068 attenuabiturgloria
1677 2005 1882 2067 Jacob,

557 2078 608 2121 et
644 2069 912 2151 pinguedo
961 2073 1138 2126 carnis
1171 2073 1289 2141 ejus
1323 2086 1655 2152 emat-cescet
1701 2076 1804 2142 lztl.
1856 2079 2088 2152 pingues

626 2156 816 2193 earnes
850 2142 966 2210 ejus
999 2159 1368 2198 cmareescmtt
1389 2145 1416 2213 Ι.

483 2212 550 2266 Et
579 2213 680 2287 erit
704 2213 842 2287 sicut
863 2230 1198 2283 congregans
1230 2216 1282 2269 in
1311 2212 1486 2272 messe
1535 2219 1677 2286 quod
1706 2221 1991 2287 restiterit,

555 2293 611 2337 et
641 2284 921 2357 brachium
950 2289 1068 2354 ejus
1099 2289 1274 2357 spicas
1306 2291 1446 2356 leget
1481 2308 1494 2343 :

484 2356 550 2408 Et
578 2357 680 2408 erit
711 2356 848 2410 sicut
878 2356 1336 2425 qtnerCns’siiicas
1363 2364 1412 2412 in
1445 2362 1586 2415 valle
1617 2361 1912 2431 Raphaim.

483 2427 553 2481 Et
585 2427 918 2497 relinquetur
955 2431 1003 2482 in
1034 2446 1100 2483 eo
1132 2433 1272 2484 sicut
1306 2447 1580 2498 racemus,

554 2507 608 2551 et
638 2501 775 2552 sicut
806 2503 1062 2555 excussio
1092 2502 1248 2556 olivre
1295 2506 1524 2557 duarum
1580 2505 1665 2558 vel
1713 2506 1876 2562 trium
1916 2511 2085 2564 oliva-

626 2584 816 2624 varum
852 2571 902 2624 in
934 2577 1244 2628 summitate
1277 2577 1436 2637 rami,

553 2639 675 2723 siv‘e
720 2654 949 2723 quatuor
997 2655 1090 2698 aut
1135 2646 1375 2716 quinque
1431 2649 1484 2700 in
1547 2650 1925 2708 cacuminibus
1971 2655 2086 2723 ejus

627 2712 834 2770 fructus
859 2715 996 2784 ejus;

555 2785 689 2838 dicit
720 2788 976 2839 Dominus
1000 2789 1140 2841 Deus
1169 2789 1357 2842 Israel.

480 2856 538 2910 In
567 2857 652 2910 die
685 2857 774 2933 illa
796 2858 1142 2933 inclinabitur
1176 2861 1334 2912 homo
1364 2862 1430 2914 ad
1467 2861 1731 2916 factorem
1779 2879 1963 2933 suum,

556 2939 609 2981 et
637 2928 775 2981 oculi
807 2929 1018 3004 ejusail
1054 2944 1300 2983 sanctum
1335 2933 1500 2987 Israel
1535 2934 1870 3004 reSpicient:

483 2998 552 3055 Et
584 3015 689 3052 non
714 3002 1067 3072 inclinabitur
1091 3005 1154 3054 ad
1188 3005 1402 3072 altaria,

557 3085 678 3139 quae
705 3071 945 3126 fecerunt
971 3088 1161 3127 manus
1191 3074 1335 3141 ejus;

553 3152 753 3212 etquae
781 3143 1004 3222 cperati
1033 3156 1161 3198 sunt
1201 3149 1352 3218 digiti
1386 3149 1506 3216 ejus
1539 3164 1648 3203 non
1685 3153 1961 3222 respiciet,
1998 3157 2084 3211 lu-

626 3230 719 3269 eos
748 3223 805 3268 et
831 3217 1074 3270 delubra.

479 3285 537 3341 In
590 3287 675 3365 die
720 3287 830 3354 illa,
873 3298 1036 3342 erunt
1084 3289 1329 3345 civitates
1362 3290 1706 3350 fortitudinis
1755 3296 1872 3365 ejus
1920 3299 2077 3357 dere-

624 3357 770 3412 licltc

553 3431 697 3505 sicut
720 3443 922 3494 aratra,
948 3443 998 3487 et
1025 3443 1233 3505 segetes
1264 3450 1386 3505 quae
1419 3435 1692 3494 derelictae
1720 3451 1847 3496 sunt
1877 3458 1906 3496 a
1939 3443 2080 3501 facie

627 3503 861 3558 filiorum
895 3505 1082 3559 Israel.

550 3577 620 3629 Et
642 3577 746 3628 erit
771 3577 1012 3631 deserta.

550 3646 686 3714 Quia
716 3649 881 3701 oblita
913 3664 972 3702 es
994 3649 1090 3704 Dei
1120 3651 1409 3705 salvatoris
1439 3653 1540 3715 tui,

550 3732 603 3771 et
637 3720 789 3772 fortis
820 3719 1082 3786 adjutoris
1116 3721 1191 3774 tui
1225 3740 1326 3775 non
1361 3739 1419 3776 es
1449 3724 1729 3778 recordata
1769 3745 1780 3780 :

475 3787 774 3858 Pr0pterea
812 3793 1076 3859 planiabis
1110 3795 1497 3860 plantatiooem
1537 3797 1776 3865 fidelem,

551 3874 606 3916 et
638 3876 859 3930 germen
891 3866 1126 3918 alienum
1157 3866 1475 3919 seminabis.

547 3933 607 3986 lu
651 3935 739 3987 die
772 3935 1120 4002 plautationis
1143 3947 1250 3991 tuae
1282 3938 1549 4004 labiusca,

549 4018 604 4058 et.
629 4021 785 4060 tuane
813 4023 996 4060 semen
1031 4018 1176 4061 tuum
1204 4009 1419 4061 florebit
1451 4027 1462 4061 :

474 4074 666 4129 Ablata
694 4088 773 4130 est
801 4078 990 4132 messis
1022 4079 1072 4132 in
1102 4079 1189 4134 die
1217 4080 1570 4147 lltlll‘CdiltlliS,

551 4159 602 4201 et
634 4150 835 4204 dolebit
862 4150 1120 4222 graviter.

474 4217 572 4274 Vze
607 4217 895 4276 multitudo
943 4222 1048 4294 [ΑΙ.
1118 4222 1473 4294 multitudini]
1546 4227 1867 4297 populorum
1939 4233 2077 4287 mul-

620 4302 819 4360 torum,

546 4372 605 4416 ut
637 4367 920 4422 nmhitudo
951 4369 1116 4422 maris
1145 4367 1395 4422 sonantis
1430 4385 1442 4419 :

547 4447 601 4487 et
626 4442 890 4494 tumultus
921 4441 1224 4504 turbarum,

545 4505 684 4581 sicut
717 4511 924 4564 sonitus
953 4528 1217 4581 aquarum
1257 4512 1569 4567 multarum.

473 4576 756 4656 Sonabnnt
810 4576 1015 4653 populi'
1053 4586 1190 4639 sicut
1227 4586 1442 4639 sonitus
1491 4600 1748 4656 aquarum
1798 4589 2068 4646 inundan-

619 4663 749 4705 lllllll
773 4695 786 4712 .

547 4733 597 4776 et
635 4723 938 4795 increpabit
971 4742 1115 4795 eum,

541 4802 595 4847 et
625 4795 788 4856 fugiet
821 4799 1042 4866 procul;

475 4865 544 4919 Et
576 4865 831 4934 rapietur
850 4875 987 4943 sicut
1020 4871 1194 4939 pulvis
1222 4874 1485 4929 montium
1515 4891 1544 4930 a
1574 4877 1706 4931 facie
1726 4879 1893 4943 renti,

541 4948 596 4990 et
622 4944 758 4991 sicut
791 4941 945 4993 turbo
972 4958 1153 4996 coram
1187 4952 1528 5015 tempestate.

465 5007 521 5060 In
557 5021 798 5074 tempore
822 5015 1050 5080 veSperi,
1081 5026 1132 5066 et
1169 5007 1560 5072 ecce'tnrbatio
1596 5037 1606 5072 :

541 5079 594 5131 in
627 5079 1000 5150 matntino,et
1032 5103 1135 5140 nou
1167 5088 1446 5142 subsistet.

466 5149 594 5203 "£130
623 5165 704 5205 est
733 5169 855 5222 pars
887 5149 1073 5211 eorum
1113 5159 1204 5227 qui
1239 5168 1591 5215 vastaverunt
1615 5176 1736 5227 nos,

537 5232 591 5275 et
614 5239 732 5278 sors
761 5227 1130 5295 diripientium
1165 5245 1285 5283 nos.

463 5292 617 5378 jtlap.
651 5295 821 5378 XVlll
851 5292 988 5378 ﬂia:
1037 5311 1192 5378 terre
1239 5302 1487 5371 cymbalo
1535 5304 1763 5370 alarum,
1813 5323 1930 5378 quze
1975 5323 2056 5367 est

608 5377 758 5421 trans
792 5369 1008 5424 flumina
1038 5369 1350 5443 [Ethiopne,

530 5441 619 5506 qui
648 5443 810 5494 mittit
843 5446 892 5493 in
926 5457 1073 5496 mare
1109 5441 1334 5511 legaios,

530 5511 658 5563 etin
688 5515 829 5564 vasis
855 5516 1037 5583 papyri
1068 5529 1231 5582 super
1262 5533 1448 5585 aquas.

458 5578 557 5647 Ite,
609 5586 786 5650 angeli
824 5578 1054 5654 veloces,
1094 5578 1159 5641 ad
1209 5578 1422 5658 geniem
1455 5594 1777 5650 convulsam
1824 5607 1880 5653 et
1910 5599 2051 5656 dila-

605 5665 840 5708 ceratam
868 5673 880 5720 ;

530 5723 598 5777 ad
629 5731 885 5796 populum
914 5731 1232 5801 terribilem,
1282 5745 1403 5804 post
1426 5752 1584 5807 quem
1618 5756 1722 5796 non
1755 5753 1839 5799 est
1869 5745 2042 5814 alius;

2098 4659 2152 4717 D

2127 434 2181 492 Λ
2276 445 2490 503 gentem
2519 445 2927 504 exspectantem
2958 445 3012 492 et
3041 440 3436 507 conculcatam,

2279 508 2429 575 cujus
2458 509 2800 575 diripuerunt
2829 511 3052 565 flumina
3084 523 3284 566 terram
3325 514 3464 583 ejus.

2198 575 2396 631 Omnes-
2423 580 2754 653 habitatores
2785 583 2952 645 orbis,
2988 585 3081 653 qui
3117 575 3403 639 moramini
3436 596 3607 652 terra,

2268 665 2389 704 cum
2435 652 2706 706 elcratnm
2742 653 2902 709 fuerit
2931 652 3142 726 signum
3177 659 3226 711 in
3255 659 3548 729 montibus,
3572 660 3793 716 videbi-

2345 733 2438 786 tis,

2273 803 2328 846 et
2363 797 2675 864 clangorem
2712 797 2854 850 tnbm
2885 797 3116 853 audietis
3150 819 3162 856 :

2206 863 2338 929 Quia
2375 863 2647 922 Inmodicit
2680 869 2943 923 Dominus
2977 871 3039 924 ad
3078 888 3162 926 me
3198 889 3212 926 :

2195 937 2504 1004 Quies-cam,
2532 951 2579 994 et
2610 942 2968 994 considerabo
2995 944 3045 995 in
3082 944 3200 998 loco
3225 960 3368 1012 meo,

2267 1010 2407 1063 sicut
2441 1011 2738 1065 meridiana
2773 1013 2859 1066 lux
2890 1015 3036 1068 clara
3068 1024 3174 1078 est,

2271 1091 2328 1136 ct’
2353 1084 2495 1135 sicut
2530 1084 2702 1136 nubes
2734 1087 2870 1138 roris
2907 1086 2959 1139 in
2995 1086 3081 1138 die
3117 1091 3333 1144 messis.

2195 1150 2600 1230 .\nte_messem
2639 1159 2783 1230 enim
2817 1165 2960 1230 totus
2989 1157 3256 1230 etlloruit,

2266 1233 2321 1278 et
2349 1225 2632 1280 immatura
2665 1226 2926 1295 perfectio
2955 1225 3309 1296 germinavit,

2196 1294 2261 1349 Et
2293 1294 2971 1363 prmdiccnturramusculi
3004 1301 3118 1366 eius
3150 1294 3375 1359 falcibus
3412 1322 3430 1360 :

2267 1377 2461 1445 c_tqn;e
2496 1370 2750 1424 derelicta
2797 1370 3021 1438 fuerint,
3072 1375 3479 1445 abscindentnr,
3523 1387 3579 1435 et
3619 1395 3788 1438 excu-

2268 1441 2491 1494 tienlttr.

2199 1511 2260 1566 Et
2313 1515 2690 1582 relinquentur
2741 1515 2898 1570 simul
2946 1517 3140 1572 avibus
3190 1520 3450 1576 montium
3501 1533 3554 1580 et
3604 1524 3797 1584 bestiis

2339 1594 2500 1639 terrtc
2534 1605 2547 1642 :

2265 1664 2319 1708 et
2344 1667 2532 1710 arsmte
2563 1667 2819 1727 perpetua
2853 1670 3014 1715 erunt
3037 1677 3198 1732 super
3222 1678 3345 1718 eum
3381 1666 3652 1730 volucres,

2265 1737 2316 1780 et
2349 1732 2755 1808 omnes_h_esti_:e
2783 1741 2941 1785 terrm
2968 1749 3132 1803 super
3160 1735 3308 1789 illttm
3339 1737 3689 1808 hyemahunt.

2194 1797 2248 1851 In
2283 1811 2526 1867 temvae
2553 1801 2643 1854 illo
2678 1803 2957 1858 deferetur
2983 1797 3176 1860 mimus
3203 1797 3430 1863 Domitio
3459 1814 3797 1869 exercituum

2273 1888 2301 1924 ει
2335 1873 2532 1940 populo
2565 1875 2776 1926 divulso
2801 1884 2855 1929 et
2881 1877 3206 1943 dilacerate;

2267 1959 2296 1995 a
2333 1945 2530 2012 pepulo
2557 1946 2806 2010 terribili,
2845 1961 2964 2013 post
2994 1965 3157 2018 quem
3183 1967 3288 2004 non
3320 1951 3418 2005 fuit
3451 1955 3629 2020 alius;

2265 2030 2291 2066 a
2326 2029 2892 2095 gemecaspI-ctante,
2929 2033 3281 2095 eaSpectante
3308 2034 3361 2076 et
3390 2029 3736 2095 conculcata,

2265 2088 2420 2161 cujus
2452 2086 2798 2161 diripuerunt
2833 2086 3050 2144 flumina
3079 2105 3279 2147 terram
3313 2097 3472 2161 ejus;

2264 2158 2328 2208 ad
2368 2159 2542 2212 locum
2579 2160 2812 2214 nominis
2874 2164 3090 2218 Domini
3139 2158 3497 2228 exercitiiun‘i.
3557 2181 3800 2229 montem

2339 2230 2488 2286 Sion.

2733 2329 2913 2386 ONUS
2953 2330 3255 2388 ZEGYPTI.

2194 2439 2341 2524 Ιϐᾳρ.
2398 2443 2592 2524 XlX.]_
2616 2446 3066 2524 Ecce__Diiiniijiis
3097 2450 3356 2507 ascendet
3402 2467 3568 2524 super
3599 2456 3796 2513 nubem

2264 2515 2461 2576 levem.
2498 2515 2920 2584 et'ingredietur
2949 2521 3266 2592 zEgyptnm,

2264 2594 2318 2640 et
2343 2592 2833 2669 commovebuntur
2859 2595 3144 2669 simulacra
3172 2594 3388 2669 .‘Egypti
3415 2611 3443 2650 a
3474 2595 3612 2653 facie
3639 2599 3783 2669 ejus,

2264 2667 2318 2711 et
2347 2674 2442 2712 eor
2467 2661 2681 2733 Atgypti
2713 2664 2954 2717 tabesci't
2981 2665 3032 2718 in
3061 2661 3408 2734 medio—(Ejus.

2191 2727 2257 2784 Et
2290 2727 2620 2812 concurrere
2642 2735 2834 2812 faciam
2862 2736 3150 2812 [Egyptios
3175 2727 3437 2794 adversus
3461 2741 3750 2812 {Egyptios
3777 2760 3791 2799 :

2264 2811 2316 2855 et
2349 2806 2602 2872 pugnabit
2641 2806 2720 2858 vir
2745 2821 2930 2860 contra
2967 2809 3190 2862 fratrem
3219 2824 3400 2876 suum,

2265 2882 2320 2926 et
2348 2877 2430 2927 \‘ir
2451 2888 2636 2930 contra
2661 2881 2896 2931 amicum
2924 2897 3104 2945 suum,

2261 2946 2454 3000 civitas
2477 2949 2742 3002 adversus
2771 2951 3066 3018 civitatem,

2263 3031 2486 3086 regnum
2521 3022 2784 3074 adversus
2811 3039 3061 3091 regnum.

2193 3087 2258 3142 Et
2285 3089 2625 3169 dirumpetur
2652 3087 2887 3160 Spiritus
2907 3095 3128 3168 ngypti
3155 3096 3206 3154 in
3239 3097 3537 3153 visceribus
3571 3101 3717 3169 ejus:

2263 3170 2317 3235 et
2339 3165 2627 3218 consilium
2660 3171 2776 3233 ejus
2801 3165 3152 3235 prmcipiiaho
3185 3188 3198 3222 :

2187 3242 2241 3287 et
2271 3234 2681 3312 interrogationi
2705 3234 2990 3293 simulacra
3017 3255 3136 3307 sua,
3171 3251 3225 3296 et
3257 3241 3470 3297 divinos
3500 3258 3652 3312 suos,

2262 3315 2315 3359 et
2338 3307 2626 3377 pythones,
2662 3319 2716 3362 et
2744 3312 2966 3365 ariolus.

2262 3377 2328 3453 bit
2361 3381 2570 3434 tradam
2598 3380 2886 3453 .LEgj-ptnm
2918 3382 2971 3437 in
3001 3400 3164 3440 manu
3209 3386 3555 3442 dominorum
3587 3387 3786 3445 crude‘

2261 3449 2413 3512 lium,

2257 3531 2312 3594 et
2340 3539 2430 3575 rex
2459 3523 2610 3578 fortis
2634 3525 3002 3580 dominabitur
3027 3543 3239 3594 eorum,

2257 3593 2329 3645 ait
2364 3594 2623 3649 Dominus
2655 3597 2798 3651 Deus
2828 3601 3199 3654 exercituum:

2187 3660 2250 3716 Ει
2283 3678 2493 3736 arescet
2524 3684 2660 3735 aqua
2692 3670 2759 3723 de
2793 3674 2948 3736 mari,

2258 3744 2311 3813 et
2344 3734 2536 3813 fluvius
2568 3734 3118 3813 ilesiilahitur,vatque
3144 3743 3454 3800 siccabitur.

2186 3803 2253 3857 Et
2280 3805 2531 3862 deficient
2563 3811 2782 3866 flumina
2816 3831 2829 3866 :

2257 3887 2308 3962 et
2337 3882 2783 3962 attenuabuntur.
2816 3895 2869 3938 et
2895 3887 3245 3942 siccabuntur
3274 3888 3404 3944 rivis
3435 3904 3710 3962 aggerum.

2183 3946 2437 4005 Calamus
2460 3963 2515 4007 et
2539 3956 2737 4021 juncus
2767 3970 3063 4012 marceseet
3096 3979 3106 4011 ε
3411 3967 3416 3969 ’

2257 4023 2548 4099 nudabitur
2573 4026 2759 4080 alveus
2785 4031 2883 4082 rivi
2917 4047 2943 4082 a
2980 4030 3128 4084 fonte
3161 4047 3280 4099 suo,

2182 4089 2249 4145 Et
2276 4097 2452 4148 omnis
2478 4102 2734 4151 sementis
2765 4103 2965 4171 irrigua
2991 4089 3307 4172 siccabitur,

2255 4179 2486 4233 arescet,
2519 4181 2573 4223 et
2606 4186 2711 4222 non
2743 4174 2864 4225 erit.

2181 4233 2248 4288 Et
2277 4240 2584 4294 moercbunt
2611 4242 2929 4312 piscatores,

2253 4318 2307 4363 et
2339 4311 2818 4379 lngebunt’omues
2851 4319 3129 4372 mittentes
3172 4319 3223 4372 in
3259 4320 3458 4374 flumen
3496 4320 3740 4386 hamum,

2253 4393 2304 4434 et
2349 4385 2719 4465 exlpanilentes
2765 4402 2880 4443 rete
2904 4404 3066 4458 super
3117 4389 3308 4446 faciem
3356 4408 3622 4463 aquarum
3670 4397 3774 4465 liti.

2249 4456 2425 4524 arttt:e|
2459 4471 2818 4515 marcescent.

2178 4521 2594 4580 Confundentur
2635 4533 2724 4598 qui
2772 4535 3132 4608 operabantur
3179 4535 3284 4603 Idl.
3334 4538 3654 4608 operantur]
3707 4539 3774 4592 li-

2323 4613 2816 4678 nu_m_,__pectentes
2857 4605 2962 4676 lAl.
3028 4606 3353 4678 plectentes]
3408 4618 3464 4663 et
3523 4605 3777 4666 ‘texentes

2325 4671 2568 4725 subtilia.

2253 4740 2316 4793 Et
2349 4753 2508 4796 erunt
2533 4745 2731 4816 irrigua
2765 4747 2881 4816 ejus
2915 4749 3195 4805 ﬂacceutia
3227 4771 3239 4806 :

2250 4817 2555 4896 omnesqni
2598 4815 2866 4896 faciebant
2899 4823 3125 4876 lacunas
3156 4825 3219 4876 ad
3247 4824 3542 4894 capiendos
3573 4828 3772 4896 pisces.

2179 4881 2338 4937 Stulti
2376 4881 2648 4955 principes
2680 4890 2928 4955 'l‘aneus;

2241 4958 2514 5039 sapientes
2541 4961 2836 5016 consiliarii
2864 4965 3163 5020 Pharaonis
3184 4967 3453 5024 dederunt
3477 4971 3772 5027 consilium

2314 5045 2596 5096 InSIpiens.

2167 5096 2450 5162 Quomodo
2482 5102 2674 5157 dicetis
2705 5103 2970 5162 Pharaoni
3007 5128 3018 5161 :

2367 5174 2687 5240 sapientium
2721 5193 2841 5247 ego,
2880 5181 3240 5255 filiusregttn‘t
3273 5184 3658 5255 antiquorum?

2171 5239 2265 5294 Ubi
2299 5239 2600 5300 suutuunc
2639 5239 2916 5316 sapteiites
2941 5253 3053 5306 liti?

2238 5316 2563 5370 annuntieut
2611 5320 2726 5380 tibi,
2759 5332 2810 5374 et
2845 5323 3084 5378 indicent

2233 5391 2358 5454 quid
2389 5391 2707 5458 cogitaverit
2738 5393 2997 5448 Dominus
3022 5396 3361 5469 exercituum
3399 5414 3566 5471 super
3595 5401 3763 5474 ngy-

2308 5467 2478 5527 ptum.

2159 5529 2322 5584 Stulti
2351 5532 2472 5584 facti
2507 5543 2631 5586 sunt
2661 5535 2932 5605 principes
2963 5538 3197 5606 Taneos,

2230 5610 2913 5678 emarcuertmrprincipes
2937 5610 3271 5678 Mempheos,

2229 5674 2558 5755 deceperunt
2582 5677 3182 5755 Egyptum,angulum
3218 5674 3543 5754 populorum
3578 5689 3719 5755 ejus.

2163 5743 2417 5800 Dominus
2447 5743 2664 5804 llliSttlllf.
2691 5743 2744 5805 iii
2780 5753 2958 5807 medio
2988 5743 3106 5824 ejus
3135 5743 3385 5826 spiritum
3419 5743 3755 5831 vertiginis:

528 5891 553 5918 α
593 5883 711 5938 Non
768 5887 906 5946 bene
947 5891 1130 5964 legunt
1169 5895 1256 5952 hic
1288 5898 1616 5969 exemplaria
1659 5904 1921 5976 Canonis,
1962 5908 2042 5964 Eat
2077 5911 2174 5966 hoc
2198 5955 2214 5979 ,
2253 5925 2301 5968 et
2330 5931 2497 5984 nunc,
2530 5930 2628 5986 pro
2658 5934 2722 5972 ex
2756 5928 2901 5971 tunc.
2931 5916 3000 5970 Et
3029 5935 3183 5977 mmr.
3223 5921 3398 5979 MART.
