4114 6364
325 273 366 331 7
379 276 455 335 J3

1523 272 1724 332 LIBER
1763 276 1969 336 ISAIIE
2011 276 2429 339 PROPIIETIE.

3531 271 3636 331 794

412 405 471 454 ct
497 412 684 454 errare
713 397 958 454 fecerunt
984 394 1271 470 )Egyptum
1302 394 1358 451 in
1391 393 1541 451 omni
1567 408 1729 467 opere
1759 410 1885 467 suo,
1951 403 2007 465 Α
2030 402 2100 460 Et
2132 402 2259 459 fecit
2283 401 2381 464 sic,
2421 397 2628 454 vadens
2661 394 2862 463 nudus,
2896 400 2952 451 et
2978 394 3360 453 discaleeatus.

414 472 555 526 sicut
579 480 725 527 errat
750 471 932 527 ebrius
953 481 1009 527 et
1027 484 1272 525 vomens.

326 538 412 598 Et
443 559 550 598 non
580 545 681 616 erit
710 542 945 616 {Egypto
974 557 1131 612 opus,

415 616 559 685 qezod
590 614 750 669 faciat
771 613 931 681 caput
959 625 1012 669 et
1033 613 1280 681 caudam,

417 695 444 723 ἰ
470 686 841 742 ineurvantem
876 695 930 742 et
959 686 1343 742 refrenantem.

329 754 403 813 In
434 757 522 814 die
553 758 644 813 illa
668 760 772 831 erit
800 756 1063 831 {Egyptus
1087 758 1236 830 quasi
1268 756 1546 831 mulieres,

414 839 471 885 et
518 830 831 902 stupebant,
871 826 1239 902 elvtiutebuut
1285 843 1313 882 a
1365 826 1501 883 facie
1547 827 1931 886 commotionis

486 917 678 957 atauus
710 903 922 958 Domini
963 901 1318 966 exercituum,

412 990 575 1041 quam
610 975 727 1041 ipse
758 976 997 1030 movebit
1023 990 1188 1041 super
1214 988 1356 1028 eam.

411 1045 483 1101 Et
508 1048 610 1101 erit
642 1056 784 1119 terra
816 1046 951 1102 Juda
982 1046 1218 1119 {Egypto
1238 1046 1298 1119 in
1329 1042 1356 1082 δ
1384 1043 1733 1099 festivitatem
1771 1061 1786 1099 :

327 1116 535 1174 Omnis
563 1120 649 1188 qui
685 1118 829 1172 illius
868 1118 1027 1175 fuerit
1059 1116 1395 1183 recordatus,

412 1186 633 1258 pavebit
659 1206 687 1244 a
719 1190 856 1246 facie
881 1188 1094 1247 consilii
1123 1190 1335 1244 Domini
1365 1186 1723 1253 exercituum,

411 1262 553 1333 quod
586 1264 701 1333 ipse
728 1264 987 1333 cogitavit
1012 1277 1176 1332 super
1205 1277 1346 1316 eam.

331 1332 396 1389 In
420 1330 621 1390 dieilla
648 1330 1354 1404 eruut'quinqueeivitates
1402 1331 1455 1387 in
1499 1343 1643 1388 terra
1683 1330 1928 1406 Egypti,

484 1406 770 1475 loquentes
799 1408 979 1474 lingua
1009 1407 1290 1472 Chanaan,

409 1487 464 1531 et
490 1477 741 1547 jtlrantes
768 1493 866 1549 per
894 1479 1184 1533 Dominum
1210 1476 1544 1532 exercituum

329 1547 543 1605 Civitas
573 1551 707 1605 solis
730 1547 1014 1607 vocabitur
1040 1566 1165 1605 una.

329 1620 393 1677 lu
443 1622 533 1677 die
583 1622 673 1677 illa
735 1625 846 1679 erit
906 1624 1077 1679 altare
1146 1622 1355 1680 Domini
1431 1621 1483 1677 in
1539 1619 1719 1677 medio
1772 1627 1932 1677 terra:

479 1692 720 1763 IEgy‘pti,
1054 1722 1059 1728 ~

368 1775 464 1851 ‘et
495 1766 682 1849 titulus
723 1767 940 1851 Domini
968 1766 1121 1837 juxta
1160 1767 1451 1851 terminum
1482 1764 1600 1848 ejus
1629 1784 1640 1817 :

406 1838 475 1893 Et
510 1840 619 1893 erit
666 1839 720 1892 in
778 1836 1032 1909 signum,
1084 1848 1137 1894 et
1180 1839 1231 1893 in
1281 1838 1651 1893 testimonium
1697 1836 1929 1893 Domino

478 1912 814 1965 exercituum
850 1913 900 1965 iu
937 1923 1082 1966 terra
1111 1910 1353 1982 1Egypti.

330 1981 657 2037 Clamabunt
679 1984 821 2038 enim
853 1984 916 2036 ad
953 1981 1235 2037 Dominum
1264 1999 1294 2037 a
1322 1982 1463 2037 facie
1500 1981 1833 2049 tribulantis,

405 2064 461 2109 et
496 2052 670 2110 mittet
717 2056 797 2111 eis
837 2056 1163 2111 salvatorem
1213 2067 1263 2111 et
1316 2062 1804 2126 propugnatorem,
1835 2053 1928 2124 qui

479 2126 666 2183 liberet
700 2142 814 2184 eos.

329 2195 403 2255 Et
431 2209 783 2269 cognoscetur
812 2201 1069 2256 Dominus
1095 2201 1162 2255 ab
1194 2199 1450 2270 1Egypto,

403 2279 458 2326 et
483 2280 813 2340 c0guosceut
830 2272 1063 2345 Egyptii
1102 2274 1382 2326 Dominum
1407 2270 1574 2345 indie
1598 2270 1708 2339 illa,

403 2351 458 2396 et
487 2345 671 2398 colent
702 2359 824 2399 eum
859 2348 907 2399 in
939 2343 1133 2399 hostiis
1163 2356 1215 2398 et
1246 2343 1557 2398 muneribus
1598 2360 1611 2396 :

402 2423 456 2469 et
486 2428 612 2469 vom
638 2418 909 2472 vovebant
940 2417 1190 2481 Βοιιιίιιο,
1227 2426 1279 2470 et
1307 2419 1543 2470 splvcnt.

331 2483 397 2541 Et
432 2488 696 2555 percutiet
724 2489 981 2545 Dominus
1011 2488 1304 2561 Egyptum
1337 2488 1514 2558 plaga,

401 2569 459 2615 et
488 2561 700 2615 sanabit
730 2576 873 2628 eam,

400 2640 456 2685 et
477 2644 820 2689 revertentur
846 2634 913 2691 ad
936 2632 1246 2703 Dominum,
1271 2640 1325 2689 et
1354 2631 1655 2703 placabitur
1677 2632 1780 2702 eis,

402 2712 458 2759 et
485 2704 697 2761 sanabit
724 2721 841 2762 eos.

326 2771 385 2828 In
414 2775 501 2850 die
530 2775 624 2831 illa
653 2781 759 2850 erit
786 2782 872 2835 via
907 2779 972 2833 de
1009 2778 1249 2850 Egyth
1280 2777 1332 2831 in
1363 2775 1639 2850 AssyrinS.

397 2857 454 2904 et
484 2847 994 2926 intrabitAssyrius
1035 2847 1352 2926 (Egyptian,
1402 2847 1767 2923 et'rEgyptus
1815 2850 1924 2923 [ΑΙ.

470 2920 860 2995 Algyptiusjju'
878 2920 1149 2995 Assyrios,

398 3001 455 3067 et
482 2997 721 3067 servient
750 2997 988 3067 Egyptii
1024 2998 1217 3050 Assur.

326 3062 384 3119 In
412 3064 618 3193 diglilia
648 3068 756 3151 erit
781 3062 947 3124 Israel
977 3067 1175 3123 tertius
1217 3064 1451 3139 IEgypto
1493 3065 1599 3137 [ΑΙ.
1646 3064 1924 3141 IEgyptio]

600 3153 777 3193 ssvrto
810 3158 824 3193 :

469 3146 523 3192 et
549 3140 777 3223 {assyrio
810 3158 824 3197 ε

395 3209 711 3267 benedictio
741 3213 793 3265 in
840 3211 1022 3268 medio
1060 3219 1242 3277 terra),
1289 3211 1376 3265 cui
1426 3209 1706 3268 benedixit
1745 3211 1926 3267 Domi—
1953 3210 1998 3273 C

470 3296 571 3336 nus
595 3283 948 3351 exercituum,
981 3283 1164 3340 dicens
1196 3301 1207 3335 :

326 3353 652 3412 Benedictus
677 3356 907 3427 populus
940 3372 1089 3411 meus
1112 3354 1354 3427 Egypti,

396 3436 453 3483 et
480 3442 615 3496 opus
647 3444 899 3483 manuum
934 3445 1178 3484 mearuut
1215 3427 1444 3498 Assyrio
1478 3444 1492 3484 :

397 3498 686 3554 haereditas
717 3510 897 3555 autem
928 3515 1045 3555 mea
1074 3500 1265 3555 Israel.

324 3569 677 3645 [castXJ
724 3571 783 3628 ln
824 3587 991 3644 anno,
1038 3588 1147 3645 quo
1191 3573 1470 3644 ingressus
1520 3580 1605 3628 est
1640 3570 1919 3630 Tharthan

396 3641 451 3699 in
481 3641 733 3710 Azotum,

393 3730 516 3771 cum
546 3715 784 3771 misisset
811 3732 931 3771 eum
964 3718 1172 3789 Sargon
1210 3733 1305 3773 rex
1337 3716 1706 3789 Assyriorum,

396 3797 450 3862 et
488 3796 779 3858 pugnasset
804 3798 993 3862 coatra
1024 3791 1274 3853 Azotutu,
1302 3802 1357 3845 et
1378 3791 1616 3857 cepisset
1646 3806 1764 3862 eam
1799 3809 1832 3862 ;Δ

396 3859 451 3914 in
505 3871 748 3930 tempore
798 3861 893 3915 illo
940 3862 1150 3917 locutus
1204 3869 1289 3917 est
1335 3863 1594 3918 Dominus
1645 3861 1702 3918 in
1760 3859 1919 3919 manu

388 3994 391 3997 _
466 3931 617 3987 lsaim
659 3932 753 3986 lilii
783 3932 972 4000 Amos,
1006 3936 1189 3990 dicens
1221 3952 1234 3989 :

321 4001 497 4066 Vade,
523 4014 574 4058 et
604 4005 752 4060 solve
785 4020 1000 4061 sacemn
1034 4007 1101 4061 de
1132 4005 1327 4062 lumbis
1364 4005 1491 4071 tuis,

395 4085 451 4133 et
478 4079 841 4135 calceameuta
872 4086 963 4135 tua
988 4078 1119 4135 tolle
1154 4078 1222 4134 de
1249 4078 1478 4150 pedibus
1508 4077 1631 4134 tuis.

393 4275 421 4306 α
463 4265 777 4323 Audiendus
803 4266 891 4323 hic
921 4265 981 4322 S.
1010 4266 1124 4338 ipse
1152 4277 1230 4321 est
1262 4265 1443 4334 Pater,
1463 4266 1550 4320 ubi
1576 4280 1726 4338 suam
1758 4265 1913 4323 istius

320 4337 423 4395 loci
450 4342 752 4409 versionem
778 4336 1143 4409 recognoscit,
1168 4339 1455 4407 emendatq
1467 4355 1528 4392 ue
1553 4341 1604 4393 in
1628 4336 1917 4394 Commen-

321 4411 462 4467 tario
489 4429 501 4464 :
533 4427 693 4482 quem
728 4412 904 4466 locum
928 4422 982 4466 et
1012 4411 1355 4465 Martiana-us
1380 4411 1583 4465 laudat.
1610 4413 1674 4464 In
1701 4426 1759 4463 eo
1787 4428 1918 4482 quo-

319 4500 438 4553 que,
482 4483 677 4551 inquit,
711 4485 847 4552 quod
888 4499 982 4536 nos
1030 4482 1428 4553 transtulimus,
1480 4483 1832 4536 incurrantem
1868 4492 1919 4537 et

315 4556 720 4626 refrenantem,
757 4568 1028 4626 possumus
1084 4553 1286 4621 dicere,
1334 4557 1603 4607 incurvum
1651 4562 1711 4626 et~
1761 4554 1917 4607 lasci-

318 4624 558 4682 vientem.
610 4631 666 4676 ut
704 4625 1057 4694 intelligamus
1087 4641 1255 4679 senem
1286 4634 1330 4678 et
1377 4641 1609 4690 puerum.
1662 4624 1771 4679 Nos
1816 4641 1915 4678 au-

1961 1792 2013 1867 Β

2107 475 2175 529 Ει
2199 475 2333 530 dixit
2368 471 2629 526 Dominus
2664 488 2675 523 :

2033 545 2189 603 Sicut
2214 544 2510 601 ambulavit
2538 556 2728 599 servus
2759 554 2913 597 meus
2933 538 3101 596 Isaias
3129 538 3327 610 nudus,
3360 548 3415 598 et
3440 539 3638 599 discal-

2176 628 2384 686 ceatus,
2432 630 2437 633 '

2108 692 2267 747 trium
2302 685 2568 745 annorum
2605 688 2819 757 signum
2868 695 2924 742 et
2970 692 3281 757 portentum
3321 685 3427 742 erit
3475 701 3637 757 super

2176 763 2468 834 Etymum
2500 772 2555 817 et
2580 776 2742 827 super
2772 758 3116 834 [Ethiopiam
3139 774 3158 813 :

2032 836 2124 894 Sic
2154 828 2382 890 minabit
2411 850 2503 889 rex
2536 833 2886 904 Assyriorum
2919 828 3288 896 captivitatem
3320 828 3559 903 Egypti,

2105 918 2161 965 et
2192 906 2721 977 transmigrationem
2750 903 3077 977 Ethiopian.

2169 972 2505 1049 juvenentvet
2535 992 2720 1033 senem
2748 975 2853 1047 [Αἰ.
2876 972 3135 1044 juveuum
3165 981 3220 1030 et
3249 972 3463 1048 senum]

2106 1053 2307 1107 "Ullum
2334 1061 2388 1105 et
2416 1051 2831 1115 discaleeatum,

2177 1122 2537 1188 diSCOODeNiS
2570 1121 2807 1188 natibus,

2107 1196 2459 1263 ignominiam
2492 1192 2735 1266 AEgypti.

2034 1266 2102 1322 Et
2132 1262 2422 1327 timebunt.
2452 1277 2505 1322 et
2551 1262 2956 1321 coitiundeutur
2980 1264 3049 1318 ab
3076 1262 3355 1335 rEthiopia
3381 1277 3478 1335 spe
3508 1276 3627 1332 sua,

2106 1349 2161 1395 et
2187 1340 2256 1393 ab
2286 1338 2520 1410 [Egypto
2550 1336 2720 1408 gloria
2752 1352 2869 1410 sua.

2034 1411 2100 1467 Et
2129 1412 2268 1467 dicet
2296 1407 2569 1466 habitator
2600 1410 2788 1464 insulte
2817 1408 2976 1477 hujus
3007 1408 3061 1462 in
3092 1407 3180 1464 die
3203 1408 3292 1463 illa
3329 1423 3348 1462 :

2036 1483 2180 1541 Ecce
2207 1484 2481 1609 ltreclerat
2521 1496 2648 1554 spes
2676 1494 2884 1548 nOStra,
2912 1480 2977 1535 ad
3021 1495 3160 1551 quos
3196 1478 3545 1551 confugimus
3575 1479 3630 1535 iu

2179 1571 2300 1609 sum
2336 1571 2464 1609 tum.

2179 1571 2464 1623 annuum,

2104 1637 2167 1683 ut
2197 1628 2499 1683 liberarent
2525 1641 2624 1682 nos
2655 1641 2682 1680 a
2716 1626 2853 1682 facie
2887 1625 3030 1697 regis
3063 1624 3410 1697 Assyriorum
3444 1642 3457 1679 :

2105 1708 2159 1756 ct
2186 1699 2459 1770 quomodo
2488 1697 2729 1770 ellugere
2764 1696 3065 1768 poterimus
3096 1696 3240 1753 nos?

2430 1814 2611 1872 ONUS
2651 1813 2948 1871 DESERTI
2987 1813 3225 1871 MARIS.

2110 1910 2261 1984 [ϐαρ.
2284 1910 2456 1984 XXI]
2488 1912 2638 1984 Sicut
2668 1907 3012 1984 tut-bines‘ab
3033 1906 3272 1984 Apbrico
3302 1906 3548 1973 veniunt,

2109 1980 2176 2039 de
2205 1980 2419 2039 deserto
2440 1980 2618 2049 venit,
2649 1982 2718 2037 de
2748 1991 2892 2037 terra
2919 1980 3186 2035 horribili.

2036 2056 2184 2111 Visio
2210 2055 2340 2110 dura
2370 2055 2611 2110 nuntiata
2640 2052 2875 2109 estmibi
2900 2069 2913 2106 :
3608 2064 3627 2091 ο

2032 2128 2135 2198 Qui
2168 2127 2480 2183 incredulus
2508 2134 2613 2193 est,
2644 2124 2939 2180 inﬁdeliter
2960 2124 3071 2193 agit
3104 2140 3117 2177 :

2103 2211 2157 2255 et
2183 2201 2273 2271 qni
2296 2200 2655 2269 depopulatur
2682 2206 2788 2268 est,
2811 2204 3011 2253 vastat.

2031 2271 2299 2339 Ascende,
2332 2273 2516 2337 Elam;

2102 2343 2315 2408 obside,
2347 2343 2500 2398 Meda
2535 2361 2546 2396 :

2102 2430 2317 2471 omnem
2347 2416 2610 2485 gemitum
2640 2414 2764 2485 ejus
2789 2427 3009 2469 cessare
3042 2411 3169 2485 feci.

2030 2486 2322 2557 Propterea
2356 2484 2546 2557 repleti
2575 2484 2699 2541 sunt
2730 2486 2897 2541 lumbi
2926 2485 3031 2542 mei
3053 2484 3266 2554 dolore,

2102 2562 2349 2630 angustia
2377 2558 2621 2630 possedit
2649 2574 2736 2614 me

2102 2632 2242 2687 sicut
2272 2633 2522 2703 angustia
2549 2630 2902 2700 parturientis
2938 2646 2951 2686 ε

2028 2702 2223 2759 Corrui
2255 2702 2378 2759 cum
2411 2704 2681 2770 audirem,

2101 2778 2460 2832 conturbatus
2481 2791 2601 2830 sum
2630 2790 2753 2831 cum
2783 2774 3049 2831 viderem.

2028 2847 2311 2906 Emarcuit
2338 2864 2434 2903 cor
2460 2864 2665 2915 meum,

2103 2921 2344 2977 tenebrae
2377 2919 2782 2990 stupefecerunt
2811 2933 2899 2975 me
2933 2936 2945 2972 :

2029 2993 2270 3067 Babylon
2295 2992 2500 3067 dilecta
2520 3007 2639 3067 mea

2102 3063 2273 3135 posita
2306 3074 2388 3121 est
2409 3064 2543 3119 mihi
2571 3064 2625 3119 in
2658 3063 2999 3120 miraculum.

2031 3137 2178 3194 Pone
2206 3152 2482 3206 mensam,
2940 3164 2945 3169 -

2102 3210 2473 3280 contemplare
2503 3211 2556 3266 in
2586 3207 2805 3280 specula

2099 3283 2449 3338 comedentes
2471 3293 2525 3339 et
2554 3282 2823 3338 bibentes.

2030 3352 2267 3424 Surgite,
2294 3354 2586 3423 principes,

2100 3428 2328 3494 arripite
2347 3429 2618 3498 clypeum.

2028 3494 2157 3555 Haec
2182 3498 2327 3554 enim
2352 3494 2485 3552 mihi
2507 3498 2770 3552 Dominus
2806 3513 2818 3551 :

2030 3569 2201 3636 Vade,
2226 3580 2282 3626 et
2306 3584 2443 3635 pone
2469 3570 2873 3638 speculatorem
2909 3584 2922 3622 :

2100 3654 2152 3699 et
2172 3641 2549 3713 quodcumque
2574 3641 2790 3705 viderit,
2811 3639 3120 3695 annuntiet.

2028 3713 2096 3770 Et
2122 3715 2256 3768 vidit
2278 3729 2496 3768 currum
2521 3714 2751 3768 duorum
2776 3713 3041 3782 equitum,

2100 3801 2445 3842 ascensorem
2473 3787 2633 3853 asini,
2657 3794 2711 3839 et
2741 3779 3083 3839 ascensorem
3106 3779 3298 3837 cameli
3329 3798 3343 3837 :

2027 3859 2094 3915 Et
2116 3859 2516 3928 contemplatus
2544 3870 2628 3913 eSt
2649 3856 2937 3927 diligenter
2960 3854 3138 3910 multo
3170 3853 3389 3910 intuitu.

2101 3933 2169 3986 Et
2197 3931 2449 3985 clamavit
2484 3931 2604 3985 leo:

2027 4003 2218 4132 Stipes.
2243 4003 2518 4071 Speculum
2551 3998 2766 4058 Domini
2792 4015 2893 4074 ego
2937 4014 3075 4069 sum,
3108 4008 3258 4055 stans
3294 3997 3498 4072 jugiter
3528 4011 3625 4071 per

2207 4088 2311 4130 tem
2347 4091 2361 4128 :

2207 4088 2311 4130 tem
2347 4091 2361 4128 τ

2019 4266 2349 4323 humilitatis
2396 4270 2703 4339 exemplum
2755 4267 2962 4338 pratbet
3006 4267 3061 4324 S.
3118 4263 3551 4339 Hieronymus].
3589 4278 3622 4320 v

2019 4346 2326 4396 Comment.
2354 4341 2407 4395 in
2432 4336 2625 4395 Isaiam
2650 4336 2971 4410 prophetam
2992 4382 3006 4405 ,
3042 4339 3133 4393 ubi
3173 4354 3296 4393 sese
3324 4336 3625 4407 reprehen-

2019 4412 2159 4467 dens
2188 4412 2333 4483 quod
2362 4413 2522 4467 nimis
2556 4414 2783 4468 festinus
2812 4421 2867 4466 ct
2898 4426 3139 4481 praeceps
3169 4410 3425 4483 nonnulla
3474 4410 3624 4483 capi-

2022 4486 2120 4540 tuli
2147 4480 2317 4554 hujus,
2339 4485 2501 4539 verba
2548 4499 2654 4538 non
2706 4483 2851 4554 bene
2888 4480 3320 4554 converterit_iu
3368 4480 3619 4536 Latinum

2021 4552 2330 4612 sermonem
2355 4598 2369 4622 ,
2406 4558 2637 4626 ingenue
2674 4557 2787 4609 hinc
2834 4553 3008 4607 fassus
3051 4563 3134 4608 est
3167 4571 3178 4607 :
3218 4552 3286 4626 ιη
3323 4569 3381 4606 eo
3425 4568 3623 4623 quoque

2021 4628 2160 4697 quod
2188 4646 2281 4682 nos
2308 4625 2691 4693 transtulimus,
2708 4627 3061 4697 incurvautem
3081 4637 3126 4680 et
3141 4625 3486 4697 refrenantem
3504 4641 3624 4694 pos-

319 4708 423 4750 tem
459 4694 666 4750 verbum
688 4694 1000 4750 Hebraicum
1023 4711 1229 4763 aenos,
1280 4697 1508 4784 (rma).
1533 4698 1657 4751 dum
1684 4697 1917 4750 celeri.’er
1952 4695 2000 4756 D
2024 4694 2202 4754 sumus
2222 4701 2393 4754 dicere
2418 4700 2684 4784 incurvum
2710 4696 3149 4784 etlascivienltem,
3177 4694 3234 4784 ﬁt
3261 4695 3621 4784 intelligamus

316 4805 433 4861 qua:
451 4789 645 4861 scripta
660 4795 814 4861 sunt,
852 4788 1111 4852 vertimus,
1139 4788 1475 4860 ambiguitate
1495 4790 1714 4861 decepti,
1748 4791 1910 4859 refre—

318 4860 527 4915 nnntem
559 4860 806 4914 diximus.
836 4861 899 4916 Et
927 4872 1245 4932 postgpauca
1273 4878 1285 4913 :
1321 4860 1531 4925 Melius,
1569 4860 1759 4932 inquit,
1790 4872 1910 4915 reor

318 4932 588 5003 praprium
629 4948 857 4986 errorem
900 4930 1287 5000 reprehendere.
1323 4949 1477 5001 quam
1514 4930 1911 4987 dum'erubeseo

316 5003 917 5076 imperitiam_confiteri,
960 5004 1013 5056 in
1040 5009 1553 5076 erroregpersistere.
1590 5004 1653 5058 In
1676 5021 1735 5058 eo
1771 5004 1910 5073 quod

320 5072 589 5140 transtuli,
620 5072 691 5127 Et
730 5077 824 5129 erit
853 5085 991 5146 terra
1020 5073 1164 5127 Juda
1199 5074 1431 5146 /Egypto
1464 5079 1518 5131 in
1546 5072 1913 5145 festivitatem:

321 5165 415 5218 ira
446 5147 725 5219 festivitate
770 5148 825 5201 in
885 5145 1124 5219 Hebrum,
1150 5148 1337 5219 legitur
1373 5165 1508 5205 suos
1543 5149 1720 5215 (nam),
1774 5150 1912 5218 quod

316 5218 646 5288 interpretari
693 5228 859 5289 potest
921 5226 967 5270 et
1013 5218 1259 5288 festivitas
1292 5234 1308 5271 :
1359 5223 1492 5275 unde
1520 5229 1569 5273 et
1605 5221 1824 5289 Aggwus
1861 5221 1914 5273 in

316 5292 557 5361 festivum
581 5292 795 5361 vertitur
822 5306 841 5346 :
869 5297 917 5343 et
942 5291 1116 5355 timor,
1149 5289 1286 5358 quod
1321 5291 1704 5360 signiﬁcantius
1729 5291 1915 5360 Aquila

318 5360 579 5440 transtulit
624 5360 875 5440 γῦρωᾳιν,
923 5377 1042 5414 cum
1091 5363 1279 5440 aliquis
1337 5362 1553 5440 pavidus
1587 5368 1633 5440 et
1696 5369 1914 5440 tremens

319 5432 880 5498 circumfert'oeulos,
935 5442 982 5486 et
1035 5432 1385 5486 advenientem
1441 5433 1689 5503 formidat
1739 5433 1914 5487 inimi-

317 5522 452 5559 cum.
509 5504 654 5575 Ergo
693 5508 736 5559 si
790 5504 1215 5576 voluerimusiin
1275 5504 1467 5576 bonam,
1522 5514 1717 5576 partem
1780 5508 1916 5558 acci-

315 5594 454 5650 pere,
497 5573 651 5650 _quod
693 5576 982 5631 recordatio
1034 5573 1191 5629 Judu:
1228 5576 1293 5650 sit
1331 5573 1534 5647 gaudii,
1581 5585 1719 5650 recte
1767 5577 1915 5648 festi-

317 5648 446 5704 vitas
472 5648 660 5703 dicitur
694 5666 712 5703 :
759 5650 839 5702 sin
869 5660 1065 5712 autem,
1092 5657 1148 5702 ut
1175 5648 1422 5711 arbitror,
1453 5649 1507 5702 in
1552 5649 1785 5704 timorem
1817 5665 1910 5718 pro

319 5721 592 5792 festivitate
630 5721 866 5788 vertitur,
915 5719 1273 5792 intelligamus
1325 5720 1655 5793 formidinem
1685 5722 1767 5777 vel
1816 5739 1913 5792 pa-

319 5808 512 5847 vorem.
1170 5803 1175 5807 ’

394 5862 422 5901 ιι
462 5864 945 5924 l’raeclarissimum
996 5865 1245 5925 omnibus
1292 5866 1471 5925 doctis
1513 5860 1815 5926 modestiae
1851 5882 1914 5924 ac

2015 4787 2183 4825 senem
2216 4781 2262 4825 et
2307 4787 2544 4841 puerum.
2586 4769 2696 4824 Nos
2724 4780 2897 4824 autem
2930 4770 3132 4823 verbum
3167 4767 3487 4841 Hebraicum
3520 4783 3620 4823 AG-

2017 4857 2123 4897 MDN
2146 4839 2375 4929 (V7313),
2405 4842 2527 4895 dum
2554 4842 2791 4896 celeriter
2811 4857 2926 4912 qua:
2954 4844 3148 4909 scripta
3167 4848 3284 4894 sunt
3303 4881 3317 4905 ,
3352 4839 3617 4906 vertimus,

2015 4935 2348 5006 ambiguitate
2390 4935 2626 5006 decepti,
2674 4935 3039 5006 refrenautem
3075 4933 3327 4987 diximus.
3386 4932 3451 4986 Et
3498 4940 3621 5000 post

2018 5005 2189 5077 pauca
2221 5024 2234 5058 ε
2265 5005 2475 5069 Melius,
2507 5005 2705 5074 inquit,
2731 5022 2846 5060 reor
2867 5005 3143 5078 proprium,
3176 5020 3402 5078 errorem
3444 5019 3618 5078 repre-

2017 5075 2269 5143 hendere,
2299 5094 2458 5150 quam
2491 5080 2616 5150 dum
2643 5075 2882 5131 erubesco
2920 5075 3231 5150 imperitiam
3267 5076 3504 5150 conﬁteri
3522 5121 3535 5143 ,
3566 5075 3620 5128 in

2017 5167 2191 5207 errore
2222 5145 2508 5218 persistere.
2565 5147 2634 5202 In
2667 5166 2725 5203 eo
2764 5150 2901 5218 quod
2934 5145 3174 5202 transtuli
3206 5163 3225 5202 :
3258 5145 3324 5200 Et
3355 5148 3447 5200 erit
3466 5158 3615 5218 terra

2017 5223 2160 5277 Iuda
2201 5217 2434 5294 [Egyth
2466 5222 2518 5276 in
2548 5217 2873 5290 festivitatem
2905 5236 2922 5274 :
2950 5236 3043 5288 pro
3066 5220 3342 5294 festivitate
3372 5220 3422 5271 in
3448 5217 3614 5294 Hebr.

2019 5294 2209 5363 legitur
2237 5290 2370 5349 Aeci.
2416 5293 2568 5364 (Nm)
2587 5338 2601 5361 ,
2634 5294 2773 5364 quod
2802 5293 3130 5364 interpretari
3158 5301 3319 5358 potest
3349 5300 3394 5346 et
3428 5290 3620 5364 festivi-

2019 5362 2097 5419 tas
2118 5383 2136 5420 :
2159 5367 2293 5420 unde
2340 5376 2387 5419 et
2428 5362 2665 5438 'Aggreus
2708 5366 2767 5438 in,
2806 5362 3043 5432 festivum
3077 5364 3287 5438 vertitur
3314 5379 3333 5417 :
3361 5370 3410 5416 et
3440 5362 3612 5428 timor,

2018 5433 2579 5512 quodjsigniﬁrant'ius
2634 5436 2849 5512 Aquila
2881 5433 3147 5512 transtulit
3193 5437 3425 5512 γρρωσιγ
3458 5451 3468 5486 :
3503 5450 3621 5512 cum

2018 5504 2205 5581 aliquis
2228 5504 2442 5581 pavidus
2474 5519 2517 5562 et
2545 5504 2767 5564 tremens
2806 5508 3099 5581 circumfert
3136 5504 3331 5581 oculos.
3376 5506 3421 5558 si
3459 5504 3618 5581 adve-

2022 5574 2241 5635 nientem
2269 5582 2517 5648 formidat
2540 5582 2825 5635 inimicum.
2858 5574 3010 5650 Ergo
3032 5580 3079 5632 si
3114 5579 3451 5650 voluerimus;
3454 5576 3506 5628 in
3529 5574 3619 5629 ba-

2021 5668 2138 5726 nam
2160 5646 2358 5726 partem
2386 5654 2648 5726 accipere,
2668 5654 2806 5725 quod
2848 5646 3138 5726 recordatio
3191 5649 3349 5703 Judte
3378 5646 3613 5726 zEgypto

2019 5724 2085 5778 sit
2110 5718 2307 5798 gaudii.
2335 5734 2469 5779 recte
2484 5718 2731 5794 festivitas
2752 5725 2945 5780 dicitur
2967 5740 2985 5777 :
3016 5724 3105 5798 sin
3134 5730 3338 5798 autem,
3379 5728 3447 5798 ut
3479 5718 3619 5772 urbi-

2021 5792 2230 5870 tror,gin
2256 5792 2491 5870 timorem
2527 5814 2621 5870 pro
2657 5798 2934 5870 festivitate
2982 5796 3217 5865 vertitur,
3264 5792 3616 5863 intelligamus

2019 5867 2351 5939 formidinem
2376 5864 2455 5926 vel
2478 5864 2745 5943 pavorem.
2767 5866 2944 5926 Manr.
