2057 3182
124 167 179 195 τθῖ

434 226 526 256 ONUS
544 226 635 254 TYlll.

162 264 240 301 jCap.
258 262 366 298 XXIIH
377 263 496 301 Uliilate,
512 271 593 290 naves
605 263 686 301 maris
700 272 706 290 :

162 299 226 335 quia
247 307 349 327 vastata
374 306 414 327 est
435 299 543 332 domus,
569 299 641 326 unde
664 300 758 328 venire
779 307 927 327 consueve-

199 342 260 364 rant
278 346 283 362 :

162 372 197 400 de
211 379 283 401 terra
296 372 400 400 Cethiin
416 372 563 408 revelatum
576 370 630 408 [ΑΙ.
646 370 775 407 revelata]
787 377 828 399 est
838 372 889 400 eis.

124 408 228 436 Tacete
242 409 287 443 qui
301 407 430 435 habitatis
448 408 472 434 in
488 407 575 435 insiila
592 416 598 435 :

163 444 311 479 negotiatio
325 444 446 471 Sidonis.

122 479 347 508 Transfretantes
363 487 437 507 mare
459 479 630 514 repleverunt
644 484 672 507 te
690 479 716 507 in
733 480 810 514 aquis
824 479 925 508 multis.

160 517 260 543 Semen
275 515 337 547 Nili,
355 515 450 542 messis
466 515 586 542 fluminis
603 515 692 551 fruges
705 515 763 550 ejus
781 536 787 542 .

161 556 191 579 et
202 552 270 579 facta
285 556 327 579 est
340 551 488 586 negotiatio
501 552 633 587 gentium.
667 585 670 586 ν

125 587 278 620 Eruhe~ce,
294 587 376 615 Sidon
391 596 396 613 :

160 623 200 650 ait
215 624 373 650 enim‘mare
385 622 513 650 fortitudo
528 624 619 656 maris,
633 623 726 652 dicens
742 633 748 651 :

126 658 186 686 Non
203 659 344 694 parturivi.
360 663 455 687 etnon
471 659 573 693 peperi,

159 699 188 722 et
202 704 255 722 non
271 695 385 723 enutrivi
401 695 523 729 juvenes,

160 738 211 758 nec
225 731 258 758 ad
272 731 466 758 inci-etiienium
481 730 591 767 perduxi
607 731 738 767 virgines.

122 766 192 794 Cum
208 768 329 794 auditum
345 767 424 794 fuerit
440 767 466 793 in
482 766 611 802 IEgypto,

159 802 291 830 dolebuut
305 811 365 830 cum
378 803 512 830 audierint
525 803 560 830 de
575 803 646 838 Tyro
661 811 669 831 :

126 838 253 866 Transite
266 839 359 869 maria.

160 874 265 902 ululate
278 875 322 909 qui
339 874 467 902 habitatis
478 873 504 901 in
520 873 607 902 insula
622 884 628 900 :

122 909 258 945 Numquid
273 919 325 937 iinn
341 910 400 938 hinc
412 915 502 937 vestra
513 915 564 942 est,

159 953 221 1001 quia
242 946 409 1001 gvloriahatur
423 955 437 972 a
453 946 548 974 diebus
569 946 689 981 pristinis
714 946 740 973 in
765 947 925 983 antiquitate

212 990 243 1001 In
481 999 484 1001 _

195 989 244 1009 Sllzl
253 989 264 1009 ἴ
481 999 484 1004 ι

159 1017 261 1045 ducent
271 1025 331 1045 eam
345 1017 430 1052 pedes
442 1017 483 1045 sui
494 1017 575 1053 longe
592 1018 624 1045 ad
642 1018 880 1053 peregrinandum.

122 1053 190 1088 Quis
216 1054 344 1089 cogitavit
370 1052 421 1081 hoc
448 1052 654 1090 supeiVTyrum
682 1052 816 1089 quondam
846 1063 925 1083 coro-

197 1095 287 1117 natam
298 1110 305 1122 ,

160 1125 240 1160 cujus
255 1125 436 1161 negotiatores
453 1125 599 1161 principes,

160 1163 300 1194 institores
313 1162 371 1194 ejus
384 1161 475 1197 inclyti
489 1161 588 1188 terrae?

125 1197 255 1224 Dominus
271 1198 438 1225 exercituum
454 1197 579 1232 cogitavit
593 1197 653 1229 hoc,

160 1237 189 1260 ut
201 1233 355 1261 detraheret
369 1233 523 1269 superbiam
538 1233 626 1260 omnis
639 1233 744 1269 glorizii,

157 1274 187 1295 et
209 1269 243 1296 ad
269 1270 444 1304 ignominiam
470 1268 615 1297 deduceret
640 1268 782 1297 universos
810 1270 924 1306 inclytos

195 1310 285 1332 terra}.

121 1339 219 1367 Transi
235 1345 332 1368 terram
348 1345 419 1368 tuam
433 1341 508 1376 quasi
524 1340 635 1375 ﬂumen,
651 1341 703 1368 filia
723 1341 814 1376 maris,

160 1384 216 1403 non
228 1381 269 1404 est
279 1377 415 1411 cingulum
428 1378 498 1404 ultra
513 1377 570 1404 tilii.

121 1411 229 1439 Manum
245 1420 320 1440 Suam
333 1413 454 1439 extendit
469 1421 549 1448 supra
561 1420 646 1445 mare,

158 1448 331 1476 conturbavit
343 1457 423 1484 regna
442 1458 447 1475 :

122 1483 253 1511 Dominus
268 1483 408 1511 mandavit
421 1484 550 1511 adversus
564 1484 704 1517 Chanaan,

158 1525 187 1546 iit
200 1524 354 1547 contereret
369 1520 451 1547 fortes
466 1520 534 1554 ejus,
550 1524 577 1547 et
594 1520 665 1547 dixit
681 1530 687 1548 :

124 1555 185 1583 Non
197 1556 308 1589 adjicies
321 1556 401 1589 ultra,
417 1560 444 1582 ut
454 1556 589 1591 glorieris,

159 1592 322 1619 calumniam
337 1592 472 1619 sustinens
487 1592 563 1626 virgo
578 1591 632 1618 lilia
644 1591 754 1619 Sidonis
772 1601 777 1618 ;

159 1627 185 1654 in
201 1626 307 1655 Cethini
320 1635 486 1662 consurgens
497 1627 651 1662 transfreta,

158 1663 194 1691 ibi
209 1671 315 1698 quoque
330 1671 383 1690 non
397 1664 448 1690 erit
465 1664 572 1698 requies
585 1663 646 1690 tibi.

121 1699 194 1727 Ecce
207 1703 278 1726 terra
292 1699 483 1727 Chaldaeorum

159 1736 220 1762 talis
234 1736 348 1769 populiis
363 1743 417 1762 non
434 1735 495 1769 fuit,

158 1771 243 1798 Assur
255 1770 378 1798 fundavit
394 1779 465 1802 eam,

160 1806 186 1833 in
198 1806 383 1839 captivitatem
394 1806 575 1834 traduxerunt
589 1806 717 1834 robustos
732 1807 801 1841 ejus,

158 1842 327 1870 siiﬂ'uderiint
341 1842 439 1870 domos
451 1844 520 1876 ejus,

160 1884 306 1911 posuerunt
318 1886 376 1906 cani
391 1878 416 1904 in
432 1880 547 1905 ruinam.

121 1913 243 1948 Ululate,
257 1922 340 1942 naves
356 1913 450 1945 maris,

158 1951 220 1984 quia
236 1951 375 1977 devastata
387 1955 428 1977 est
440 1948 569 1977 fortitudo
583 1953 682 1977 vestra.

120 1984 157 2012 Et
172 1985 224 2012 erit
241 1985 266 2012 in
282 1985 326 2013 die
339 1985 384 2012 illa
400 1994 406 2011 :

158 2020 185 2047 In
202 2022 338 2049 oblivione
350 2022 415 2054 eris,
428 2029 443 2046 ο
457 2021 539 2056 Tyre,
557 2021 728 2055 septuaginta
741 2021 830 2054 annis,

158 2056 228 2084 sicut
238 2057 296 2085 dies
313 2057 384 2092 regis
399 2057 477 2084 unius
490 2065 497 2085 :

119 2090 187 2119 Post
200 2090 368 2128 septuaginta
383 2098 472 2120 autem
487 2100 574 2120 annos

158 2129 211 2155 crit
224 2128 295 2165 Tyro
308 2129 383 2164 quasi
396 2129 533 2165 canticum
551 2128 712 2156 meretricis.

118 2163 207 2192 Sume
220 2163 362 2196 citharam,
379 2164 463 2192 circui
475 2165 625 2198 l‘lVilalellt,

158 2201 286 2228 meretrix
301 2201 431 2228 oblivioni
444 2200 543 2228 tradita
556 2209 563 2227 :

158 2236 228 2263 liene
242 2244 320 2270 cane,

158 2271 298 2307 frequenta
314 2272 465 2306 canticum,
478 2277 507 2299 ut
523 2272 653 2299 memoria
671 2271 710 2299 lui
726 2272 772 2300 sit.

119 2306 158 2334 Et
170 2308 223 2334 erit
238 2312 299 2341 post
314 2308 484 2341 septuaginta
496 2314 581 2334 annos
598 2316 603 2333 ε

117 2341 249 2379 Visitabit
266 2343 394 2369 Dominus
404 2343 515 2379 Tyrum,

157 2384 185 2405 et
199 2378 310 2404 reducet
325 2385 383 2404 eam
398 2381 431 2405 ad
443 2383 456 2396 α
470 2378 611 2405 mercedes
624 2386 688 2405 suas
702 2387 708 2406 :

116 2413 154 2442 Et
172 2420 280 2450 rursum
302 2412 482 2450 fornicabittir
495 2421 555 2441 cum
573 2414 709 2442 universis
725 2416 917 2450 regnislcrrat,

157 2456 243 2483 super
256 2448 353 2476 facient
369 2453 461 2476 terras.

119 2485 157 2512 Et
171 2490 251 2513 erunt
268 2484 419 2520 negotiatio
431 2484 508 2520 ejus,
524 2490 551 2512 et
565 2485 705 2514 mercedes
722 2487 782 2520 ejus
798 2486 919 2515 sanctiﬂ—

193 2527 261 2547 caue
277 2520 406 2547 Domino:

193 2528 223 2549 ca
228 2527 261 2548 ιω
278 2527 406 2548 1101111ηοὶ

159 2619 171 2632 ἰ
186 2614 330 2651 Ηὶοᾲειιειυε
344 2612 413 2641 infra
428 2621 524 2651 merces
547 2621 594 2647 pro
616 2615 732 2642 mercede
751 2615 818 2651 legit
831 2615 860 2644 S.
872 2615 923 2643 Pa-

123 2654 174 2682 ter,
188 2651 214 2677 in
229 2648 396 2683 Coiiiiiient.,
409 2649 518 2677 tametsi
534 2656 679 2685 corruptus
694 2648 924 2679 locus'illeVicm-

123 2686 164 2712 rio
179 2686 309 2713 creditur.

159 2721 171 2740 δ
184 2721 222 2748 tta
235 2729 301 2750 mss.
310 2721 371 2748 libri
383 2721 411 2749 S.
421 2721 576 2756 Hieronymi
589 2729 621 2749 ac
632 2722 696 2749 editi
708 2724 789 2750 etiam
802 2723 828 2750 in
842 2722 923 2750 Com-

124 2757 275 2784 mentariis.
291 2757 367 2784 llanc
381 2765 445 2784 vero
460 2757 605 2784 lectionem
618 2758 792 2786 satisiiidicat
806 2760 922 2793 ipsemet

123 2797 233 2829 sanctus
263 2793 372 2826 Doctor,
395 2800 455 2819 cum
481 2793 537 2819 ait:
554 2792 592 2829 Et
611 2795 637 2820 in
663 2802 759 2821 morem
786 2792 920 2829 sanguinis

123 2827 185 2866 {ibet
194 2828 386 2866 interfectorum
397 2836 511 2866 cruorem
530 2828 564 2854 ad
577 2828 660 2855 Deum
669 2830 781 2857 clamare
794 2827 918 2866 foverunt.

125 2863 231 2890 Videsis
243 2864 316 2897 plura
329 2864 375 2890 lih.
393 2871 438 2890 vui
453 2864 637 2891 Commentar.
655 2866 680 2892 in
697 2863 801 2893 lsaiani.
828 2866 917 2893 MART.

122 2914 158 2921 —
179 2899 295 2935 Vulgati,
311 2900 408 2934 infecta
429 2904 477 2926 est.
506 2899 616 2928 Videtur
635 2906 724 2929 autem
749 2902 916 2934 Martianteo,

124 2935 283 2972 impreSsam
301 2935 443 2964 lectionem
461 2935 590 2971 probasse
609 2938 694 2974 magis
711 2939 735 2965 in
747 2942 917 2966 commenta-

723 167 826 195 LIBER
847 166 949 195 ΙὲᾹΙλΕ
971 167 1175 194 PROI’HET/E.

1723 163 1775 190 τοι

1016 236 1067 254 non
1082 227 1244 261 condemur,
1260 234 1347 262 neque
1361 230 1544 262 reponentur:

980 262 1045 296 Quia
1059 263 1111 295 his,
1129 263 1175 298 qui
1188 260 1364 290 habitaverint
1376 269 1467 289 coram
1483 260 1608 293 Domino,
1623 260 1677 288 erit
1690 267 1772 296 nego-

1051 299 1128 326 tiatio
1139 297 1207 333 ejus,
1224 304 1253 326 ut
1270 298 1433 326 manducent
1447 298 1471 324 in
1488 297 1671 329 saturitatem,

1014 339 1042 362 et
1056 335 1204 362 vestiantur
1221 342 1305 368 usque
1320 335 1351 361 ad
1369 338 1538 361 vetustatem.

979 370 1055 407 [ϐαρ.
1073 370 1179 406 XXIV.]
1198 371 1267 399 Ecce
1294 369 1422 398 Dominus
1444 368 1585 404 dissipabit
1603 372 1702 396 terrain
1716 388 1722 400 ,
1744 371 1772 395 et

1051 406 1162 434 nudabit
1177 415 1249 440 eam,

1014 447 1041 470 et
1055 443 1153 477 atlliget
1167 442 1262 470 faciem
1278 443 1336 477 ejus
1346 464 1354 476 ,

1013 485 1039 506 et
1055 478 1191 513 disperget
1205 478 1371 506 habitatores
1385 477 1455 513 ejus.

979 514 1011 542 Et
1023 515 1074 541 erit
1090 516 1158 542 sicut
1171 515 1298 549 populus,
1315 515 1354 541 sic
1369 514 1497 541 saCerdos
1513 522 1520 540 :

1014 555 1040 577 et
1056 550 1125 577 sicut
1140 558 1244 584 servus,
1258 552 1296 577 sic
1320 550 1446 578 dominus
1471 549 1531 584 ejus
1547 559 1552 575 :

1013 587 1083 613 sicut
1107 587 1205 614 ancilla
1218 607 1226 620 ,
1252 588 1290 614 sic
1316 586 1424 613 domina
1436 586 1494 619 ejus
1511 595 1517 612 :

1013 622 1085 649 sicut
1097 630 1190 650 emens
1200 644 1206 655 ,
1228 622 1266 650 sic
1281 622 1325 649 ille
1339 622 1384 656 qui
1401 621 1493 648 vendit
1511 630 1517 647 :

1014 657 1083 686 sicut
1097 659 1242 690 fenerator,
1259 659 1296 685 sic
1312 658 1334 684 is
1348 658 1392 692 qiii
1410 661 1530 684 mutuum
1545 656 1644 691 accipit
1659 664 1665 682 ε

1014 694 1083 721 sicut
1094 695 1137 728 qui
1151 695 1257 729 repetit.
1275 696 1313 721 sit:
1329 695 1371 728 qui
1386 694 1477 720 debet.

978 729 1158 764 Dissipatiotie
1173 731 1347 764 ili~sipaliiiiir
1360 735 1444 761 terra,

1015 766 1203 799 cldireptione
1221 766 1391 799 pi'.iiil.ihitur.

979 801 1107 828 Dominus
1126 803 1195 828 enim
1213 803 1315 828 loi-iiiiis
1329 807 1370 828 est
1387 800 1496 828 verbum
1509 800 1570 827 hoc.

978 836 1066 868 Liixit.
1083 842 1109 864 et
1124 838 1235 865 deﬂuxit
1251 842 1333 870 terra,
1350 842 1377 865 et
1388 836 1521 864 inﬁrmata
1536 841 1595 863 est:

1013 874 1122 900 deﬂuxit
1138 874 1212 901 orbis
1222 894 1229 906 ,

1014 909 1146 936 infirmata
1161 915 1202 936 e~*t
1216 910 1332 937 altitudo
1348 909 1435 944 populi
1448 913 1539 935 terras.

944 929 962 957 Β
978 929 1334 973 Ειῖἒὲὶῖἕῖξ’ξιπῖοὲῑὲὲὶὶίἜᾶ
1348 929 1591 971 ἒζῦνιῖςέὺῖἷεέίοτῖυιις
1604 942 1677 969 suis:

1014 981 1075 1015 quia
1091 982 1253 1015 transgressi
1266 986 1329 1008 sunt
1343 978 1416 1015 leges
1429 979 1482 1015 [Αι.
1496 978 1607 1014 legem],

1014 1022 1184 1044 mutaverunt
1194 1017 1237 1051 jus
1248 1039 1254 1048 ,

1013 1052 1213 1088 dissipaverunt
1227 1052 1315 1081 ftedus
1326 1052 1533 1086 sempiternum.

977 1087 1091 1123 Propter
1103 1090 1152 1116 lioc
1164 1089 1317 1117 maledictio
1333 1088 1438 1116 vorabit
1455 1091 1556 1114 terrain
1566 1107 1575 1120 ,

1013 1130 1039 1151 et
1055 1125 1202 1158 peccahuiii
1219 1125 1385 1152 habitatores
1401 1124 1476 1158 ejus,

977 1159 1091 1195 ideoque
1107 1161 1240 1188 insaiiient
1250 1161 1370 1188 cultores
1385 1159 1443 1194 ejus
1453 1180 1459 1190 ,

1012 1201 1040 1224 ct
1055 1196 1241 1229 relinquentur
1254 1197 1378 1224 homines
1391 1195 1480 1231 pauci.

977 1230 1059 1259 Liixit
1076 1232 1212 1259 vindemia
1223 1253 1231 1265 ,

1012 1267 1147 1295 inﬁrmata
1160 1273 1202 1295 est
1216 1269 1290 1302 vitis,

1012 1303 1203 1338 ingemuerunt
1218 1300 1313 1331 omnes
1327 1304 1371 1338 qui
1389 1303 1548 1330 hetahantur
1562 1300 1655 1329 corde.

975 1339 1099 1367 Cessavit
1115 1339 1241 1375 gaudium
1254 1346 1441 1375 tympanorum
1452 1360 1458 1371 ,

1011 1375 1113 1411 quievit
1122 1377 1227 1403 sonitus
1241 1376 1389 1403 latiantium
1401 1396 1408 1408 ,

1010 1411 1138 1438 conticuit
1150 1411 1266 1439 dulcedo
1280 1411 1400 1439 citharae.

973 1447 1040 1474 Cum
1056 1448 1162 1474 cantico
1174 1456 1227 1474 non
1243 1448 1334 1474 hibetit
1346 1447 1454 1474 vitium:

1010 1491 1102 1510 amara
1117 1484 1169 1511 erit
1185 1485 1258 1517 potio
1272 1482 1427 1510 bibentibus
1442 1482 1526 1509 illam.

973 1518 1070 1546 Attrita
1085 1523 1127 1546 est
1137 1520 1231 1546 civitas
1246 1519 1387 1551 vanitatis,

1010 1555 1101 1582 clausa
1118 1560 1160 1582 est
1174 1555 1263 1582 omnis
1277 1555 1388 1587 domus,
1406 1554 1479 1581 nullo
1494 1553 1659 1580 introeunte.

973 1591 1082 1618 Clamor
1097 1592 1150 1617 erit
1162 1598 1245 1626 super
1258 1592 1321 1618 vino
1338 1591 1363 1617 in
1381 1589 1492 1624 plateis:

1010 1626 1116 1653 deserta
1129 1632 1170 1653 est
1185 1627 1274 1654 omnis
1289 1627 1399 1653 la'titia:

1014 1664 1172 1689 translatutn
1190 1669 1232 1690 est
1244 1662 1371 1698 gaudium
1387 1666 1478 1689 terrae.

977 1697 1080 1725 Relicta
1096 1703 1139 1725 est
1152 1698 1177 1725 in
1197 1697 1264 1726 urbe
1278 1698 1410 1729 solitudo,

1012 1739 1039 1761 et
1050 1734 1191 1762 calamitas
1203 1735 1336 1770 opprimet
1350 1738 1450 1767 portas.

975 1769 1042 1803 Quia
1059 1770 1116 1797 Iia'c
1128 1774 1206 1797 erunt
1221 1769 1246 1797 in
1261 1770 1349 1797 medio
1366 1774 1445 1796 terra:
1458 1789 1465 1801 ,

1012 1807 1039 1832 in
1055 1806 1144 1833 medio
1160 1806 1319 1840 populorum
1334 1814 1341 1832 :

975 1841 1116 1875 Quomodo
1141 1841 1163 1868 si
1187 1849 1277 1876 pauca:
1296 1841 1386 1876 olivtc,
1413 1847 1473 1875 qua
1492 1842 1693 1869 remanserunt,
1719 1844 1768 1864 ex-

1047 1878 1181 1905 cutiantur
1196 1886 1227 1904 ex
1243 1878 1300 1904 olea
1312 1898 1319 1909 ,

1010 1918 1037 1941 et
1052 1913 1162 1944 raceini,
1177 1921 1238 1940 cum
1253 1912 1337 1940 fuerit
1350 1912 1425 1939 finita
1437 1911 1586 1938 vindemia.

975 1949 1007 1985 lli
1024 1950 1152 1977 levaliiint
1164 1957 1257 1977 vocem
1271 1957 1357 1985 suam,
1373 1953 1453 1985 atque
1471 1946 1631 1985 laudabunt.
1647 1979 1653 1985 _
1748 1979 1754 1985 .

974 1984 1041 2012 Cum
1056 1984 1222 2019 gloriﬁcatiis
1238 1984 1315 2012 fuerit
1334 1979 1473 2015 Dominus,
1499 1981 1623 2019 hiiinieut
1638 1979 1672 2008 de
1689 1979 1766 2007 mari.

976 2018 1089 2055 Propter
1101 2020 1150 2049 hoc
1162 2021 1186 2048 iii
1202 2020 1332 2048 doctrinis
1343 2020 1492 2055 glorificate
1505 2018 1649 2055 Dominum
1662 2025 1668 2043 ε

1011 2054 1036 2084 in
1050 2057 1145 2084 insulis
1162 2057 1244 2084 maris
1260 2054 1357 2083 nomen
1374 2055 1480 2081 Domini
1495 2054 1541 2081 Dei
1554 2054 1646 2081 Israel.

974 2092 997 2120 A
1011 2093 1110 2120 linilius
1123 2096 1204 2120 terra:
1219 2093 1311 2120 laudes
1324 2091 1491 2124 audivimus,

1009 2129 1121 2161 gloriam
1136 2128 1213 2163 justi.

1010 2165 1045 2192 Et
1059 2164 1134 2191 dixi:

973 2201 1113 2228 Secretum
1130 2207 1219 2227 meum
1237 2199 1301 2227 milii
1311 2220 1318 2231 ,

1009 2242 1144 2264 secretum
1161 2243 1251 2263 meum
1263 2235 1342 2262 mihi:

975 2271 1020 2299 Vae
1031 2272 1095 2299 inihi
1111 2281 1116 2298 :
1134 2272 1341 2306 prmvarieantes
1354 2268 1521 2305 praevaricati
1539 2271 1612 2308 sunt,
1625 2271 1651 2294 et
1666 2273 1769 2308 prteva-

1044 2303 1423 2344 ricationetransgressorum
1440 2303 1609 2339 pracvaricati
1624 2306 1703 2344 εμειι..
1715 2338 1721 2343 _

973 2343 1113 2375 Formido,
1132 2348 1159 2370 et
1173 2337 1309 2376 foveafet
1322 2337 1533 2376 laqueus-super
1548 2344 1585 2373 te,
1601 2338 1648 2374 qui
1660 2337 1769 2365 habita-

1047 2385 1087 2406 lUf‘
1100 2386 1130 2406 es
1143 2383 1234 2405 terrm.

973 2415 1006 2442 Et
1020 2415 1072 2442 erit
1089 2424 1096 2442 :
1113 2414 1163 2448 Qui
1184 2413 1280 2449 fugerit
1295 2420 1309 2440 a
1321 2419 1388 2440 voce
1402 2411 1566 2445 formidinis,
1584 2409 1664 2438 cadet
1682 2409 1708 2437 in
1726 2409 1767 2436 fo—

1044 2458 1122 2478 veam
1136 2458 1142 2476 Σ

1007 2493 1033 2514 ei
1050 2486 1095 2520 qui
1113 2494 1141 2513 se
1154 2485 1333 2521 explicaverit
1351 2484 1386 2513 de
1400 2484 1498 2519 fovea,

1009 2522 1146 2550 tenebitur
1161 2522 1259 2557 laqueo
1274 2531 1280 2549 :

975 2616 1015 2643 rio
1039 2615 1068 2643 S.
1085 2615 1143 2650 ipse
1169 2615 1314 2652 interpres.
1340 2614 1467 2652 Hebraeus
1491 2618 1579 2652 tanien
1594 2612 1673 2652 habet
1696 2615 1771 2652 rigor:

975 2652 1046 2687 quod
1070 2646 1182 2679 verbum
1203 2646 1343 2683 occultare,
1362 2650 1487 2687 obtegere,
1502 2650 1559 2687 sive
1574 2648 1685 2675 interius
1703 2646 1771 2673 infe-

975 2683 1047 2714 ctum
1071 2688 1106 2714 ali
1120 2696 1162 2719 luo
1177 2687 1242 2714 vitio
1267 2694 1339 2719 esse,
1362 2683 1513 2721 significat,
1528 2683 1677 2719 Usurpatur
1699 2688 1771 2721 Strpe

975 2723 1039 2750 alibi
1051 2723 1085 2751 de
1098 2727 1171 2750 terra
1183 2744 1190 2754 ,
1208 2723 1253 2749 ubi
1266 2730 1361 2749 sensus
1374 2720 1427 2752 est.
1443 2720 1515 2756 quod
1532 2720 1646 2758 effusum
1662 2720 1771 2758 sangui:

976 2767 1037 2786 nem
1051 2763 1133 2793 tegat,
1146 2764 1226 2793 atque
1240 2760 1264 2785 in
1277 2766 1307 2785 se
1319 2755 1460 2792 peccatiiin
1472 2756 1615 2794 suscipiat,
1634 2755 1770 2794 hypocrisi

975 2791 1091 2830 quadam
1107 2791 1219 2827 inlecta,
1236 2795 1306 2828 quod
1320 2791 1410 2830 Scelus
1424 2792 1586 2830 dissimulet,
1603 2791 1711 2830 ct_f_era_t
1727 2791 1768 2815 lii-

973 2824 1118 2857 liilosecins
1128 2824 1260 2864 peccaturi
1274 2829 1452 2857 fructus.Vid.
1465 2828 1563 2864 Geties.
1579 2835 1615 2860 tv,
1629 2826 1676 2858 ll;
1691 2824 1767 2864 Num.

971 2874 1058 2899 xxxv,
1076 2867 1110 2893 55
1122 2860 1133 2898 ;’
1157 2865 1218 2892 Joh.
1238 2873 1291 2898 xvi,
1310 2866 1359 2897 18;
1374 2870 1401 2892 et
1422 2872 1466 2895 xx,
1478 2863 1644 2900 Ἥρω-ειη.
1659 2869 1698 2900 tit,
1743 2863 1771 2887 et

973 2902 1001 2934 2,
1018 2897 1100 2937 atquc
1113 2901 1175 2929 alibi
1198 2910 1205 2928 :
1222 2902 1319 2936 quibus
1336 2900 1497 2938 testimonii,
1525 2898 1654 2938 Vulgaba-
1667 2897 1747 2938 lectio
1762 2917 1770 2930 ,

970 2932 1077 2974 infecta,
1097 2938 1186 2974 potius
1200 2932 1342 2972 asseritur,
1360 2937 1492 2972 nobiSque
1504 2932 1589 2970 magis
1603 2932 1732 2968 arrideto
