3994 6342
576 248 685 308 799
1574 248 1635 305 S.
1677 242 2062 307 HIEBONYMI
2100 247 2340 307 DIVINA
2379 248 2863 307 BIBLIOTIIECA.
3717 264 3801 319 suo

575 365 714 434 Quia
740 370 1032 421 cataractae
1055 364 1124 421 de
1147 363 1383 422 excelsis
1413 370 1615 434 apertae
1644 369 1801 432 sunt,

648 448 704 494 et
728 440 1111 495 concutientur
1136 436 1482 492 fundamenta
1516 444 1694 491 terrae.

579 508 969 567 Confraetione
998 508 1368 580 confringetur
1388 517 1533 563 terra
1551 548 1567 573 ,

651 582 980 638 contritione
1008 590 1318 636 conteretur
1351 591 1491 634 terra
1515 624 1530 648 ,

653 658 1018 711 commotione
1046 652 1472 709 commovebitur
1496 659 1635 707 terra
1656 692 1671 715 ,

584 727 893 800 Agitatione
918 726 1369 800 agitabiturterra
1399 723 1537 800 sicut
1563 723 1775 800 ebrius,
1807 730 1863 779 et
1895 720 2170 778 auferetur

728 798 893 869 quasi
915 795 1319 869 tabernaculum
1346 796 1505 850 unius
1534 798 1709 849 noctis
1735 813 1748 848 :

588 870 659 927 Et
680 868 1072 941 gravabiteam
1104 868 1359 938 iniquitas
1387 882 1504 929 sua,
1531 874 1587 922 et
1612 874 1866 935 corruet,

657 940 711 997 et
740 957 846 995 non
867 940 1110 1011 adiiciet.
1145 951 1201 994 ut
1232 950 1501 1008 resurgat.

588 1014 656 1071 Et
679 1012 783 1069 erit
813 1030 825 1066 :
860 1012 916 1067 In
936 1009 1032 1067 die
1058 1012 1146 1066 illa
1173 1012 1415 1068 visitabit
1441 1010 1701 1067 Dominus
1726 1025 1891 1082 super
1920 1009 2170 1067 militiam

732 1084 854 1141 caeli
882 1087 934 1138 in
965 1084 1185 1140 excelso
1205 1100 1219 1150 ;

660 1164 716 1213 et
743 1171 908 1225 super
932 1172 1091 1226 reges
1122 1166 1308 1221 terrae,
1338 1155 1429 1225 qui
1459 1165 1583 1210 sunt
1610 1169 1775 1226 super
1800 1164 2026 1210 terram.

589 1228 661 1287 Et
699 1229 1170 1301 congregabantur
1204 1230 1258 1284 in
1286 1227 1707 1301 congregatione
1734 1228 1895 1283 unius
1929 1227 2089 1284 l‘ascis
2119 1227 2172 1284 in

733 1303 909 1356 laeum
926 1342 942 1369 ,

661 1382 716 1430 et
743 1374 1065 1429 claudentur
1089 1373 1162 1428 ibi
1188 1373 1239 1429 in
1268 1386 1517 1429 carcere:

662 1454 716 1501 et
748 1454 868 1513 post
893 1445 1093 1501 multos
1123 1446 1239 1501 dies
1262 1443 1641 1500 visitahuntur.

593 1516 663 1573 Et
684 1516 968 1574 erubescet
997 1518 1118 1572 luna
1145 1528 1199 1573 et
1229 1516 1592 1574 confundetur
1612 1516 1689 1570 sol
1710 1557 1724 1580 ,

665 1606 787 1645 cum
828 1588 1136 1660 regnaverit
1190 1588 1450 1644 Dominus
1499 1588 1836 1644 exercituum
1888 1589 1940 1644 in
1988 1596 2178 1647 monte

736 1660 891 1726 Sion,
920 1672 974 1715 et
1001 1662 1053 1715 in
1077 1661 1380 1717 Jerusalem
1406 1702 1420 1726 ,

666 1741 719 1788 et
742 1732 793 1788 in
827 1745 1122 1803 censpecm
1154 1749 1341 1787 senum
1369 1747 1592 1788 suorum
1626 1731 1785 1787 fuerit
1819 1730 2173 1803 gloriﬁcatus.

596 1803 747 1878 lCap.
771 1802 963 1878 ΜΝ]
997 1805 1238 1878 Domine,
1275 1805 1415 1859 Deus
1444 1820 1594 1878 meus
1619 1819 1677 1858 es
1698 1814 1785 1878 tu,
1828 1804 2075 1878 exaltabo
2100 1818 2178 1878 te,

738 1874 1037 1932 confitebor
1053 1877 1252 1931 nomini
1277 1885 1395 1932 tuo:
1418 1877 1669 1944 quoniam
1689 1874 1863 1932 fecisti
1878 1876 2141 1933 mirabilia
2165 1919 2180 1946 ,

670 1949 1025 2020 cogitationes
1049 1949 1317 2020 antiquas,
1352 1947 1557 2013 fideles,
1587 1963 1767 2002 amen.

598 2018 991 2089 Quia'posuisti
1022 2019 1295 2074 civitatem
1323 2021 1374 2073 in
1409 2020 1670 2075 tumulum
1690 2064 1704 2088 ,

668 2092 857 2147 urbem
893 2090 1088 2145 fortem
1115 2090 1169 2146 in
1193 2094 1403 2145 ruinam
1430 2107 1445 2157 ;

670 2163 889 2219 domum
914 2163 1240 2228 alienorum,
1263 2172 1323 2217 ut
1352 2178 1457 2217 non
1482 2163 1553 2217 sit
1575 2162 1770 2219 civitas
1788 2205 1804 2233 ,

669 2244 724 2290 et
752 2237 807 2291 in
836 2234 1223 2305 sempiternum
1258 2250 1361 2289 non
1396 2234 1715 2290 aedificetur.

600 2305 780 2377 Super
805 2306 908 2362 hoc
939 2305 1178 2363 laudabit
1206 2315 1260 2362 te
1287 2308 1520 2376 populus
1552 2307 1704 2360 fortis
1724 2347 1739 2370 ,

670 2380 858 2434 civitas
887 2378 1129 2449 gentium
1160 2381 1506 2432 robustorum
1533 2377 1743 2433 timebit
1769 2385 1844 2434 te.

603 2450 739 2520 Quia
768 2448 938 2505 factus
969 2465 1029 2505 es
1060 2448 1317 2504 fortitudo
1345 2449 1609 2519 pauperi,

671 2523 932 2579 fortitudo
954 2536 1126 2594 egeno
1147 2522 1201 2577 iu
1231 2520 1579 2579 tribulatione
1608 2535 1705 2578 sua
1730 2538 1743 2575 :

673 2610 798 2667 spes
826 2613 851 2648 a
879 2594 1092 2650 turbine
1107 2634 1124 2662 ,

673 2666 1044 2722 umbraculum
1076 2666 1144 2721 ab
1174 2675 1330 2721 aestu.

602 2738 834 2811 Spiritus
856 2741 1003 2794 enim
1034 2739 1378 2794 robustorum
1406 2738 1558 2809 quasi
1593 2736 1750 2794 turbo
1776 2728 2064 2808 impellens
2096 2751 2191 2808 pa-

746 2815 935 2867 rietem
955 2830 967 2866 :

676 2882 827 2939 Sicut
857 2894 1022 2939 aestus
1048 2883 1103 2938 in
1135 2883 1221 2939 siti
1256 2880 1592 2949 humiliabis,
2072 2880 2081 2933 l

607 2953 918 3010 Tttmultum
950 2956 1273 3021 alienorum,

679 3037 734 3083 et
756 3028 907 3097 quasi
935 3028 1116 3083 calore
1143 3026 1245 3083 sub
1273 3025 1415 3080 nube
1444 3034 1716 3092 torrente,

679 3096 1027 3170 propaginem
1058 3099 1276 3155 fortium
1300 3111 1644 3152 marcescere
1672 3096 1859 3170 facies.

2211 1771 2262 1833 B

2196 364 2252 426 Α
2277 361 2548 439 ερρωᾲειῖε
2572 363 2631 439 in
2665 363 2896 439 Domino
2924 362 2979 439 in
3000 362 3219 439 saeculis
3248 367 3458 423 internis
3483 410 3498 439 ,

2347 436 2399 490 iu
2436 434 2663 490 Domino
2700 437 2809 491 Deo
2843 436 2969 492 forti
2999 435 3053 491 in
3080 446 3416 505 perpetuum.

2269 505 2408 575 Quia
2442 506 2741 562 incurvabit
2767 508 3086 563 habitantes
3117 509 3169 562 in
3202 509 3447 580 excelso,

2342 579 2613 635 civitatem
2648 580 2945 635 sublimem
2976 579 3301 635 humiliabit.

2344 651 2658 705 Humiliabit
2679 666 2800 706 eam
2831 667 3001 722 usque
3038 652 3104 705 ad
3135 663 3336 706 terram
3357 692 3373 718 ,

2342 722 2594 777 detrahet
2616 739 2732 777 eam
2764 739 2932 794 usque
2965 723 3030 777 ad
3058 724 3359 790 pulverem.

2272 792 2618 850 CoucuICabit
2649 810 2765 848 eam
2795 792 2910 865 pes,
2942 796 3104 865 pedes
3136 795 3372 866 pauperi,

2346 882 2567 935 gressus
2598 882 2917 937 egenorum.

2274 936 2479 994 Semita
2506 936 2647 1006 justi
2668 951 2813 993 reeta
2838 948 2920 995 est
2938 982 2952 1004 ,

2353 1022 2533 1065 rectus
2556 1011 2706 1065 callis
2729 1010 2858 1079 justi
2882 1011 2947 1065 ad
2979 1009 3380 1066 ambulandum.

2281 1081 2348 1137 Et
2379 1083 2430 1137 in
2462 1085 2653 1138 semita
2680 1082 3006 1154 judiciorum
3049 1093 3288 1149 tuorum,
3323 1083 3556 1153 Domine,
3584 1086 3802 1144 sustinui-

2421 1169 2543 1209 mus
2572 1164 2662 1209 te:

2352 1241 2548 1310 nomen
2599 1237 2781 1297 tuum,
2834 1237 2887 1283 et
2937 1229 3252 1291 memoriale
3297 1238 3441 1286 tuum
3487 1229 3536 1285 in
3579 1230 3807 1287 desiderio

2421 1315 2637 1355 ammte.

2288 1362 2493 1431 Anima
2512 1388 2627 1425 mea
2660 1371 2983 1428 desideravit
3017 1381 3070 1429 te
3099 1374 3152 1429 in
3190 1383 3375 1430 nocte:

2359 1442 2750 1569 sed_letbspiri‘tu
2782 1459 2903 1500 meo
2932 1445 2985 1500 in
3017 1446 3334 1517 praecordiis
3354 1445 3487 1502 meis
3513 1444 3575 1503 de
3600 1458 3734 1501 mane
3750 1445 3812 1500 vi.

2425 1531 2474 1569 αι
2502 1534 2527 1568 .1
2572 1532 2604 1569 0
2633 1533 2681 1569 at
2732 1527 2800 1569 te.

2425 1527 2604 1585 gtlabo
2633 1527 2697 1571 ad
2732 1527 2800 1572 te.

2282 1587 2419 1643 Cum
2449 1586 2861 1657 fecerisjudicia
2887 1597 2975 1644 tua
3006 1589 3057 1645 in
3084 1596 3253 1657 terra,

2352 1659 2620 1729 justitiam
2651 1660 2866 1718 discent
2888 1662 3221 1718 habitatores
3252 1660 3417 1718 orbis.

2286 1730 2641 1787 Misereamur
2671 1733 2839 1803 impio
2859 1776 2873 1795 ,

2360 1812 2416 1859 et
2447 1819 2552 1859 non
2581 1805 2754 1859 discet
2776 1806 3072 1874 justitiam:

2285 1874 2341 1931 In
2365 1885 2505 1931 terra
2533 1886 2840 1932 sanctorum
2884 1879 3078 1948 inique
3100 1877 3303 1948 gessit,

2359 1957 2544 2002 etnon
2574 1948 2777 2003 videbit
2803 1951 3029 2018 gloriam
3066 1948 3304 2004 Domini.

2288 2019 2534 2085 Domine,
2568 2020 2839 2076 exaltetur
2870 2036 3063 2075 manus
3087 2031 3199 2081 tua,
3227 2029 3286 2074 et
3309 2032 3414 2073 non
3437 2018 3673 2075 videant:

2363 2092 2602 2157 videant,
2633 2102 2688 2146 et
2734 2093 3135 2148 confundantur
3168 2093 3410 2147 zelantes
3439 2089 3539 2163 [ΑΙ.
3575 2087 3821 2146 confunda-

2434 2174 2522 2217 tur
2556 2163 2725 2235 zelus]
2752 2166 2965 2233 pepuli:

2361 2244 2417 2291 et
2442 2235 2581 2301 ignis
2610 2236 2796 2290 hostes
2826 2246 2947 2290 tuos
2972 2237 3220 2293 devoret.

2292 2307 2541 2373 Domine,
2566 2308 2716 2361 dabis
2745 2322 2930 2378 pacem
2961 2308 3120 2363 nobis
3142 2312 3193 2375 :21

2361 2383 2540 2433 omnia
2570 2379 2714 2433 enim
2747 2377 2911 2449 Opera
2944 2389 3128 2434 nostra
3163 2386 3420 2449 operatus
3445 2392 3502 2434 es
3529 2377 3709 2440 nobis,

2290 2449 2521 2507 Domine
2552 2452 2691 2508 Deus
2721 2445 2927 2521 noster,
2957 2445 3325 2523 possederunt
3368 2467 3464 2507 nos
3492 2449 3675 2506 domini
3712 2445 3820 2503 abs-

2440 2535 2660 2594 quete,

2366 2606 2571 2652 tantum
2598 2597 2653 2650 in
2677 2606 2728 2652 te
2759 2596 3114 2654 recordemur
3138 2596 3381 2653 nominis
3408 2596 3501 2653 tui.

2293 2669 2588 2725 Morientes
2617 2687 2722 2726 non
2751 2672 2933 2724 vivant
2956 2712 2971 2736 ,

2364 2744 2608 2811 gigantes
2630 2758 2735 2795 non
2760 2748 3050 2812 resurgant
3073 2758 3085 2793 :

2379 2815 2670 2882 PrOpterca
2698 2814 2929 2869 visitasti
2952 2822 3006 2867 et
3032 2813 3343 2868 contrivisti
3366 2827 3458 2869 eos
3475 2854 3490 2880 ,

2367 2896 2424 2941 et
2454 2885 2735 2953 perdidisti
2758 2901 2975 2940 omnem
3006 2884 3326 2940 memoriam
3350 2899 3551 2940 eorum.

2294 2957 2568 3013 lndulsisti
2600 2958 2769 3028 genti,
2797 2957 3049 3025 Domine,
3083 2954 3362 3013 indulsisti
3390 2954 3559 3027 genti:

2369 3030 2630 3098 numquid
2653 3028 2988 3099 gloriﬁcatus
3023 3044 3082 3085 es
3102 3030 3126 3083 ?

2369 3102 2633 3169 elongasti
2658 3116 2850 3156 omnes
2878 3102 3135 3157 terminos
3158 3109 3322 3158 terra:
3346 3144 3362 3161 .

607 3165 693 3226 Et
728 3165 890 3226 faciet
919 3172 1180 3228 Dominus
1227 3170 1563 3229 exercituum
1607 3168 1860 3225 omnibus
1890 3165 2104 3239 populis
2143 3167 2195 3224 in
2225 3173 2270 3238 ρ
2302 3165 2553 3239 Domine,
2577 3176 2631 3227 in
2656 3173 2904 3243 angustia
2931 3174 3305 3243 requisierunt
3334 3183 3408 3237 te,

750 3255 933 3299 monte
958 3243 1061 3299 hoc

679 3318 985 3371 convivium
1020 3316 1293 3388 pinguium
1311 3358 1327 3385 ,

679 3390 991 3444 convivium
1018 3390 1306 3445 vindemia:
1326 3430 1341 3454 ,

682 3459 961 3532 pinguium
991 3462 1409 3526 medullatorum
1427 3501 1442 3525 ,

683 3532 970 3587 vindemias
991 3532 1272 3589 defecatm.

613 3599 681 3659 Et
699 3605 1061 3674 praecipit-abit
1088 3605 1141 3659 in
1172 3612 1356 3659 monte
1383 3603 1489 3659 isto
1513 3600 1707 3657 faciem
1728 3597 1929 3655 vinculi
1960 3597 2201 3669 colligati

759 3690 922 3745 super
945 3691 1135 3730 omnes
1162 3676 1388 3745 populos
1406 3718 1420 3742 ,

686 3753 741 3800 et
771 3742 930 3801 telam
954 3763 1115 3817 quam
1148 3742 1359 3803 orditas
1388 3754 1472 3801 est
1507 3758 1670 3817 super
1707 3757 1896 3798 omnes
1926 3742 2199 3797 nationes.

617 3815 985 3885 Principitahit
1014 3828 1240 3874 mortem
1283 3818 1336 3873 iu
1368 3816 1760 3885 sempiternum
1786 3833 1801 3870 :

689 3897 744 3943 et
768 3883 977 3945 auferet
996 3889 1258 3945 Dominus
1274 3889 1418 3944 Deus
1448 3883 1738 3960 lacrymam
1764 3886 1832 3941 ab
1846 3884 1999 3960 omni
2028 3883 2165 3960 acie
2185 3926 2200 3950 ,

688 3969 744 4015 et
789 3963 1140 4031 approbrium
1198 3960 1383 4032 populi
1436 3962 1520 4015 sui
1563 3956 1780 4016 auferet
1828 3956 1895 4014 de
1949 3957 2201 4014 universa

785 4051 906 4088 erra
934 4051 947 4088 ζ

785 4051 812 4086 e
852 4052 874 4086 Ι·
934 4051 947 4088 ζ

689 4041 1100 4176 αυξαΐῡῗηηίηυε
1124 4106 1339 4162 locutus
1366 4114 1470 4161 est.

528 4206 539 4214 ι
616 4175 685 4232 Et
705 4175 848 4231 dicet
869 4177 922 4231 in
951 4177 1039 4231 illa
1065 4178 1182 4233 die:

620 4248 764 4305 Ecce
791 4248 933 4304 Deus
962 4258 1145 4305 noster
1176 4250 1306 4316 iste,

692 4321 1125 4390 eXSpectavimus
1152 4336 1275 4377 eum
1301 4364 1316 4387 ,
1347 4328 1405 4376 et
1424 4320 1654 4378 snlvabit
1673 4335 1806 4377 nos:

693 4393 796 4448 iste
821 4394 1102 4459 Dominus,
1132 4393 1489 4449 sustinuimus
1518 4409 1641 4449 eum
1670 4410 1703 4460 ,ί
2012 4416 2015 4419 ·

690 4464 1109 4531 exsultabimus,
1135 4474 1191 4521 et
1220 4466 1530 4520 lmtahiutur
1551 4466 1602 4520 in
1627 4464 1847 4521 salutari
1873 4465 2013 4533 ejus.

622 4535 759 4603 Quia
792 4540 1092 4607 retpiiescet
1119 4553 1311 4593 manus
1342 4539 1551 4593 Domini
1574 4540 1627 4593 in
1647 4548 1831 4594 monte
1862 4537 2001 4607 isto,

700 4609 1038 4663 triturabitur
1068 4608 1224 4665 Moab
1250 4609 1351 4664 sub
1381 4625 1447 4664 eo
1466 4653 1480 4677 ,

693 4679 853 4734 sicuti
884 4689 1133 4737 teruntur
1163 4682 1330 4750 paleae
1362 4680 1413 4735 in
1448 4684 1711 4750 plaustro.

625 4750 696 4807 Et
716 4755 976 4808 extendet
998 4767 1189 4808 manus
1216 4767 1343 4807 suas
1372 4754 1474 4807 sub
1500 4769 1569 4808 eo
1590 4798 1604 4821 ,

701 4823 839 4879 sicut
868 4824 1108 4879 extendit
1132 4835 1324 4879 natans
1349 4826 1414 4879 ad
1445 4825 1737 4880 nalandum
1768 4843 1782 4879 :

628 4894 698 4950 Et
741 4894 1047 4968 ltumiliabit
1076 4896 1302 4968 gloriam
1342 4896 1462 4967 ejus
1499 4910 1622 4952 cum
1673 4897 1923 4953 allisione
1960 4911 2218 4952 manuum

775 4967 911 5036 ejus.

633 5034 701 5091 Et
744 5034 1077 5096 munimenta
1110 5039 1421 5097 sublimium
1463 5055 1741 5097 murorum
1794 5049 2010 5097 tuorum
2039 5038 2221 5096 conci-

778 5108 908 5165 dent
925 5154 937 5171 .

704 5186 758 5233 et
793 5179 1243 5253 ltumiliabuntttr,

708 5254 1139 5327 ct_det_raltentur
1165 5256 1218 5310 in
1249 5265 1446 5312 terram
1478 5271 1646 5327 usque
1673 5256 1739 5311 ad
1773 5257 2075 5327 pulverem.

637 5319 694 5376 ln
728 5321 820 5376 die
861 5322 953 5378 illa
983 5327 1291 5383 cantabitur
1320 5319 1588 5383 canticum
1622 5319 1850 5383 istud-in
1880 5339 2022 5384 terra
2052 5328 2219 5383 Juda:

709 5393 858 5466 [ϐαρ.
893 5393 1109 5468 Χχνω
1142 5398 1279 5455 Urbs
1311 5400 1640 5455 fortitudinis
1685 5411 1883 5456 nostra:
1928 5401 2063 5457 Sion
2116 5402 2225 5457 sal-

781 5476 957 5533 vator,
986 5475 1214 5537 ponetur
1245 5472 1296 5526 in
1319 5486 1381 5527 ea
1423 5488 1612 5528 murus
1640 5480 1696 5527 et
1721 5475 2072 5529 antemurale.
2148 5480 2156 5485 '

634 5537 860 5610 Aperite
882 5551 1094 5611 portas,

706 5620 761 5667 et
792 5613 1127 5683 ingrediatur
1152 5614 1470 5685 gensjusta,
1495 5616 1809 5675 custodiens
1837 5618 2146 5675 veritatem.

635 5681 805 5743 Vetus
827 5681 983 5743 error
1013 5686 1179 5742 abiit:

706 5758 947 5844 servabis
977 5773 1189 5829 pacem,
1220 5772 1411 5844 pacem
1441 5804 1455 5829 ,

705 5832 829 5903 quia
860 5832 911 5888 in
945 5841 997 5890 te
1027 5832 1384 5905 speravimus.

2375 3246 2428 3299 in
2462 3240 2811 3301 tribulatione
2838 3240 3135 3300 murmuris
3159 3245 3407 3299 doctrina
3436 3252 3520 3297 tua
3548 3240 3643 3296 eis.

2302 3317 2452 3374 Sicut
2474 3334 2593 3385 quae
2620 3317 2855 3387 concipit
2883 3316 2989 3389 [AL
3021 3316 3317 3389 concepit],
3347 3330 3468 3372 cum
3494 3308 3837 3387 appropinqua-

2446 3390 2580 3445 verit
2604 3391 2669 3443 ad
2697 3400 2905 3458 partum

2374 3460 2583 3526 doli-ns,
2614 3462 2809 3517 clamat
2842 3460 2896 3515 in
2927 3458 3206 3516 doloribus
3245 3460 3396 3516 suis:

2377 3533 2455 3587 sic
2475 3533 2599 3589 facti
2630 3549 2816 3588 sumus
2843 3548 2872 3587 a
2896 3532 3031 3606 facie
3062 3543 3172 3596 tua,
3202 3532 3449 3606 Domine.
3734 3594 3745 3606 .

2303 3602 2685 3675 Concepimus,
2734 3614 2789 3660 et
2839 3603 2992 3675 quasi
3034 3605 3462 3674 parturivimus,
3507 3608 3560 3658 et
3583 3602 3844 3671 peperimus

2448 3678 2731 3742 spiritum:
2972 3702 2977 3705 -

2376 3749 2584 3803 salutes
2610 3766 2714 3803 non
2743 3747 2972 3803 fecimus
3003 3747 3057 3803 itt
3081 3755 3227 3802 terra
3256 3766 3267 3800 :

2305 3818 2431 3875 Ideo
2462 3836 2567 3876 non
2606 3821 2921 3875 Ceciderunt
2952 3819 3284 3875 habitatores
3319 3828 3478 3875 terrae
3504 3814 3606 3888 [Αι.
3631 3807 3790 3891 orbis].

2378 3892 2577 3948 Vivent
2607 3892 2736 3964 [ΑΙ.Δ
2773 3892 2986 3964 vivant]
3026 3892 3228 3964 mortui
3258 3892 3356 3959 tui,
3389 3885 3643 3945 interfecti
3669 3885 3758 3938 mei
3784 3892 3847 3933 re-

2449 3962 2691 4034 surge’nt.
2720 3962 2828 4035 [ΑΙ.
2857 3962 3162 4033 resurgant]
3185 3979 3198 4016 :

2305 4026 2749 4106 Expergiscimini
2781 4045 2836 4089 et
2876 4026 3085 4090 laudate
3121 4026 3213 4104 q‘ui
3255 4032 3507 4090 habitatis
3539 4031 3587 4085 in
3617 4026 3802 4098 pulvere
3831 4035 3842 4072 :

2380 4110 2508 4176 quia
2531 4123 2622 4162 ros
2650 4110 2782 4162 lucis
2812 4122 2904 4161 ros
2929 4118 3048 4161 tuus
3067 4147 3082 4172 ,

2379 4189 2428 4234 et
2460 4188 2654 4234 terram
2686 4182 2957 4249 gigantum
2985 4177 3242 4233 detrahes
3272 4179 3327 4233 in
3362 4176 3596 4231 ruinam.

2310 4250 2457 4306 Vade
2491 4253 2716 4319 p0pulus
2746 4266 2918 4315 meus,
2953 4251 3091 4305 intra
3119 4251 3170 4304 in
3199 4250 3449 4305 cubicula
3473 4257 3558 4302 tua
3580 4285 3596 4312 ,

2380 4323 2575 4377 claude
2606 4323 2741 4377 ostia
2777 4334 2862 4376 tua
2889 4338 3051 4394 super
3082 4331 3156 4377 te.

2311 4393 2658 4449 Abscondere
2682 4392 3048 4448 modicum'ad
3072 4399 3413 4448 momentum
3435 4432 3450 4457 ,

2387 4467 2560 4520 donec
2599 4476 2937 4535 pertranseat
2967 4465 3300 4527 indignatio.

2233 4564 2288 4627 D
2314 4537 2453 4627 Ecce
2486 4541 2629 4627 enim
2656 4538 2917 4627 Dominus
2941 4537 3340 4627 egredieturde
3364 4534 3486 4617 loco
3505 4545 3627 4627 sui,

2388 4618 2449 4664 ut
2495 4609 2676 4665 visitet
2731 4598 3069 4679 iniquitatem
3129 4606 3454 4662 habitatoris
3510 4614 3659 4659 terra:
3699 4598 3854 4652 contra

2459 4697 2617 4737 eum:

2391 4763 2447 4809 et
2473 4752 2741 4809 revelabit
2771 4763 2915 4808 terra
2948 4750 3267 4820 sanguinem
3298 4765 3456 4805 suum
3488 4788 3505 4813 ,

2392 4835 2444 4881 et
2477 4842 2579 4881 non
2614 4825 2819 4893 operiet
2852 4825 2990 4877 ultra
3022 4822 3345 4895 interfectos
3371 4835 3530 4895 s_uos._
3606 4859 3630 4880 η
3653 4882 3666 4895 ,
3808 4873 3834 4895 ,ε

2325 4874 3350 4973 {aliimollissentvisam
3383 4874 3625 4948 Dominu’
3653 4882 3702 4939 in
3724 4874 3863 4949 gladio

2324 4972 2423 5026 Suo
2469 4972 2604 5025 duro
2625 5012 2640 5035 ,

2399 5053 2451 5097 et
2481 5030 2694 5113 grandi,
2728 5048 2783 5097 et
2808 5040 2953 5109 forti,
2985 5052 3149 5109 super
3170 5036 3469 5093 Leviathan
3492 5034 3777 5102 serpentem
3800 5030 3867 5071 τε·

2327 5125 2465 5171 ctem
2484 5156 2498 5180 ,

2397 5198 2444 5241 et
2473 5200 2635 5255 super
2659 5184 2952 5241 Leviathan
2987 5189 3298 5255 serpentem
3326 5188 3631 5255 tortuosum
3657 5188 3672 5227 :

2400 5269 2452 5314 et
2484 5251 2733 5314 occident
2758 5267 2958 5321 cetum,
2994 5255 3084 5325 qui
3113 5254 3165 5307 in
3200 5251 3341 5325 mari
3368 5258 3507 5322 estzl

2329 5331 2386 5387 ln
2415 5331 2506 5385 die
2535 5329 2620 5384 illa
2651 5332 2813 5385 vinea
2845 5329 2979 5383 meri
3006 5324 3245 5381 cantabit
3272 5325 3345 5380 ei.

2331 5404 2440 5473 Ego
2472 5402 2733 5458 Dominus
2762 5402 2849 5469 qui
2873 5415 3029 5454 Servo
3051 5411 3169 5454 eam
3190 5438 3204 5463 ,

2404 5486 2627 5543 repente
2662 5474 2961 5543 propinalio
2989 5473 3037 5526 ei
3065 5487 3079 5526 :

2403 5561 2471 5601 ne
2502 5549 2640 5601 forte
2663 5546 2914 5599 visitetur
2946 5553 3133 5598 contra
3164 5554 3289 5597 eam
3314 5581 3328 5606 ,

2331 5618 2496 5675 Nocte
2528 5626 2583 5671 et
2609 5618 2697 5673 die
2735 5630 2893 5671 servo
2921 5631 3063 5671 eam.

2400 5690 2702 5759 Indignatio
2735 5703 2840 5743 non
2871 5697 2953 5743 est
2980 5687 3112 5741 mihi
3145 5704 3182 5741 :-
3386 5754 3399 5760 _
3585 5747 3616 5760 ..

2334 5762 2466 5832 Quis
2492 5745 2642 5816 dabit
2666 5777 2750 5815 me
2798 5762 3008 5831 spinam
3040 5767 3097 5815 et
3126 5770 3355 5830 veprem
3386 5754 3439 5810 in
3472 5745 3684 5826 praelio?

2408 5834 2624 5905 gradiar
2662 5846 2829 5904 super
2857 5846 3001 5898 eam,
