4114 6364
513 308 621 383 eos

588 509 640 551 et
673 499 897 567 pallium
922 498 1086 554 breve
1113 507 1403 567 utrumque
1441 494 1657 562 aperire
1689 503 2024 567 nongputest.

516 565 681 624 Sicut
702 570 847 626 enim
882 570 934 625 in
970 578 1154 625 monte
1196 565 1529 622 divisionum
1579 567 1751 622 stabit
1799 565 2104 621 Dominus:

594 639 739 695 sicut
770 642 821 696 in
852 642 1015 707 valle,
1049 655 1170 709 quae
1210 650 1287 693 est
1322 639 1374 692 in
1411 636 1657 705 Gabaon,
1718 639 2011 705 irascetur,
2053 644 2110 691 ut

594 710 760 767 faciat
784 727 923 781 opus
954 727 1134 783 suum,

590 783 822 839 alienum
856 798 991 854 opus
1037 784 1153 853 ejus
1181 796 1196 834 :

590 866 649 909 ut
672 863 926 924 operetur
957 869 1096 924 Opus
1117 868 1272 906 suum

593 927 931 997 peregrinum
959 934 1043 997 est
1068 940 1204 997 opus
1229 924 1297 979 ab
1325 939 1413 980 eo.

527 995 595 1051 Et
625 995 766 1051 nunc
799 997 962 1051 nolite
990 995 1239 1059 illudere,

592 1083 660 1122 ne
682 1067 823 1125 forte
849 1069 1295 1138 constringantur
1324 1067 1536 1121 vincula
1569 1075 1771 1122 vestra.

518 1139 1055 1195 Consuinmationem
1097 1140 1329 1195 enimet
1358 1139 1819 1194 abbreviationem

589 1210 772 1266 audivi
802 1226 830 1264 a
854 1212 1085 1267 Domino
1113 1212 1226 1267 Deo
1247 1212 1587 1267 exercituum

591 1296 754 1351 super
784 1284 1091 1338 universam
1123 1294 1345 1337 terram.

510 1351 747 1408 Auribus
777 1355 1062 1425 percipite,
1094 1362 1148 1410 et
1177 1353 1365 1409 audite
1391 1367 1577 1409 vocem
1610 1367 1814 1418 meam,

590 1425 872 1492 attendite,
906 1442 962 1480 et
982 1426 1161 1481 audite
1194 1425 1473 1495 eloquium
1502 1440 1705 1480 meum.

519 1495 787 1567 Numquid
821 1505 929 1553 tota
959 1497 1046 1553 die
1076 1497 1252 1551 arabit
1291 1494 1451 1551 arans
1479 1509 1535 1551 nt
1584 1504 1751 1562 serat,
1786 1494 2100 1565 proscindet

591 1576 647 1624 et
669 1568 867 1625 sarriet
899 1569 1120 1624 humum
1154 1567 1351 1622 suam?

516 1637 707 1694 Nonne
734 1656 855 1695 cum
892 1639 1261 1710 adaequaverit
1298 1638 1491 1696 faciem
1523 1637 1663 1710 ejus,
1695 1649 1843 1694 seret
1873 1637 2013 1709 gith,
2050 1646 2107 1692 et

657 1711 930 1784 cyminum
948 1721 1196 1784 Aspargct,

587 1791 645 1838 et
663 1780 829 1853 ponet
849 1780 1205 1848 triticum—per
1229 1780 1503 1844 ordinem,

587 1865 643 1911 et
664 1850 929 1910 hordeum
958 1865 1014 1910 et
1035 1855 1264 1919 milium,
1303 1862 1359 1908 el.
1392 1853 1585 1909 viciam
1628 1853 1682 1908 in
1725 1851 1923 1907 finibus
1948 1850 2101 1906 suis?

518 1924 588 1980 Et
603 1928 815 1981 erudiet
832 1928 978 1981 illum
997 1925 1228 1994 judicio,

522 1996 664 2052 Deus
688 2013 818 2053 suus
838 1996 1054 2052 docebit
1077 1998 1245 2051 illum.

524 2066 642 2123 Non
665 2072 810 2125 enim
846 2072 900 2123 in
929 2067 1087 2123 ferris
1114 2068 1458 2122 triturabitur
1484 2066 1623 2138 gith,

589 2155 690 2195 nec
712 2151 833 2195 rota
862 2141 1088 2211 plaustri
1113 2154 1276 2209 super
1295 2138 1572 2210 cyminum
1600 2137 1875 2202 circuibit,

587 2212 685 2268 sed
713 2214 763 2266 in
787 2214 932 2283 virga
964 2212 1272 2267 excutietur
1292 2211 1430 2280 gttb,

585 2292 640 2354 et
660 2285 934 2354 cyminum
961 2283 1013 2336 in
1044 2283 1234 2337 baculo
1266 2298 1282 2337 :

586 2353 749 2409 Panis
797 2364 978 2410 autem
1002 2354 1407 2415 Comminuetur
1442 2370 1454 2405 :

519 2425 718 2482 Verum
748 2442 854 2483 non
897 2425 951 2481 in
980 2434 1296 2495 perpetuum
1329 2423 1586 2495 triturans
1614 2421 1889 2478 triturabit
1920 2422 2093 2485 illum,

584 2514 762 2569 neque
784 2493 1002 2552 vexabit
1037 2493 1157 2551 eum
1192 2506 1305 2550 rota
1338 2493 1595 2565 plaustri,

586 2585 685 2626 nec
708 2573 762 2624 in
792 2570 1005 2637 ungulis
1034 2570 1146 2623 suis
1173 2569 1502 2621 comminuet
1532 2580 1677 2621 eum.

514 2641 581 2697 Et
611 2638 713 2698 hoc
741 2656 771 2696 a
800 2649 825 2677 ⁸
858 2638 1088 2695 Dumino
1122 2638 1234 2694 Deo
1261 2640 1595 2694 exercituum
1617 2637 1807 2702 exivit,

584 2725 639 2768 ut
667 2713 919 2767 mirabile
944 2711 1151 2766 faceret
1184 2710 1495 2779 consilium,

583 2795 639 2840 et
669 2783 1040 2852 niagnillcaret
1059 2780 1348 2851 justitiam.

510 2854 663 2929 [ϐιῳ.
698 2853 917 2926 ΧΧΙΧ.]
944 2855 1035 2909 Va:
1057 2854 1207 2929 Arjel
1236 2854 1449 2929 civitas,

581 2923 742 2995 quam
772 2923 1099 2995 expugnavit
1124 2923 1293 2977 David
1326 2941 1340 2979 :

506 2997 738 3053 Additus
763 3008 847 3053 est
866 3011 1042 3051 annus
1070 2995 1136 3048 ad
1168 3010 1369 3055 annum
1400 3011 1413 3048 :

578 3070 946 3123 soletnnilates
976 3066 1209 3123 eViilutte
1241 3074 1389 3121 sunt.

504 3138 578 3197 Et
599 3139 1023 3195 cirrumvallabo
1052 3138 1222 3205 Ariel,

576 3220 628 3268 et
660 3213 765 3268 erit
786 3212 956 3266 tristis
980 3220 1035 3265 et
1064 3223 1326 3273 maerens,

577 3292 633 3338 et
652 3284 755 3339 erit
779 3280 910 3337 mihi
937 3280 1092 3352 quasi
1117 3281 1284 3335 Ariel.

512 3355 582 3412 Et
602 3351 1133 3424 circumdabo’quasi
1180 3351 1449 3421 sphwram
1501 3351 1555 3407 in
1602 3351 1834 3407 circuitu
1865 3360 1978 3418 tuo,

542 3462 552 3473 ο
576 3436 633 3483 et
652 3426 850 3499 jaciam
877 3439 1065 3481 contra
1091 3436 1139 3478 te
1167 3438 1443 3499 aggerem,

577 3509 632 3554 et
654 3495 987 3553 munimenta
1020 3511 1217 3566 ponam
1250 3498 1304 3550 in
1324 3495 1666 3551 obsidionem
1701 3504 1869 3549 tuam.

506 3569 917 3635 Humiliabcris,
947 3569 1015 3623 de
1037 3575 1180 3622 terra
1217 3567 1478 3637 lnqueris,

576 3652 630 3696 et
652 3643 719 3697 de
750 3643 916 3697 humo
944 3641 1193 3694 audietur
1221 3640 1497 3709 eloquium
1528 3647 1675 3692 tuum
1704 3655 1718 3690 :

647 3712 716 3767 Et
735 3712 839 3769 erit
859 3710 1014 3782 quasi
1057 3707 1420 3782 Pythonisde
1450 3718 1591 3765 terra
1620 3723 1721 3763 vox
1757 3717 1868 3775 tua,
1894 3708 1963 3763 de
1988 3707 2089 3762 hu-

650 3799 740 3839 mo
762 3784 1038 3852 eloquium
1063 3790 1210 3835 tuum
1240 3782 1570 3852 mussitabit.

502 3855 574 3912 Et
591 3856 697 3912 erit
721 3849 1058 3924 sicut—pulvis
1083 3853 1260 3908 tenuis
1285 3849 1571 3924 multitudo
1600 3850 1975 3924 ventil‘antium
1998 3861 2082 3904 te:

576 3939 633 3983 et
678 3927 817 3982 sicut
867 3921 1055 3980 favilla
1104 3923 1474 3995 pertransiens
1524 3921 1820 3978 multitudo
1872 3937 2085 3989 eorum,

575 4000 666 4070 qui
693 4008 881 4054 contra
903 4007 953 4051 te
982 3999 1426 4070 praavalnerunt:

576 4068 789 4141 eritque
818 4080 1049 4141 repente
1072 4068 1381 4141 confestim.

498 4141 548 4200 Α
572 4138 796 4199 Domino
816 4138 1151 4196 exercituum
1175 4138 1482 4194 visitabitur
1498 4139 1549 4192 in
1571 4138 1833 4203 tonitruo,
1857 4146 1911 4192 et
1937 4150 2089 4191 com-

644 4215 888 4269 motione
940 4220 1119 4274 terrae,

572 4296 629 4341 et
658 4301 790 4340 voce
819 4298 1008 4355 magna
1031 4282 1264 4337 turbinis
1283 4291 1337 4338 et
1367 4280 1727 4354 tempestatis,

573 4366 628 4412 et
657 4357 886 4413 flammae
904 4354 1044 4427 ignis
1070 4355 1402 4410 devomntis.

502 4427 570 4485 Et
593 4432 699 4485 erit
728 4429 871 4487 sicut
900 4421 1170 4483 somnium
1213 4427 1439 4481 visionis
1469 4435 1757 4481 nocturna:
1799 4421 2089 4478 multitudo

645 4501 890 4557 Omnium
941 4500 1208 4571 gentium,
1265 4512 1386 4569 qua:
1442 4497 1844 4553 dimicaverunt
1894 4507 2086 4550 contra

645 4574 788 4629 Ariel

570 4654 625 4700 et
645 4616 838 4701 3533s
862 4642 955 4716 qui
985 4641 1373 4705 militaverunt,
1401 4648 1456 4696 et
1476 4637 1830 4705 obsederunt,
1851 4646 1907 4694 et
1938 4652 2080 4707 prae-

643 4718 934 4772 valuerunt
955 4716 1209 4772 adversus
1242 4720 1386 4768 eam.

497 4788 567 4846 Et
586 4790 727 4846 sicut
750 4790 989 4844 somniat
1012 4801 1281 4853 esuriens,
1311 4795 1368 4841 et
1393 4782 1653 4852 comedit,

568 4878 692 4918 cum
719 4870 900 4916 autem
932 4857 1096 4943 fuerit
1121 4855 1559 4940 expergefactus,

492 4942 501 4952 '
568 4948 735 4989 vacua
765 4944 847 4988 est
875 4942 1054 4987 anima
1084 4945 1202 4999 ejus
1232 4944 1247 4983 :
1283 4989 1289 4997 ι

568 5014 624 5062 et
654 5006 789 5059 sicut
820 5001 1058 5060 somniat
1077 4998 1289 5068 sitiens,
1330 5008 1387 5070 et
1413 4998 1571 5063 bibit,
1644 5068 1650 5070 Α
1760 5067 1768 5070 _
1818 5068 1845 5070 η
2036 5066 2043 5070 ,

561 5088 617 5133 et
634 5087 918 5149 postquam
946 5074 1106 5149 fuerit
1128 5066 1546 5142 expergefactus
1564 5068 1671 5143 [Αι.
1688 5066 2079 5140 evigilaverit],

566 5147 742 5204 lassus
765 5148 945 5204 adhuc
973 5147 1111 5211 sitit,

565 5231 621 5277 et
640 5224 821 5295 anima
849 5221 1155 5295 ejus‘vacua
1182 5225 1268 5295 est
1296 5232 1309 5267 :
1432 5285 1462 5295 Α

491 5292 584 5349 Sic
610 5292 712 5348 erit
740 5290 1024 5347 multitudo
1045 5291 1287 5345 omnium
1318 5290 1584 5356 gentium,

562 5381 680 5436 qua:
698 5364 1091 5436 dililiCitvel‘lllll
1115 5368 1304 5436 contra
1318 5354 1574 5436 inontem
1600 5354 1753 5412 Sion.

452 5476 459 5481 -
489 5431 888 5506 Obstupescite,
912 5445 967 5490 et
984 5431 1356 5495 admiramini,

559 5505 813 5564 fluctuate
841 5518 895 5562 et
935 5505 1227 5561 vacullate:

560 5658 583 5686 ιι
616 5647 732 5703 Non
766 5641 1040 5699 interserit
1068 5618 1313 5699 Domino,
1344 5635 1437 5691 ubi
1466 5634 1651 5691 locum
1684 5634 1836 5690 hunc
1859 5633 2072 5699 recitat,

484 5724 541 5777 in
568 5715 967 5776 commentario
996 5711 1055 5769 S.
1073 5709 1257 5774 Pater,
1293 5709 1390 5765 sed
1421 5720 1629 5763 tantum
1652 5704 1838 5777 habet,
1885 5719 1929 5759 et
1976 5704 2073 5760 hoc

484 5776 519 5845 ii
568 5789 681 5846 Deo
731 5786 1052 5844 exercituum
1108 5799 1127 5837 :
1173 5784 1394 5836 ninnino
1441 5783 1622 5835 verius
1667 5780 1734 5832 ad
1785 5776 2070 5833 Hebraeum

487 5862 788 5932 exemplar.

1499 308 1558 366 S.
1601 302 1991 367 HIERONYMI
2028 306 2265 366 DIVINA
2310 263 2790 369 BIBLIDTHECA.

516 423 944 494 Coangustatum
967 434 1045 483 est
1072 424 1215 481 enim
1247 431 1495 491 stratum,
1526 422 1597 477 ita
1623 432 1681 479 ut
1700 423 1840 478 alter
1864 420 2101 488 decidat,
2134 425 2179 483 Α

3707 312 3815 374 ΒΜ

2287 423 2655 493 inebriamini,
2686 432 2735 479 et
2761 438 2867 479 non
2894 438 2921 476 a
2957 423 3119 478 vino:

2283 497 2596 559 moveniini,
2628 507 2685 552 et
2716 511 2821 549 non
2840 495 2910 549 ab
2937 495 3220 550 ebrietate.

2212 565 2478 636 Quoniam
2509 568 2727 624 miscuit
2751 568 2908 623 vobis
2938 565 3201 638 Dominus
3218 564 3465 635 spiritum
3490 568 3729 638 soporis,

2282 638 2501 709 claudet
2530 641 2720 696 oculos
2748 648 2983 704 vestros,
3008 637 3302 709 prophetas

2281 708 2383 766 etb
2419 712 2690 780 principes
2713 723 2953 777 vestros,
2996 708 3089 780 qui
3133 709 3322 765 vident
3369 708 3636 781 visiones,
3667 725 3805 782 0pc-

2354 782 2477 836 riet.

2216 848 2283 908 Et
2315 850 2423 907 erit
2449 853 2609 908 vobis
2639 853 2781 909 visio
2806 852 3049 909 omnium

2282 925 2424 979 sicut
2448 925 2613 980 verba
2636 925 2755 980 libri
2787 925 3013 996 signati,

2280 1011 2440 1063 quem
2470 1011 2591 1050 cum
2621 995 2873 1052 dederint
2901 996 3093 1052 scienti
3119 997 3353 1065 litteras,
3384 995 3567 1053 dicent
3594 1015 3610 1052 :

2275 1066 2426 1141 Lege
2448 1067 2610 1122 istum
2643 1086 2656 1123 :
2682 1080 2731 1124 et
2768 1068 3158 1141 respondebit:

2282 1136 2402 1211 Qui]
2431 1155 2671 1208 possum,
2701 1136 2947 1211 signatus
2968 1152 3052 1195 est
3080 1144 3247 1196 enim.

2281 1206 2352 1285 Et
2376 1206 2593 1265 dabitur
2611 1206 3035 1285 Iiber'nescienti
3059 1211 3288 1280 litteras,
3316 1210 3638 1285 diceturque
3662 1212 3711 1269 ei
3740 1232 3751 1266 ;

2280 1280 2431 1354 Lege
2452 1299 2464 1335 :
2494 1291 2553 1354 et
2581 1284 2934 1354 respondebit
2967 1302 2978 1338 :

2277 1350 2474 1408 Nescio
2490 1350 2719 1409 litteras.

2208 1420 2278 1479 Et
2306 1423 2442 1507 dixit
2493 1423 2758 1481 Dominus
2796 1445 2807 1480 :
2841 1422 2920 1481 Eo
2949 1426 3095 1498 quod
3127 1426 3522 1501 apprOpinquat
3568 1429 3806 1500 populus

2357 1505 2456 1551 iste
2480 1512 2578 1551 ore
2602 1513 2726 1564 suo,

2280 1577 2331 1621 ct
2363 1568 2520 1623 labiis
2539 1571 2651 1622 suis
2674 1569 2943 1639 glorificat
2969 1584 3078 1634 me,

2279 1653 2376 1693 cor
2401 1647 2581 1712 autem
2600 1640 2722 1709 ejus
2748 1642 2907 1712 longe
2945 1651 3031 1696 est
3059 1656 3091 1695 a
3115 1656 3227 1705 me.

2281 1716 2339 1765 et
2393 1711 2691 1794 timuerunt
2741 1728 2828 1767 me
2880 1713 3143 1768 mandatu
3175 1712 3458 1769 hominum
3495 1723 3550 1770 et
3599 1711 3807 1769 doctrio

2353 1798 2483 1841 ηιεζ

2135 1816 2181 1876 Β
2210 1851 2333 1908 Ideo
2511 1869 2613 1929 ego
2634 1855 2829 1911 addam
2849 1866 2911 1910 ut
2928 1855 3347 1929 admirationem
3381 1855 3572 1912 faciam
3602 1856 3806 1929 populo

2349 1924 2497 2000 huic,
2521 1924 2787 2000 miraculo
2818 1928 3010 1998 grandi
3033 1939 3088 1983 et
3110 1928 3380 2000 Stupendo
3404 1946 3419 1983 :

2274 1996 2645 2071 peribitenim
2678 1996 2942 2068 sapientia
2965 2015 2995 2054 a
3026 1996 3368 2068 sapientibus
3387 2000 3527 2071 ejus,

2274 2078 2328 2123 et
2359 2068 2677 2141 intellectus
2700 2071 3046 2139 prudentium
3070 2073 3190 2141 ejus
3212 2068 3603 2128 abscondetur.

2205 2137 2297 2194 Vae
2320 2140 2412 2210 qui
2445 2137 2710 2207 profundi
2727 2141 2859 2197 estis
2880 2143 3066 2209 corde,

2272 2222 2335 2266 ut
2376 2230 2403 2263 a
2432 2211 2664 2267 Domino
2695 2214 3044 2270 abscondatis
3071 2212 3402 2270 Consilium:

2273 2297 2503 2355 quorum
2528 2293 2655 2339 sunt
2688 2286 2738 2339 in
2771 2287 3011 2341 tenebris
3031 2302 3221 2355 opera,
3253 2296 3308 2342 et
3337 2284 3523 2343 dicunt
3549 2303 3565 2341 ι

2201 2353 2338 2421 Quis
2369 2354 2518 2409 videt
2548 2371 2673 2421 nos,
2702 2367 2756 2412 et
2780 2353 3093 2424 quis‘novit
3119 2359 3257 2413 nus?

2201 2424 2462 2500 Perversa
2485 2437 2570 2500 est
2599 2430 2712 2481 lltl‘c
2735 2442 2913 2483 vestra
2936 2430 3195 2500 cogitatio
3223 2447 3235 2483 :

2271 2498 2428 2571 quasi
2452 2499 2495 2553 si
2516 2500 2684 2553 lutum
2719 2510 2910 2554 contra
2942 2498 3165 2570 figulum
3188 2501 3411 2571 cogitet,

2271 2578 2327 2622 et
2358 2568 2501 2645 dicat
2521 2585 2657 2641 opus
2682 2568 3006 2645 factori‘suo
3035 2589 3049 2627 :
3081 2572 3196 2626 Non
3222 2568 3397 2645 fecisti
3423 2589 3509 2626 me
3536 2591 3548 2623 :

2270 2649 2328 2695 et
2353 2641 2668 2714 figmentum
2701 2641 2859 2714 dicat
2876 2642 3049 2698 lictori
3077 2660 3176 2698 suo
3201 2661 3214 2697 :
3239 2644 3353 2698 Noa
3377 2644 3659 2714 intelligis.

2198 2709 2600 2767 Nonne’adhuc
2628 2714 2685 2769 in
2719 2713 2930 2770 modico
2959 2726 3016 2771 et
3045 2717 3098 2770 in
3129 2716 3280 2771 brevi
3321 2709 3677 2772 convertEtur
3703 2715 3795 2771 Li-

2346 2784 2517 2838 banus
2547 2785 2599 2839 in
2628 2786 2903 2850 Chermel,

2276 2862 2332 2908 et
2357 2853 2609 2926 Qhermel
2641 2858 2693 2911 in
2724 2856 2923 2912 saltum
2954 2856 3332 2926 reputabitur?

2201 2923 2271 2979 Et
2298 2925 2523 2981 audient
2551 2928 2602 2981 in
2626 2927 2716 2983 die
2744 2929 2838 2983 illa
2863 2923 3199 2986 surdi'verba
3228 2930 3381 2993 libri,

2270 3008 2324 3050 et
2345 2999 2410 3070 de
2444 2999 2683 3054 tenebris
2715 3013 2769 3057 et
2799 3001 3030 3070 caligine
3054 3001 3194 3055 neiili
3217 3016 3488 3057 carcerum
3514 3001 3793 3058 videbunt.

2197 3065 2269 3122 Ει
2298 3068 2499 3123 addent
2520 3072 2678 3124 mites
2711 3073 2761 3126 in
2794 3065 3027 3128 Domino
3057 3073 3327 3141 la-tiliatn,
3803 3081 3810 3087 '

2268 3149 2325 3195 et
2355 3155 2616 3211 pauperes
2641 3142 2889 3198 homines
2917 3144 2968 3197 in
2996 3156 3185 3200 sancto
3207 3144 3372 3199 Israel
3415 3144 3790 3200 exsultabunt.

2116 3210 2162 3273 (ἶ
2193 3210 2471 3277 Quoniam
2491 3213 2692 3270 defecit
2721 3215 2813 3284 qui
2838 3217 3189 3284 praevalebat,

2266 3295 2679 3340 consummatus
2710 3296 2793 3341 est
2823 3288 3030 3353 illusor,

2267 3362 2323 3410 et
2347 3355 2543 3411 succisi
2568 3368 2693 3413 sunt
2719 3374 2909 3413 omnes
2936 3359 3026 3430 qui
3053 3358 3351 3431 vigilabant
3376 3374 3547 3431 super
3590 3358 3789 3430 iniqui—

2335 3437 2543 3481 latent:

2263 3499 2352 3567 qui
2383 3513 2608 3566 peccare
2631 3499 2903 3556 faciebant
2927 3502 3173 3557 homines
3196 3501 3248 3556 in
3272 3502 3472 3569 verbo,

2264 3578 2319 3621 ct
2340 3584 2652 3642 arguentem
2683 3573 2737 3626 in
2764 3582 2921 3642 porta
2950 3573 3397 3642 supplantabant,

2263 3649 2316 3693 et
2340 3641 2969 3714 declinaveruntfrustra
2999 3641 3219 3714 ajusto.
3474 3702 3475 3705 η

2191 3706 2424 3780 PrOpter
2452 3712 2576 3775 hoc.
2607 3714 2722 3769 ltznc
2746 3714 2876 3770 dicit
2895 3706 3160 3771 Dominus
3182 3716 3249 3771 ad
3277 3717 3500 3773 domum
3522 3717 3715 3783 Jacob,

2263 3784 2355 3851 qui
2385 3785 2614 3841 redemit
2647 3787 2913 3843 Abraham
2946 3803 2961 3842 :

2197 3850 2311 3906 Non
2340 3856 2505 3910 modo
2527 3858 2895 3913 confundetur
2920 3856 3112 3924 Jacob,

2265 3940 2365 4001 nec
2390 3929 2549 3983 modo
2578 3931 2761 3985 vultus
2791 3931 2909 4001 ejus
2938 3932 3229 3987 erubescet
3258 3948 3271 3984 :

2261 4000 2355 4052 sed
2376 4001 2722 4074 cmu_viderit
2750 4004 2889 4057 filios
2924 4019 3077 4069 suos,
3114 4018 3284 4074 opera
3330 4017 3587 4058 manuum
3638 4016 3789 4057 mea-

2335 4070 2558 4140 rum,;in
2591 4073 2770 4127 medio
2792 4074 2876 4130 sui
2908 4070 3317 4131 sanctificantes
3350 4089 3550 4131 nomen
3581 4089 3783 4140 meum,

2267 4150 2322 4195 et
2348 4132 2760 4200 sanéiiticabunt
2802 4156 3049 4201 sanctum
3066 4145 3263 4214 Jacob,

2262 4219 2318 4267 et
2344 4214 2511 4269 Deum
2535 4214 2699 4271 Israel
2726 4217 3130 4287 przedirabunt;

2195 4279 2264 4337 Et
2292 4290 2461 4340 scient
2494 4279 2743 4343 errantes
2771 4289 2963 4358 spiritu
2984 4279 3343 4356 intellectum,

2260 4364 2319 4409 ct
2348 4360 2727 4431 inussitatores
2756 4360 2973 4415 discent
3005 4361 3203 4431 legem.

2190 4424 2576 4514 [Cap.nXXX.]
2604 4429 2720 4496 Vae,
2751 4431 2843 4514 lilii
2874 4424 3211 4514 desertores,
3238 4431 3372 4489 dicit
3394 4431 3678 4500 Dominus,

2262 4507 2321 4552 ut
2350 4499 2604 4557 faceretis
2628 4502 2938 4567 consilium,
2962 4513 3016 4558 et
3044 4520 3150 4558 non
3174 4520 3238 4559 ex
3271 4519 3389 4559 me:

2115 4602 2165 4663 η
2261 4581 2317 4663 et
2344 4571 2874 4663 ogdircminirtelam2
2898 4584 2953 4663 et
2984 4589 3104 4663 non‘
3122 4590 3218 4645 per
3249 4576 3500 4663 Spiritum
3538 4590 3745 4639 meum,

2261 4655 2318 4697 ttt
2344 4644 2642 4701 adderetur
2674 4646 2783 4718 [AL
2810 4646 3105 4719 adderetis]
3128 4644 3425 4717 peccatum
3459 4660 3623 4716 super
3660 4660 3791 4718 pec-

2330 4725 2552 4771 catunt:

2258 4787 2351 4857 qui
2376 4788 2690 4851 ambulatis.
2721 4790 3145 4865 utdescendatis
3169 4790 3222 4846 in
3253 4789 3575 4865 Egyptian.

2259 4870 2314 4915 et
2341 4874 2406 4913 os
2437 4876 2754 4916 nieuin'non
2786 4861 3190 4933 interrogastis,

2189 4929 2488 5001 Sperantes
2504 4933 2649 4986 auxit
2659 4934 2764 4987 ium
2790 4935 2844 4988 in
2871 4929 3184 4989 fortitudine
3206 4933 3530 5001 PharaOuis,

2260 5012 2316 5057 et
2343 5003 2608 5077 habentes
2632 5004 2885 5077 fiduciam
2905 5003 2957 5077 in
2986 5003 3176 5059 umbra
3208 5006 3445 5077 Aigypti.

2193 5073 2259 5127 Et
2278 5073 2380 5128 erit
2403 5075 2556 5129 vobis
2584 5076 2848 5131 fortitudo
2866 5075 3171 5131 Pharaonis
3194 5073 3665 5141 inconfusionem,

2257 5156 2313 5220 et
2342 5144 2536 5220 fiducia
2562 5149 2766 5202 umbra:
2794 5145 3016 5220 Ευριί
3040 5150 3093 5220 in
3123 5149 3498 5218 ignominiam.

2257 5217 2429 5272 Erant
2449 5218 2555 5291 [AL
2587 5219 2772 5291 erunt]
2797 5217 2942 5291 ellllll
2970 5224 3022 5274 in
3048 5217 3213 5276 Tanis
3236 5222 3512 5290 principes
3546 5218 3643 5287 tui,

2256 5298 2314 5344 et
2334 5289 2517 5344 nuntii
2543 5292 2618 5345 tui
2647 5289 2820 5358 usque
2844 5290 2912 5345 ad
2942 5294 3086 5346 Apes
3125 5289 3510 5353 pervenerunt.

2183 5357 2389 5416 Omnes
2409 5361 2617 5417 confusi
2644 5357 2767 5417 sunt
2790 5378 2956 5431 super
2987 5365 3203 5432 populo,

2255 5437 2349 5506 qui
2377 5435 2458 5487 eis
2480 5432 2741 5501 prodesse
2762 5452 2873 5490 non
2906 5435 3078 5503 putuit
3101 5434 3207 5506 [ΑΙ.
3242 5433 3467 5505 poterit]
3497 5452 3512 5489 :

2180 5501 2299 5559 Non
2329 5504 2550 5561 fuerunt
2578 5507 2632 5560 in
2650 5501 2941 5572 auxilium,
2970 5515 3026 5562 et
3054 5501 3364 5577 in—aliquam
3386 5501 3701 5570 utilitatem,

2255 5639 2282 5678 δ
2310 5638 2498 5695 Canon
2519 5639 2913 5696 Satn-Germani
2938 5640 3068 5712 legit
3091 5658 3198 5697 non
3226 5650 3335 5697 tun
3348 5640 3562 5697 diverso
3582 5656 3780 5707 sensu,

2182 5727 2344 5786 quam
2374 5713 2587 5786 diversa
2632 5714 2838 5786 pli‘rasi.
2885 5724 2932 5766 et
2962 5715 3220 5786 principes
3263 5715 3439 5782 vestri,
3468 5713 3557 5785 qui
3607 5713 3783 5768 vident

2183 5784 2421 5851 visiones,
2452 5784 2709 5854 peribunt.
2741 5782 2921 5839 ΜΑιιτ.
