4114 6364
312 322 438 382 817

310 442 516 501 Levate
545 444 598 500 in
621 443 898 500 excelsum
929 442 1116 499 oculos
1146 452 1379 510 vestros,

383 527 440 572 et
460 516 641 573 videte
667 517 756 585 qui
788 514 1001 571 creavit
1023 516 1138 570 lucc
1176 535 1186 570 :

315 586 418 656 Qui
449 588 632 645 educit
656 588 710 643 in
745 601 972 642 numero
1000 587 1246 642 militiam
1275 599 1486 657 eorum,

384 669 443 715 et
473 674 664 717 omnes
687 675 753 714 ex
781 659 1008 714 nomine
1029 669 1190 714 vocat
1217 677 1232 714 :

313 731 434 788 Prae
465 730 812 815 multitudine
839 730 1176 786 fortitudinis
1213 740 1266 786 et
1301 731 1538 798 roboris,
1577 729 1908 801 virtutisque

457 819 600 874 ejus,

384 873 560 945 neque
591 889 759 932 unum
789 873 1054 944 reliquum
1088 874 1211 928 fttit.

309 946 488 1017 Quare
515 947 671 1011 dicis,
702 946 902 1013 Iacob,
935 953 990 1001 et
1015 946 1280 1017 loqueris,
1313 945 1481 1001 Israel
1517 962 1530 1000 :

383 1019 724 1076 Abscondita
754 1027 839 1073 est
865 1018 950 1072 via
980 1033 1097 1072 mea
1123 1033 1153 1072 a
1188 1018 1440 1082 Domino,

389 1091 640 1234 alae:
663 1089 1066 1160 meojudicium
1100 1105 1278 1145 meum
1310 1088 1560 1144 transivit
1585 1085 1691 1161 [AL
1726 1095 1903 1143 trans-

458 1179 474 1218 ι
520 1179 532 1217 ι
604 1206 616 1217 .

458 1165 616 1218 ibitl'!

315 1230 594 1304 Numquid
626 1233 826 1301 nescis,
860 1239 958 1287 aut
984 1247 1093 1289 non
1117 1230 1352 1288 audisti?

383 1306 526 1361 Deus
557 1306 932 1373 sempiternus
952 1305 1241 1371 Dominus,

382 1379 475 1447 qui
507 1378 719 1433 creavit
745 1377 1010 1432 terminos
1039 1387 1221 1440 terrae,

388 1463 495 1504 non
528 1448 765 1516 deﬁciet,
801 1463 976 1518 neque
998 1447 1296 1512 laborabit,

385 1535 484 1576 nec
512 1531 596 1577 e5t
616 1515 966 1592 investigaiio
997 1519 1284 1589 sapientiae
1314 1515 1452 1588 ejus.

308 1594 412 1665 Qui
441 1593 530 1665 dat
552 1592 696 1665 lasso
727 1591 984 1647 virtutem
1006 1610 1030 1665 ε
1115 1663 1124 1665 _
1210 1661 1243 1665 η
1487 1591 1489 1594 ⁴

383 1673 436 1722 et
457 1664 564 1729 his,
587 1663 678 1732 qui
695 1677 801 1718 non
825 1673 974 1730 sunt,
998 1661 1373 1717 fortitudinem
1393 1669 1449 1716 et
1474 1660 1643 1732 robur
1662 1658 1768 1732 [Λή
1797 1673 1906 1715 non

456 1731 658 1790 habent
687 1734 1083 1798 fortitudinem,
1109 1743 1161 1787 et
1191 1733 1378 1801 robur,
1407 1731 1530 1802 αα]
1559 1731 1902 1801 multiplicat.

307 1808 579 1865 Deficient
611 1807 763 1876 pueri
791 1817 845 1862 et
873 1806 1218 1864 laborabunt.

383 1875 684 1949 ctjuvenes
715 1879 768 1932 in
800 1878 1112 1933 infirmitate
1138 1875 1354 1931 cadent.

309 1953 414 2021 Qui
454 1943 634 2005 autem
662 1959 884 2021 sperant
912 1949 969 2005 in
1003 1948 1256 2014 Domino,
1289 1944 1576 2002 mutabunt
1619 1943 1898 2001 fortitudi-

457 2037 606 2086 nem,

384 2099 667 2150 assument
697 2107 907 2164 pennas
931 2091 1076 2164 gsieut
1102 2090 1322 2160 aquila»,

384 2175 628 2230 current,
660 2162 714 2220 et
744 2179 850 2220 non
873 2162 1218 2226 laborabunt,

384 2237 741 2293 ambulabunt
769 2243 954 2290 etnon
978 2232 1250 2300 deficient,

309 2310 463 2384 [Cap.
496 2306 662 2381 πλη]
692 2303 1381 2384 Taceant_ad_me_insula:,

389 2375 445 2437 et
471 2375 662 2448 gentes
685 2387 895 2435 mutent
920 2375 1293 2432 fortitudinem
1329 2392 1342 2428 :

311 2452 615 2518 Accedant,
647 2460 702 2506 et
723 2460 849 2505 tunc
871 2450 1182 2519 loquantur,

384 2523 547 2578 simul
587 2522 653 2577 ad
691 2522 951 2590 judicium
989 2520 1439 2589 propinquemus.

308 2595 444 2664 Quis
486 2594 767 2650 suscitavit
795 2593 864 2648 ab
893 2591 1107 2647 oriente
1133 2590 1359 2659 justum,

385 2665 600 2722 vocavit
631 2680 758 2722 eum
789 2675 848 2720 ut
874 2671 1194 2734 sequeretur
1221 2663 1316 2718 se?

309 2737 473 2794 Dabit
501 2737 554 2792 in
577 2747 874 2806 conspectu
905 2736 1021 2805 ejus
1052 2740 1262 2804 gentes,

383 2819 437 2864 et
467 2823 627 2879 reges
647 2807 914 2864 obtinebit
949 2825 961 2860 :

309 2881 471 2937 Dabit
493 2874 649 2949 quasi
684 2881 962 2950 pulverem
990 2875 1173 2946 gladio
1203 2874 1344 2945 ejus,

386 2944 529 3008 sicut
552 2944 809 3023 stipulam
837 2944 1012 3005 vento
1033 2944 1244 3018 raptam
1268 2947 1422 3004 arcui
1453 2944 1593 3017 ejus.

310 3023 680 3093 Persequetur
709 3037 828 3089 eos,
857 3051 861 3055 «

386 3094 639 3150 transibit
662 3096 714 3149 in
745 3107 899 3166 pace,

386 3166 581 3222 semita
602 3166 655 3221 in
680 3160 910 3237 pedibus
940 3163 1058 3233 ejus
1086 3177 1193 3237 non
1216 3160 1522 3237 apparebit.

311 3237 448 3307 Quis
469 3237 588 3293 haec
617 3227 879 3309 op'eratus
905 3227 1009 3303 esi,
1043 3244 1098 3309 et
1135 3227 1308 3309 fecit,
1362 3303 1381 3309 Δ
1931 3227 1976 3290 C

388 3323 589 3365 vocans
609 3303 992 3379 generationes
1022 3307 1092 3361 ab
1121 3303 1384 3360 exordio?

313 3380 433 3451 Ego
461 3381 722 3436 Dominus
741 3422 755 3446 ,

387 3452 596 3522 primus
624 3461 678 3507 et
708 3450 1044 3522 novissimus
1069 3462 1169 3518 ego
1195 3463 1336 3504 sum.

312 3521 582 3579 Viderunt
612 3522 826 3586 insulas,
861 3529 917 3576 et
940 3521 1256 3585 timuerunt,
1339 3527 1347 3536 '

388 3604 630 3650 extrema
664 3605 824 3650 terra:
850 3592 1273 3662 obstupuerunt.

315 3665 926 3736 Appropinquaverunt,
956 3674 1010 3718 et
1038 3669 1431 3736 accesserunt_:

393 3729 769 3808 Unusquisque
795 3729 1044 3808 proximo
1074 3749 1173 3808 suo
1197 3729 1562 3799 auxiliabitur,

390 3818 444 3864 et
473 3805 624 3863 fratri
653 3805 754 3865 suo
783 3805 929 3863 dicet
959 3824 972 3860 :
997 3805 1343 3861 Confortare.
1593 3821 1597 3825 '

318 3879 658 3935 Confortavit
681 3880 834 3935 faber
853 3878 1082 3933 aerarius
1109 3877 1418 3946 percutiens
1444 3873 1644 3930 malleo
1664 3885 1814 3940 eum,

390 3951 484 4024 qui
506 3951 742 4024 cadebat
771 3962 912 4024 tunc
929 3949 1211 4018 temporis,

393 4021 580 4078 dicens
608 4041 621 4076 :
649 4022 870 4078 Glutino
899 4021 1102 4075 bonum
1126 4027 1214 4074 est
1238 4034 1252 4072 :

321 4093 391 4149 Et
421 4092 748 4149 confortavit
778 4108 903 4149 eum
934 4091 988 4145 in
1016 4091 1206 4156 clavis,

395 4177 453 4221 ut
474 4180 583 4220 non
609 4175 921 4222 moveretur
941 4161 1045 4234 [AL
1073 4159 1400 4232 moveatur].

321 4235 394 4292 Et
423 4245 499 4304 tu,
532 4236 718 4305 Israel,
741 4251 900 4293 serve
921 4248 1108 4300 meus;

393 4308 581 4377 Jacob,
609 4324 768 4378 quem
795 4307 965 4377 elegi,

393 4375 576 4436 semen
603 4375 1060 4435 Abraham'amici
1084 4376 1190 4431 mei
1224 4392 1238 4428 :

394 4452 449 4506 in
478 4465 586 4522 quo
605 4449 938 4522 apprehendi
974 4458 1027 4502 te
1051 4449 1120 4502 ab
1151 4446 1415 4522 extremis
1446 4453 1630 4512 terrae,

395 4531 451 4578 et
479 4520 510 4576 a
532 4520 838 4592 longinquis
868 4520 986 4590 ejus
1016 4520 1201 4574 vocavi
1228 4526 1303 4589 te,
1539 4531 1542 4535 '

395 4603 451 4649 et
478 4593 590 4648 dixi
625 4595 720 4648 tibi
754 4610 767 4647 :

322 4665 528 4720 Servus
552 4678 707 4718 meus
736 4677 796 4718 es
825 4671 905 4729 ιιι,

397 4734 536 4804 elegi
571 4743 644 4799 te,
678 4742 734 4788 et
760 4748 865 4788 non
900 4732 1081 4801 abjeci
1116 4741 1188 4787 te.

321 4804 405 4862 Nc
429 4804 643 4872 timeas,
668 4804 794 4874 quia
823 4812 1006 4859 tecum
1034 4819 1152 4857 sum
1179 4817 1280 4874 ego
1314 4819 1329 4858 :

399 4891 468 4932 ne
496 4876 756 4942 declines,
790 4875 913 4946 quia
943 4889 1042 4946 ego
1070 4876 1211 4928 Deus
1241 4884 1363 4928 tuus
1399 4892 1412 4928 :

397 4949 700 5005 confortavi
729 4944 890 5014 te,_et
912 4945 1202 5000 auxiliatus
1229 4961 1350 5000 sum
1383 4944 1482 5010 tui,

397 5029 454 5075 et
472 5021 711 5091 suscepit
737 5030 790 5074 te
815 5020 1035 5075 dextera
1061 5016 1192 5091 justi
1222 5017 1348 5071 mei.

325 5091 468 5148 Ecce
484 5086 884 5148 conftindenlur
907 5101 960 5145 et
979 5089 1304 5144 erubescant
1321 5101 1535 5157 omnes,
1559 5086 1652 5158 qui
1675 5093 1918 5157 pugnant

472 5165 759 5219 adversum
793 5173 845 5220 te
875 5180 888 5217 :

399 5244 561 5291 erunt
587 5238 738 5306 quasi
766 5250 874 5289 non
903 5232 1035 5306 sint,

401 5315 458 5362 et
478 5301 734 5375 peribunt
755 5308 878 5375 viri,
903 5305 994 5374 qui
1019 5301 1405 5359 contradicunt
1437 5302 1554 5358 tibi.

337 5371 562 5520 Quium
587 5392 704 5460 eos,
736 5385 792 5432 et
831 5371 946 5519 Jnon
985 5377 1292 5442 inveniens,
1336 5377 1481 5429 viros
1527 5371 1764 5429 rebelles
1803 5379 1927 5429 tuos

566 5488 580 5502 .
609 5450 715 5504 vrri
745 5449 822 5504 tui
883 5467 895 5503 :

497 5451 580 5502 Al.
609 5449 715 5504 viri
745 5449 847 5519 tui]
883 5467 895 5503 :

403 5588 430 5616 ιι
455 5578 798 5650 Exemplaria
819 5577 1055 5634 Canonis
1075 5578 1356 5635 Hebraicm
1389 5577 1634 5632 veritatis
1656 5591 1776 5630 cum
1807 5575 1928 5631 aliis

327 5653 722 5706 vetustioribus
740 5665 871 5706 mss.
893 5651 1186 5705 Bibliorum
1214 5652 1315 5705 hoc
1334 5650 1494 5704 modo
1521 5652 1707 5718 legunt
1727 5664 1739 5701 :
1771 5656 1821 5702 et
1844 5665 1928 5700 ve-

331 5723 428 5778 luti
451 5723 776 5788 consumptio
807 5723 1028 5776 hominis
1057 5721 1294 5776 bellantis
1317 5724 1594 5774 adversum
1623 5728 1694 5786 te,
1729 5719 1822 5773 setl
1846 5735 1933 5772 er-

332 5812 424 5850 ror
447 5805 530 5850 est
550 5795 971 5862 exscriptorum,
999 5795 1073 5846 uti
1097 5793 1444 5848 manifestum
1468 5800 1694 5862 apparet
1725 5804 1766 5862 ei
1782 5799 1933 5862 textu

333 5865 628 5934 Ilebraico,
661 5859 823 5937 atque
851 5879 919 5922 ex
946 5864 1260 5935 Hieronymi
1287 5859 1727 5920 Commentariis.
1751 5860 1928 5916 Manr.

1490 323 1692 382 LIBER
1733 324 1940 386 ISAIE
1981 326 2394 388 PROPIIET/E.

1933 448 1986 508 A
2083 458 2243 504 erunt
2273 451 2425 519 quasi
2459 463 2564 504 non
2597 447 2704 504 sint
2737 467 2751 504 :

1937 4611 1990 4671 D

3504 334 3608 391 ειε

2081 529 2135 575 et
2163 518 2324 576 veluti
2361 521 2723 591 consumptio,
2758 520 3010 577 homines
3041 527 3066 556 α
3098 518 3368 575 bellantes
3398 519 3600 576 adver-

2084 605 2203 646 sum
2239 601 2311 648 te.

2010 661 2145 729 Quia
2168 679 2269 734 ego
2300 665 2558 720 Dominus
2589 665 2733 721 Deus
2765 672 2889 720 tuus
2919 661 3334 736 apprehendens
3372 679 3592 719 manum

2157 745 2324 800 tuam,

2081 805 2376 877 dicensque
2399 808 2493 864 tibi
2526 827 2540 864 :

2009 875 2088 933 Ne
2116 875 2328 946 timeas,

2082 965 2182 1020 ego
2203 950 2386 1021 adjuvi
2409 959 2484 1008 te.

2009 1019 2135 1074 Noli
2163 1019 2372 1090 timere,
2401 1023 2603 1080 vermis
2635 1021 2832 1090 Jacob,

2080 1095 2170 1162 qui
2205 1095 2408 1150 mortui
2437 1097 2571 1151 estis
2598 1110 2663 1150 ex
2689 1094 2856 1150 Israel
2892 1112 2906 1151 :

2011 1162 2126 1234 Ego
2153 1165 2441 1222 auxiliatus
2470 1183 2590 1223 sum
2633 1167 2733 1230 tui,
2772 1166 2903 1221 dicit
2951 1165 3218 1222 Dominus
3251 1182 3264 1220 :
3295 1173 3351 1221 et
3382 1163 3600 1221 redem-

2082 1245 2206 1305 ptor
2232 1245 2354 1294 tuus
2374 1251 2596 1294 sanctus
2623 1236 2790 1293 Israel
2823 1256 2834 1291 :

2011 1306 2122 1377 Ego
2153 1309 2307 1382 posui
2339 1320 2391 1365 te
2417 1311 2569 1380 quasi
2599 1308 2900 1382 plaustrum
2932 1309 3198 1366 triturans
3228 1322 3450 1377 novum,

2084 1379 2289 1434 habens
2309 1379 2485 1437 rostra
2508 1379 2775 1437 serrantia
2805 1399 2816 1435 :

1920 1506 1921 1509 η
2009 1449 2317 1507 Triturabis
2341 1463 2574 1519 montes,
2603 1461 2658 1507 et
2686 1455 3024 1509 comminues
3058 1471 3071 1508 :

2082 1531 2136 1577 et
2158 1523 2328 1578 colles
2345 1524 2502 1593 quasi
2535 1523 2813 1593 pulverem
2849 1539 3039 1593 pones.

2015 1591 2322 1648 Ventilabis
2345 1591 2460 1661 eos,
2491 1591 2760 1651 etventus
2790 1591 2962 1661 tollet,

2082 1672 2136 1719 et
2159 1667 2319 1719 turbo
2340 1667 2617 1736 diSperget
2638 1681 2732 1721 eos
2762 1686 2773 1721 :

2011 1734 2080 1790 Et
2111 1744 2166 1789 tu
2198 1737 2493 1792 exsultabis
2523 1734 2576 1791 in
2605 1737 2857 1808 Domino,

2082 1807 2134 1861 in
2169 1819 2356 1863 saneto
2384 1809 2548 1864 Israel
2573 1807 2864 1866 lmtabe‘ris.

2009 1877 2179 1952 Egeni
2210 1888 2266 1934 et
2296 1894 2561 1952 pauperes
2582 1891 2834 1952 qttzerunt
2865 1895 3056 1952 aquas,
3085 1889 3140 1936 et
3167 1893 3274 1935 non
3307 1884 3436 1934 sunt
3465 1893 3480 1933 :

2082 1950 2259 2018 lingua
2294 1966 2480 2006 eorum
2514 1950 2604 2005 siti
2626 1951 2794 2018 aruit,

2007 2019 2124 2090 Ego
2159 2024 2416 2076 Dominus
2445 2021 2726 2077 exaudiam
2757 2039 2874 2090 eos,

1987 2092 2150 2148 Deus
2172 2093 2335 2148 Israel
2358 2111 2462 2148 non
2483 2095 2853 2163 derelinquam
2877 2108 2996 2163 eos:

2007 2165 2263 2233 Aperiam
2297 2165 2346 2218 in
2379 2165 2586 2236 supinis
2615 2160 2845 2221 collibus
2875 2160 3125 2232 flumina,

2079 2242 2134 2287 et
2164 2236 2216 2290 in
2249 2236 2431 2292 medio
2457 2251 2772 2306 camporum
2800 2237 2977 2294 fontes
3013 2255 3025 2290 :

2007 2305 2215 2362 Pnnam
2241 2307 2516 2363 desertum
2552 2305 2604 2362 in
2639 2318 2831 2378 stagna
2855 2322 3142 2379 aquarum,

2079 2387 2133 2450 et
2163 2389 2364 2433 terram
2398 2379 2595 2450 inviam
2630 2379 2685 2450 in,
2716 2381 2860 2435 rivos
2891 2393 3177 2450 aquarum.

1915 2439 1918 2442 ’
2009 2448 2160 2503 Dabo
2192 2450 2246 2504 in
2277 2449 2569 2505 solitudine
2593 2449 2843 2517 cedrum,

2079 2527 2134 2574 et
2164 2521 2397 2593 spinam,
2431 2528 2486 2576 et
2509 2531 2767 2592 myrtum,
2797 2532 2851 2576 et
2881 2522 3086 2593 lignum
3113 2517 3270 2576 olivae
3300 2537 3315 2574 :

2007 2589 2212 2646 Ponam
2237 2591 2290 2646 in
2321 2593 2540 2648 deserto
2562 2589 2822 2658 abietem,

2081 2663 2308 2730 ulmum,
2341 2674 2393 2718 et
2421 2666 2619 2719 buxum
2652 2664 2814 2719 simul
2844 2683 2855 2718 :

2009 2731 2078 2788 Ut
2115 2734 2357 2818 videant,
2401 2746 2457 2791 et
2495 2735 2703 2805 sciant,
2735 2746 2792 2791 et
2833 2735 3153 2808 recogitent,
3189 2742 3246 2791 et
3285 2733 3591 2804 intelligant

2152 2815 2355 2875 pariter
2379 2848 2394 2873 ,

2078 2880 2201 2947 quia
2231 2894 2421 2933 manus
2450 2878 2660 2934 Domini
2693 2879 2819 2934 fecit
2847 2879 2972 2944 hoc,

2079 2956 2136 3002 et
2165 2961 2386 3004 sanctus
2414 2950 2578 3005 Israel
2604 2951 2805 3005 creavit
2825 2951 2980 3005 illud.

2007 3019 2183 3088 Prope
2210 3019 2369 3076 facile
2391 3021 2650 3090 judicium
2684 3034 2948 3088 ve5trum,
2974 3020 3104 3076 dicit
3128 3017 3388 3075 Dominus
3413 3035 3428 3075 :

2005 3090 2231 3158 All'erte,
2265 3092 2309 3146 si
2340 3092 2468 3162 quid
2496 3091 2638 3147 forte
2669 3093 2900 3158 habetis,
2931 3093 3066 3148 dixit
3094 3106 3188 3147 rex
3220 3090 3408 3147 .lacob.

2007 3163 2322 3230 Accedant,
2367 3172 2424 3218 et
2469 3165 2721 3219 nuntient
2765 3165 2920 3220 nobis
2965 3177 3320 3235 quaecumque
3362 3169 3592 3216 ventura

2149 3244 2275 3290 Sttnl.
2309 3253 2319 3286 :

2076 3305 2258 3376 priora
2285 3319 2407 3375 quae
2437 3306 2676 3372 fuerunt,
2715 3308 2961 3362 nuntiate
2992 3323 3009 3361 :

2009 3373 2097 3432 Et‘
2124 3373 2386 3446 ponemus
2436 3393 2533 3434 cor
2560 3388 2804 3434 nostrum
2833 3421 2848 3447 ,
2901 3390 2956 3434 et
3011 3377 3246 3434 sciemus
3297 3373 3592 3432 novissima

2147 3463 2333 3505 eorum
2355 3490 2369 3514 ,

2076 3526 2132 3574 et
2155 3535 2275 3590 quae
2306 3528 2532 3576 ventura
2561 3527 2709 3586 sunt,
2739 3521 2976 3577 indicate
3000 3519 3177 3577 nobis.

2007 3589 2342 3646 Annuittiate
2368 3606 2488 3661 quae
2511 3601 2738 3648 ventura
2768 3602 2896 3648 sunt
2925 3593 2978 3646 in
3006 3592 3265 3658 futurum,

2081 3671 2134 3716 et
2156 3663 2416 3728 sciemus,
2449 3664 2576 3733 quia
2606 3663 2682 3716 dii
2711 3665 2845 3719 estis
2873 3678 2991 3718 vos.

2007 3733 2394 3806 Benejquoque
2418 3732 2511 3789 aut
2541 3734 2704 3804 male,
2731 3736 2776 3790 si
2801 3735 3053 3806 potestis,
3088 3732 3272 3798 facite,

2079 3813 2135 3859 et
2157 3805 2460 3876 loquamur,
2491 3815 2545 3860 et
2566 3805 2845 3861 videamus
2869 3805 3052 3860 simul.

2008 3875 2173 3940 Ecce,
2199 3874 2296 3930 vos
2315 3881 2449 3932 estis
2479 3892 2546 3932 ex
2572 3878 2744 3932 nihilo
2767 3877 2876 3950 [ΑΙ.
2905 3892 3004 3950 pro
3033 3874 3231 3947 nihili],

2081 3957 2134 4001 et
2155 3963 2291 4018 epus
2319 3957 2561 4004 vestrum
2592 3963 2659 4004 ex
2686 3965 2752 4006 eo
2772 3949 2920 4018 quod
2948 3963 3057 4004 non
3087 3955 3172 4004 est
3195 3963 3210 4002 :

2008 4017 2353 4074 Abominatio
2380 4029 2466 4076 est

2082 4093 2172 4161 qui
2194 4091 2354 4161 elegit
2383 4106 2504 4147 vos.

2009 4161 2302 4219 Suscitavit
2332 4162 2400 4234 ab
2426 4163 2701 4234 aquilone,

2083 4243 2138 4288 et
2163 4235 2310 4307 venit
2330 4233 2439 4306 [Αι.
2464 4233 2668 4307 veniet]
2694 4234 2761 4290 ab
2780 4244 2905 4292 ortu
2931 4233 3068 4291 solis
3099 4248 3114 4286 :

2013 4304 2241 4361 Vocabit
2271 4304 2465 4362 nomen
2497 4304 2699 4372 meum,

2085 4386 2141 4434 et
2160 4375 2394 4449 adducet
2423 4377 2770 4448 magiSIratus
2796 4377 2954 4449 quasi
2981 4377 3179 4441 lutum,

2087 4458 2142 4503 et
2161 4447 2314 4504 velut
2337 4447 2542 4517 plastes
2570 4447 2899 4504 conculcans
2926 4448 3170 4515 humum.

2019 4519 2151 4586 Quis
2180 4519 2524 4574 annuntiavit
2549 4521 2615 4574 ab
2643 4519 2892 4586 exordio,
2925 4525 2987 4573 ut
3013 4517 3270 4586 sciamus,

2089 4601 2145 4646 et
2171 4607 2198 4643 τι
2232 4590 2519 4660 principio,
2554 4599 2613 4645 ut
2637 4585 2883 4646 dicamus
2905 4607 2919 4643 :
2942 4588 3125 4643 Justus
3149 4585 3243 4660 es}

2019 4661 2138 4717 Non
2168 4656 2251 4718 est
2282 4656 2456 4730 neque
2487 4656 2838 4727 annuntians,
2868 4674 3046 4729 neque
3077 4656 3404 4728 praedicens.

2093 4748 2268 4803 neque
2295 4732 2529 4803 audiens
2551 4748 2832 4788 sermones
2858 4741 3092 4803 vestros.

2021 4801 2235 4859 Primus
2263 4804 2330 4858 ad
2359 4802 2490 4858 Sion
2522 4804 2667 4859 dicet
2695 4824 2707 4858 :
2740 4805 2880 4860 Ecce
2906 4801 3123 4867 adsunt,

2094 4887 2152 4932 et
2175 4876 2481 4932 Jerusalem
2510 4875 2893 4947 evangelistam
2922 4872 3083 4929 dabo.

2024 4947 2094 5003 Et
2117 4950 2248 5015 vidi,
2276 4957 2331 5003 et
2357 4961 2465 5003 non
2495 4956 2614 5003 erat

2098 5008 2274 5090 neque
2304 5035 2372 5075 ex
2396 5020 2514 5075 istis
2543 5021 2852 5090 quisquam,
2871 5017 2962 5089 qui
2990 5017 3155 5090 iniret
3172 5008 3483 5077 consilium,

2101 5099 2156 5146 et
2186 5088 2546 5160 interrogatus
2561 5088 2936 5161 'responderet
2963 5088 3214 5144 verbum.

2029 5162 2173 5218 Ecce
2200 5179 2390 5219 omnes
2413 5165 2620 5232 injusti,
2645 5174 2699 5217 et
2725 5178 2861 5216 vana
2887 5175 3053 5232 Opera
3084 5171 3296 5224 eorum,

2103 5244 2298 5290 ventus
2320 5245 2372 5288 et
2402 5236 2560 5290 inane
2593 5235 2884 5290 simulacra
2914 5246 3126 5288 eorum.

2032 5305 2184 5380 [Cap.
2217 5305 2404 5376 XLII]
2427 5307 2454 5345 ι)
2483 5307 2621 5361 Ecce
2647 5298 3355 5380 servusmeus,suscipiam
3382 5310 3506 5352 cum
3534 5312 3545 5380 ς

2106 5373 2312 5433 electus
2341 5373 2516 5446 meus,
2557 5378 2885 5448 complacuit
2912 5376 3016 5430 sibi
3045 5375 3098 5430 in
3129 5373 3222 5427 illo
3259 5373 3438 5424 anima
3463 5379 3583 5422 mea
3607 5380 3621 5419 :

2033 5448 2169 5506 Dedi
2196 5449 2448 5520 spiritum
2479 5465 2660 5504 meum
2693 5464 2856 5519 super
2881 5462 3025 5514 eum,

2106 5577 2134 5617 ι)
2167 5579 2386 5636 Priores
2411 5582 2648 5651 quinque
2672 5579 2830 5650 hujus
2857 5578 3050 5648 capitis
3077 5574 3400 5651 versiculos,
3424 5586 3491 5628 eo
3523 5584 3630 5641 quo

2039 5650 2127 5705 hic
2152 5647 2626 5716 habentur-modo,
2673 5647 2757 5706 ex'
2781 5647 3010 5704 Hebraeo
3047 5664 3106 5703 se
3134 5647 3471 5704 convertisse
3498 5657 3632 5716 con~

2040 5724 2220 5777 tirmat
2247 5724 2305 5780 S.
2342 5726 2457 5792 ipse
2497 5712 2656 5778 Pater
2697 5724 2858 5792 epist.
2909 5722 2974 5776 ad
3017 5721 3319 5792 Algasiam,
3353 5724 3547 5787 quaest.
3574 5712 3636 5778 2,

2043 5804 2250 5851 tantum
2283 5795 2424 5866 quod
2449 5795 2521 5851 ibi
2552 5809 2678 5867 pttcr
2700 5793 2852 5865 legit,
2882 5807 2979 5864 pro
3006 5807 3206 5847 servus.
