4114 6364
524 361 629 423 819

595 480 865 556 judicium
889 483 1141 556 gentibus
1169 485 1426 556 proferet.

526 551 646 609 Nan
677 551 953 622 clamabit,
987 551 1414 626 neque—accipiet
1445 569 1753 625 personam,

605 641 706 682 nec
735 626 981 681 audietur
1011 643 1114 683 vox
1141 628 1258 696 ejus
1289 629 1438 685 foris.

529 695 810 752 Calamum
834 709 1143 766 quassntum
1174 695 1280 754 non
1309 708 1576 766 conteret,

603 779 656 824 et
682 768 850 842 linum
877 767 1140 842 fumigans
1170 787 1276 842 non
1309 771 1650 842 exstingttet:

528 837 587 895 In
619 840 848 910 veritate
878 837 1344 910 educetjudicium
1382 861 1393 894 :

602 926 711 965 non
739 909 841 964 erit
862 912 1052 978 tristis,
1083 909 1259 981 neque
1290 914 1653 979 turbulentus,

599 982 771 1036 donec
799 991 963 1055 ponat
989 984 1041 1036 in
1073 993 1213 1038 terra
1241 985 1500 1055 judicium
1531 1004 1542 1038 ε

603 1061 658 1108 et
685 1055 870 1128 legent
887 1053 1002 1128 ejus
1032 1055 1220 1128 insula:
1243 1053 1660 1128 exspectabunt.

528 1124 656 1180 Haac
682 1123 812 1178 dicit
840 1124 1100 1202 Dominus
1131 1127 1294 1194 Deus,
1314 1189 1327 1202 __
1346 1123 1363 1128 ⁷
1572 1199 1575 1202 _

598 1209 793 1250 creans
822 1197 1014 1265 caelos,
1049 1206 1104 1254 et
1130 1197 1434 1255 extendens
1462 1199 1607 1255 eos':

602 1265 825 1343 [imitans
854 1279 1073 1343 terram,
1106 1279 1161 1325 et
1181 1286 1301 1341 qua:
1324 1272 1626 1343 germinant
1652 1286 1718 1326 ex
1750 1285 1815 1326 ea
1847 1287 1862 1326 :

533 1337 678 1393 Dans
703 1337 886 1414 ﬂatum
916 1337 1257 1414 p0pulo,iq'ui
1292 1337 1376 1398 est
1402 1358 1567 1414 super
1591 1358 1734 1410 eam,

604 1417 662 1464 et
689 1410 910 1478 spiritus
930 1413 1263 1474 ealcautibus
1285 1429 1425 1470 eam.

542 1481 658 1552 Ego
687 1482 948 1556 Dominus
971 1484 1164 1539 vocavi
1187 1493 1238 1540 te
1265 1486 1315 1540 in
1346 1487 1574 1556 iustitia,
1713 1551 1715 1554 ,

604 1561 659 1626 et
688 1554 1020 1626 apprehendi
1042 1572 1258 1612 manum
1289 1565 1456 1626 tuam,
1487 1568 1541 1614 et
1561 1554 1771 1615 Servavi
1805 1564 1877 1611 te.

606 1623 829 1701 _Et_dedi
859 1635 909 1680 te
931 1627 984 1680 in
1016 1627 1190 1701 lfaadus
1215 1630 1420 1701 pepuli,

606 1694 659 1748 in
692 1696 866 1750 lucem
895 1700 1134 1766 gentium
1171 1718 1183 1751 :

534 1763 604 1820 Ut
625 1769 866 1836 aperires
887 1763 1072 1824 Oculos
1095 1785 1385 1839 enecorum,

613 1847 666 1892 et
695 1839 952 1896 educeres
982 1841 1050 1896 de
1080 1844 1433 1898 conclusione
1468 1844 1724 1906 vinctum,

607 1908 677 1964 de
698 1909 859 1964 domo
889 1915 1127 1969 carceris
1155 1915 1407 1970 sedentes
1439 1914 1491 1970 in
1524 1913 1786 1970 tenebris.

542 1978 658 2049 Ego
693 1982 968 2050 Dominus,
1002 1984 1102 2039 hoc
1129 1994 1429 2040 estnomen
1455 2001 1635 2042 meum
1671 2002 1686 2041 :

607 2051 833 2120 gloriam
864 2070 1037 2110 meam
1069 2057 1222 2112 alteri
1255 2074 1360 2112 non
1393 2057 1556 2124 dabo,

610 2133 666 2177 et
695 2123 917 2198 laudem
940 2143 1114 2182 meam
1143 2129 1506 2198 sculptilibus.

540 2194 674 2260 Quce
697 2195 865 2265 prima
897 2196 1130 2266 fuerunt,
1161 2194 1287 2255 ecce
1315 2211 1579 2256 venerunt
1607 2216 1620 2254 :

612 2282 746 2320 nova
772 2285 986 2339 quoque
1009 2286 1109 2340 ego
1134 2273 1397 2326 annuntio
1431 2290 1442 2324 :

612 2348 900 2408 antequam
932 2343 1198 2406 oriantur,
1232 2343 1411 2398 audita
1443 2341 1596 2398 vobis
1625 2340 1844 2397 faciam.

541 2407 1035 2488 Ca_ntate_Dom_ino
1062 2417 1330 2488 canticum
1363 2431 1586 2480 novum,

614 2479 728 2535 laus
750 2483 869 2549 ejus
896 2483 965 2538 ab
991 2488 1249 2541 extremis
1275 2483 1438 2541 terrae
1473 2504 1485 2538 ε

542 2551 642 2627 Qui
665 2553 994 2627 descenditis
1025 2555 1076 2610 in
1111 2573 1276 2623 mare,
1307 2567 1362 2612 et
1393 2553 1670 2627 plenitudo
1699 2557 1852 2627 ejus;

616 2623 823 2706 insula),
853 2638 906 2706 et
930 2623 1500 2706 habitatoresearum.
1725 2623 1747 2706 ξ
1778 2698 1789 2706 _
1859 2704 1865 2706 Α
1996 2694 2008 2706 α

540 2692 864 2772 Sublevetur
890 2697 909 2768 [1
934 2699 1014 2772 At.
1047 2700 1229 2772 levet]
1258 2700 1572 2772 desertum,
1611 2709 1666 2756 et
1690 2697 1936 2755 civitates
1962 2694 2080 2766 ejus
2113 2713 2125 2749 :

617 2766 669 2819 in
698 2766 950 2822 domibus
973 2766 1233 2825 habitabit
1263 2771 1470 2829 Cedar:

546 2835 786 2907 Laudate
819 2839 1148 2896 habitatores
1181 2843 1379 2907 Petrae,

615 2906 685 2962 de
716 2912 916 2964 vertice
940 2913 1202 2967 montium
1231 2906 1562 2970 clamabunt.

545 2977 754 3053 Poneut
786 2981 1016 3053 Domino
1043 2984 1294 3053 gloriam,

615 3049 906 3124 etlaudem
932 3049 1138 3124 ejus'in
1172 3049 1368 3111 insulis
1399 3054 1744 3112 nuntiabunt.

541 3119 804 3197 Dominus
820 3119 977 3197 rsicut'
995 3126 1146 3181 fortis
1173 3127 1507 3197 egredietur,

614 3192 750 3246 sicut
782 3196 861 3248 vir
887 3198 1161 3263 prazliator
1189 3192 1471 3255 suscitabit
1493 3192 1716 3256 'zelum:

542 3263 958 3332 Vociferabitur,
985 3279 1038 3323 et
1066 3270 1350 3326 clamabit:

617 3350 782 3406 super
811 3338 1059 3396 inimicos
1081 3357 1210 3396 suos
1235 3340 1650 3397 contortabitur.

544 3403 738 3484 Tacui,
761 3424 976 3481 semper
1006 3412 1152 3480 silui,
1189 3415 1398 3484 patiens
1422 3413 1522 3480 fui,

617 3479 999 3556 sicutpariens
1030 3479 1240 3556 loquar.

549 3549 856 3620 Dissipabo,
889 3564 943 3608 et
965 3549 1269 3612 absorbebo
1297 3555 1456 3612 simul
1480 3571 1493 3609 :

620 3621 870 3677 desertos
897 3623 1089 3680 iaciam
1120 3639 1355 3693 montes,
1388 3638 1443 3683 et
1461 3625 1654 3693 colles,

617 3703 674 3748 et
695 3707 856 3750 omne
878 3711 1094 3755 gramen
1123 3713 1308 3755 eorum
1332 3700 1646 3755 exsiccabo:

553 3760 620 3817 Et
643 3778 836 3832 ponam
861 3760 1084 3824 [lumina
1108 3768 1161 3826 in
1194 3771 1422 3839 insulas,

621 3843 677 3889 et
707 3847 893 3907 stagna
923 3842 1236 3898 arefaciam.

550 3905 620 3960 Et
645 3905 836 3984 ducam
865 3925 1039 3984 caecos
1068 3913 1120 3968 in
1168 3916 1332 3980 viam,
1360 3928 1518 3984 quam
1541 3911 1824 3984 nescium;

622 3987 677 4032 et
711 3978 1051 4056 in_semitis,
1094 4001 1228 4053 quas
1261 3978 1645 4056 ignoraverunt
1672 3979 1791 4055 [AL
1825 3982 2134 4053 ignorant],

690 4051 965 4108 ambulare
992 4051 1085 4112 e05
1109 4051 1304 4112 iaciam
1317 4073 1330 4110 :

618 4119 823 4176 Ponant
856 4127 1106 4182 tenebras
1135 4143 1317 4184 coram
1347 4129 1428 4184 eis
1454 4128 1507 4182 in
1540 4128 1740 4193 lucem,

619 4200 675 4246 et
705 4208 863 4262 prava
897 4199 952 4250 in
978 4208 1155 4256 recta:

549 4261 676 4318 llaec
702 4255 864 4322 verba
897 4267 999 4324 feci
1028 4255 1224 4338 eis,7et
1265 4285 1371 4326 non
1413 4267 1674 4339 dereliqui
1720 4255 1846 4324 eos:
1885 4266 2139 4324 conversi

617 4345 742 4408 sunt
765 4347 1092 4408 retrorsum;
1939 4391 1942 4394 .

548 4403 957 4484 Confungtantur
986 4403 1304 4468 confusione
1327 4411 1720 4484 quircouﬁdunt
1751 4411 1805 4466 in
1829 4409 2097 4483 sculptili,

619 4480 709 4548 qui
741 4479 926 4539 dicunt
950 4484 1244 4540 conﬂatili:
1273 4479 1384 4542 vos
1405 4483 1481 4540 dii
1507 4483 1699 4540 nostri.
1785 4499 1788 4502 '

545 4546 734 4616 Surdi,
767 4555 970 4619 audite,

617 4629 673 4692 et
694 4625 844 4692 cazci,
877 4626 1163 4684 intuemini
1188 4627 1255 4683 ad
1281 4626 1591 4684 videndum.

545 4688 679 4756 Quis
699 4688 896 4764 eiectis,
930 4699 1032 4752 nisi
1056 4715 1245 4754 servus
1275 4700 1461 4756 meus?

620 4773 675 4844 et
703 4769 920 4836 surdus,-
947 4770 1048 4844 nisi
1078 4770 1144 4826 ad
1167 4786 1329 4844 quem
1363 4769 1581 4844 nuntios
1610 4785 1761 4827 meos
1789 4767 1952 4827 misi?

545 4830 679 4899 Quis
707 4830 1030 4904 caecus,'nisi
1063 4830 1421 4900 venumdatus
1451 4842 1574 4899 est?

615 4909 809 4987 etquis
833 4927 1032 4987 caecus,
1061 4913 1163 4971 nisi
1185 4931 1374 4973 servus
1409 4912 1658 4970 Domini?

540 4974 644 5041 Qui
661 4974 812 5037 vides
837 4974 1024 5051 multa,

617 5064 795 5130 nonne
820 5057 1138 5130 custodies?

545 5119 643 5186 Qui
669 5135 878 5192 apertas
903 5127 1068 5184 habes
1097 5143 1280 5196 aures,

614 5207 795 5252 nonne
819 5198 1048 5255 audies?

542 5259 614 5315 Et
643 5264 902 5326 Dominus
929 5271 1120 5338 voluit,
1150 5280 1205 5326 ut
1232 5267 1593 5324 sanctiﬁcaret
1613 5285 1761 5337 cum,

613 5347 666 5390 et
693 5342 1061 5409 magniticaret
1093 5344 1284 5411 legem,
1311 5350 1367 5396 et
1386 5342 1692 5398 extolleret.

539 5401 661 5482 Ipse
691 5401 870 5466 autém
902 5415 1128 5482 populus
1145 5401 1412 5482 direptus,
1442 5423 1496 5468 et
1527 5422 1803 5470 vastatus:

611 5476 835 5550 laqueus
859 5476 1114 5553 jtivenum
1138 5476 1346 5539 omnes.

609 5560 667 5606 et
688 5553 740 5606 in
774 5555 1019 5608 domibus
1040 5569 1320 5610 carcerum
1349 5556 1649 5613 absconditi
1676 5564 1832 5614 sunt:

535 5625 684 5682 Facti
713 5633 841 5679 sunt
869 5625 921 5679 in
949 5627 1218 5695 rapinam,

605 5711 706 5753 nec
726 5706 810 5752 est
830 5698 922 5768 qui
948 5707 1133 5754 eruat:

603 5769 657 5822 in
692 5767 1078 5836 direptionem,

605 5847 661 5892 et
691 5852 796 5891 non
828 5849 911 5893 est
933 5843 1019 5908 qui
1045 5841 1218 5896 dicat:
1253 5841 1476 5900 Redde:

527 5908 662 5982 Quis
687 5918 771 5965 est
798 5909 856 5965 in
881 5911 1032 5968 vobis
1059 5914 1151 5988 qui
1176 5913 1361 5971 audiat
1386 5913 1514 5982 hoc,

1531 368 1589 425 S.
1633 364 2016 424 lllERONYMl
2057 363 2292 423 DIVINA
2333 363 2814 424 BlBLlOTllECA.

2144 485 2199 544 Α

2164 4673 2220 4734 D

3714 359 3822 419 8’20

2296 483 2559 550 attendat,
2593 492 2646 538 et
2673 479 2940 537 auscultet
2968 478 3189 534 futura?

2223 553 2355 622 Quis
2381 555 2525 610 dedit
2558 557 2608 608 in
2631 553 2992 620 direptionem
3016 551 3210 618 Jacob,

2293 638 2346 682 et
2376 627 2543 681 Israel
2569 623 2950 680 vastantibus?

2221 695 2410 754 Nonne
2438 698 2724 760 Dominus,
2917 745 2919 750 λ

2296 771 2430 839 ipse,
2468 769 2551 823 cui
2577 766 2955 839 peccavimus?

2221 841 2286 896 Et
2317 837 2605 897 noluerunt
2628 841 2797 895 inviis
2824 840 2939 908 ejus
2965 837 3268 904 ambulare,

2293 923 2347 967 et
2377 912 2796 992 nonaudierunt
2828 912 2999 992 legem
3033 910 3172 992 ejus.
3345 979 3365 992 ⁸
3497 980 3510 992 ⁹
3642 981 3654 992 .

2238 984 2308 1039 Ει
2331 984 2521 1040 ρπιιάἱι
2547 999 2709 1050 super
2738 998 2860 1038 eum
2888 979 3316 1052 indignationem
3341 979 3542 1037 furoris
3571 981 3679 1050 sui,

2295 1055 2807 1135 ett'ortebelluma
2907 1128 2920 1135 _
3026 1128 3036 1135 _
3205 1133 3212 1135 Α
3601 1123 3613 1135 ,

2224 1127 2292 1182 Ει
2317 1126 2610 1182 combussit
2637 1142 2760 1181 eum
2793 1126 2846 1180 in
2873 1128 3132 1190 circuitu,
3165 1133 3220 1179 et
3247 1135 3352 1179 non
3383 1126 3677 1196 cognovit:

2295 1208 2352 1252 et
2380 1199 2659 1254 succendit
2685 1213 2832 1266 eum,
2863 1209 3046 1254 etnon
3078 1197 3368 1253 intellexit.

2225 1268 2372 1342 [ϐαρ.
2404 1270 2704 1342 XLIII.]7Et
2732 1286 2875 1326 nunc
2896 1271 3012 1326 hnc
3043 1267 3177 1324 dicit
3197 1267 3468 1326 Dominus

2301 1341 2494 1398 creans
2518 1341 2802 1408 te,”.|acob,

2296 1423 2350 1468 et
2375 1413 2619 1469 formans
2647 1423 2721 1479 te,
2745 1413 2942 1469 Israel:

2225 1483 2342 1540 Noli
2376 1485 2586 1544 timere.
2611 1487 2735 1554 quia
2759 1485 2966 1540 redemi
3005 1494 3079 1549 te,

2297 1564 2352 1610 et
2377 1556 2562 1612 vocavi
2588 1555 2695 1628 [ΑΙ.
2723 1557 2848 1611 add.
2878 1556 2966 1628 te]
2994 1556 3217 1613 nomine
3245 1567 3373 1613 tuo:
3404 1570 3558 1612 meus
3584 1570 3645 1611 es
3676 1565 3757 1622 tu.

2227 1627 2360 1683 Cum
2393 1627 2678 1700 transieris
2705 1644 2798 1698 per
2818 1627 3007 1700 aquas,
3041 1637 3222 1685 tecum
3251 1645 3370 1696 ero,

2300 1708 2356 1755 et
2393 1698 2610 1753 ﬂumina
2642 1715 2748 1754 non
2775 1698 3024 1770 operient
3054 1711 3138 1759 te:

2228 1770 2362 1825 Cum
2388 1771 2750 1825 ambulaveris
2784 1773 2833 1826 in
2862 1773 3002 1840 igne,
3041 1789 3143 1828 non
3169 1771 3534 1840 eombureris,

2304 1849 2359 1895 et
2385 1842 2600 1896 ﬂamma
2629 1858 2734 1898 non
2757 1844 2967 1898 ardebit
2990 1844 3042 1897 in
3079 1853 3162 1901 te:

2151 1886 2201 1946 Β
2227 1913 2363 1982 Quia
2383 1928 2483 1984 ego
2508 1913 2768 1968 Dominus
2797 1915 2939 1969 Deus
2969 1925 3090 1969 tuus

2299 1995 2521 2040 sanctus
2555 1986 2735 2048 Israel,
2768 1988 3008 2040 salvator
3031 1995 3186 2052 tuus;

2226 2056 2363 2130 Ded_i
2391 2057 2829 2130 propinationem
2863 2068 3006 2112 tuam
3048 2058 3368 2130 Egyptum,

2297 2126 2632 2196 [Ethiopian]
2661 2140 2716 2183 et
2741 2129 2886 2184 Saba
2915 2145 3008 2196 pro
3041 2126 3170 2185 te."
3195 2126 3204 2129 ⁷
3356 2126 3360 2127 ί
3723 2195 3726 2197 Α

2227 2199 2308 2254 Ex
2339 2215 2446 2282 quo
2479 2198 2806 2255 honorabilis
2838 2200 3010 2256 factus
3032 2217 3092 2258 es
3118 2201 3173 2257 in
3214 2201 3388 2260 oculis
3419 2200 3578 2271 meis,
3607 2209 3663 2258 et
3715 2199 3830 2272 glo-

2375 2285 2555 2325 l'lOSllS
2580 2287 2594 2326 Ξ

2301 2357 2402 2412 ego
2422 2342 2586 2397 dilexi
2615 2352 2700 2397 te:

2229 2413 2299 2470 Et
2326 2414 2466 2468 dabo
2495 2413 2744 2469 homines
2777 2430 2874 2485 pro
2904 2427 2978 2483 te,

2303 2495 2357 2538 et
2381 2488 2612 2555 populos
2640 2501 2738 2556 pro
2769 2489 2947 2543 anima
2980 2496 3094 2542 tua.

2230 2555 2352 2612 Noli
2380 2559 2592 2623 timere,
2634 2555 2755 2628 quia
2787 2570 2966 2615 tecum
2997 2575 3098 2628 ego
3119 2574 3262 2614 sum.

2231 2628 2316 2685 Ab
2341 2627 2550 2684 oriente
2571 2627 2831 2684 adducam
2866 2627 3054 2686 semen
3089 2641 3263 2698 tuum,

2303 2699 2446 2754 etab
2472 2701 2765 2774 occidente
2784 2703 3122 2774 congregabo
3151 2713 3224 2758 te.

2235 2770 2419 2826 Dicam
2443 2774 2709 2841 aquiloni:
2742 2773 2854 2828 Da:

2307 2849 2361 2914 et
2389 2855 2608 2898 austro:
2642 2843 2761 2898 Noli
2792 2845 3124 2914 prohibere:

2235 2911 2386 2968 Ααυτ
2401 2914 2550 2988 11ξί08
2573 2930 2723 2978 meos
2745 2911 2814 2988 de
2848 2918 3164 2988 longinquo,

2308 2993 2363 3038 et
2392 2985 2530 3040 tilias
2557 3002 2702 3042 meas
2729 2987 2798 3041 ab
2822 2985 3084 3044 extremis
3113 3000 3307 3054 terrm;

2309 3065 2370 3129 et
2405 3071 2646 3125 omnem,
2679 3059 2767 3129 qui
2795 3059 3006 3114 invocat
3036 3076 3234 3115 nomen
3263 3074 3467 3116 meum.

2238 3124 2294 3180 la
2326 3127 2550 3196 gloriam
2583 3124 2758 3184 meam
2779 3132 2959 3188 creavi
2988 3147 3136 3198 eum,

2311 3198 2534 3254 formavi
2564 3216 2709 3267 eum,
2739 3211 2795 3255 et
2831 3203 2928 3258 feci
2955 3219 3107 3259 eum.

2162 3279 2210 3344 ρ
2241 3267 2390 3324 Educ
2414 3270 2556 3344 foras
2588 3274 2842 3343 p0pulum
2871 3291 3097 3342 ealcum,
3131 3273 3390 3331 etoculos
3419 3272 3736 3343 habentem,

2311 3342 2556 3407 surdum,
2587 3355 2640 3398 et
2663 3342 2829 3400 aures
2851 3347 2899 3400 ei
2924 3356 3070 3406 sunt.

2241 3411 2442 3468 Omnes
2470 3425 2658 3488 gentes
2691 3428 3031 3488 congregatas
3059 3417 3392 3486 suntsimul,

2315 3494 2370 3538 et
2395 3486 2642 3541 collectae
2675 3486 3032 3544 sunt’trihns:

2241 3554 2375 3621 Quis
2397 3555 2451 3611 in
2475 3557 2626 3612 vobis
2653 3559 2937 3616 annnntiet
2968 3559 3134 3627 istud,

2313 3635 2369 3682 et
2395 3643 2516 3698 (pta:
2547 3629 2716 3698 prima
2740 3642 2887 3698 sunt,
2923 3633 3108 3689 audire
3140 3647 3239 3688 nos
3265 3631 3471 3689 faciet?

2243 3697 2381 3754 Dent
2410 3697 2575 3774 testes
2603 3716 2811 3766 eorum,
2847 3697 2898 3758 et
2923 3703 3306 3774 justiﬁcentur,

2313 3780 2367 3825 et
2389 3771 2629 3836 audiant,
2653 3785 2704 3829 et
2726 3771 2943 3830 dicant:
2988 3775 3148 3844 Vere,

2242 3839 2351 3897 Vos
2383 3851 2554 3899 testes
2583 3847 2714 3911 mei,
2756 3846 2884 3901 dicit
2907 3839 3192 3912 Dominus,

2313 3921 2368 3968 et
2397 3929 2585 3990 servus
2607 3931 2779 3986 meus,
2810 3934 2968 3987 quem
2993 3919 3163 3990 elegi:

2243 3982 2314 4040 Ut
2335 3985 2539 4058 sciatis,
2571 3995 2628 4042 et
2652 3982 2883 4044 credatis
2911 3991 3062 4058 mihi,

2313 4065 2368 4109 et
2397 4057 2726 4128 intelligatis,
2755 4061 2876 4132 quia
2907 4078 3008 4132 ego
3038 4057 3150 4131 ipse
3177 4076 3318 4115 sum.

2242 4127 2384 4182 Ante
2413 4143 2500 4182 me
2530 4127 2638 4185 nun
2671 4141 2753 4186 est
2775 4127 3241 4200 ’t‘ormatus'Deus,

2313 4206 2369 4253 et
2397 4211 2519 4268 post
2552 4218 2638 4257 tne
2667 4219 2770 4258 non
2802 4205 2928 4259 erit.

2244 4269 2356 4339 Ego
2381 4286 2521 4335 sum,
2551 4288 2652 4343 ego
2682 4291 2798 4328 sunt
2842 4275 3125 4329 Dominus.

2313 4351 2368 4396 et
2397 4356 2501 4397 non
2532 4356 2614 4399 est
2645 4345 2848 4415 absque
2871 4363 2955 4399 me
2983 4348 3241 4402 salvator.

2242 4411 2357 4482 Ego
2379 4415 2713 4482 annuntiavi,
2736 4411 2788 4473 et
2814 4417 3054 4472 salvavi:

2313 4485 2557 4540 auditttm
2583 4488 2708 4553 feci,

2313 4565 2368 4612 et
2390 4573 2495 4612 non
2529 4558 2626 4613 fuit
2653 4561 2704 4616 in
2737 4559 2890 4614 vobis
2913 4560 3154 4614 alienus:

2241 4626 2352 4683 Vos
2381 4637 2546 4685 testes
2572 4632 2700 4699 mei,
2730 4631 2860 4688 dicit
2887 4631 3172 4698 Dominus,

2311 4710 2495 4772 etego
2520 4702 2681 4758 Deus.

2242 4769 2311 4825 Et
2335 4771 2402 4827 ab
2433 4769 2585 4828 initio
2613 4790 2713 4845 ego
2742 4775 2876 4846 ipse,

2313 4851 2364 4897 et
2393 4859 2499 4898 non
2526 4854 2610 4900 est
2637 4847 2729 4916 qui
2759 4847 2830 4902 de
2858 4861 3022 4903 manu
3052 4860 3171 4902 mea
3202 4855 3361 4902 eruat
3387 4863 3398 4898 :

2241 4912 2540 4984 Operabor,

2313 4995 2369 5040 et
2395 4988 2513 5056 quis
2534 4997 2740 5043 avertet
2767 4989 2938 5046 illud?

2243 5055 2368 5112 11ωο
2395 5055 2524 5114 dicit
2551 5060 2811 5133 Dominus
2831 5061 3147 5133 redemptor
3177 5070 3374 5127 vester,

2313 5139 2532 5186 sanctus
2560 5131 2718 5188 lsrael
2742 5152 2753 5186 :

2238 5198 2470 5286 Propter
2506 5218 2601 5258 vos
2646 5205 2767 5259 misi
2798 5205 2851 5261 in
2882 5205 3238 5278 Babylonem,
3279 5212 3335 5261 et
3374 5202 3584 5260 detraxi
3639 5213 3829 5258 vectes

2381 5289 2684 5342 universos,

2307 5353 2363 5402 et
2373 5343 2672 5421 _Chal_daeos
2695 5348 2744 5402 in
2778 5350 3008 5406 navibus
3033 5348 3146 5406 suis
3175 5348 3496 5421 gloriantes.

2227 5414 2342 5487 Ego
2370 5417 2628 5489 Dominus
2659 5429 2880 5476 Sanctus
2909 5431 3112 5489 vester,

2305 5488 2686 5570 creanslsrlacl
2719 5507 2814 5570 rex
2845 5505 3057 5570 vester._
3114 5563 3145 5570 __
3204 5564 3214 5570 _
3421 5562 3432 5570 _
3517 5563 3527 5570 _
3714 5559 3768 5570 Α.

2233 5557 2361 5615 Haec
2406 5560 2535 5634 dicit
2581 5563 2866 5629 Dominus,
2908 5565 2999 5634 qui
3025 5563 3175 5620 dedit
3204 5564 3257 5618 in
3301 5562 3436 5619 mari
3479 5563 3644 5629 viam,
3676 5559 3810 5616 etin

2377 5632 2530 5700 aquis
2563 5635 2890 5690 torrentibus
2913 5632 3184 5691 semitam.

2231 5701 2332 5771 Qui
2362 5702 2548 5758 eduxit
2568 5706 2883 5778 quadrigam
2908 5717 2964 5762 et
2991 5722 3216 5778 equum,

2302 5789 2495 5844 agmen
2524 5784 2579 5830 et
2607 5777 2886 5831 robustum
2914 5797 2926 5831 :

2299 5847 2914 5919 simulobdormierunt,
2945 5865 3044 5906 nec
3071 5858 3392 5919 resurgant:

2301 5915 2521 5975 contriti
2550 5929 2677 5974 sunt
2705 5921 2862 5993 quasi
2885 5922 3077 5992 linum,
3110 5931 3167 5979 et
3190 5915 3442 5979 εἰς»ιὶηοιὶ
3461 5930 3604 5977 sunt.
