4114 6364
277 308 408 368 823

365 437 433 486 et
469 444 643 502 usque
673 428 737 485 ad
767 441 936 502 canos
965 441 1063 498 ego
1087 427 1318 501 portabo
1354 447 1367 484 :

281 501 417 573 Ego
453 501 583 569 feci,
615 511 668 557 et
693 516 795 573 ego
819 501 987 556 feram
1014 519 1028 555 :

365 589 490 644 ego
519 575 764 642 portabo,
795 583 848 628 et
877 573 1116 644 salvabo.

281 643 396 700 Cui
418 643 772 702 assimilastis
795 660 899 712 me,
928 654 980 699 et
998 643 1341 716 adzequastis,

365 728 430 772 et
461 718 821 786 comparastis
852 731 956 782 me,
992 725 1044 772 et
1073 713 1277 771 fecistis
1303 713 1573 771 similem?

283 788 400 854 Qui
437 789 705 844 cenfertis
734 803 922 842 aurum
959 787 1027 842 de
1056 787 1290 854 sacculo,

366 867 435 915 et
464 870 748 931 argentum
777 868 975 915 statera
1001 859 1345 931 ponderatis;

285 929 694 987 Conducentes
721 929 1018 995 auriﬁcem,
1053 940 1106 984 ut
1135 930 1294 986 faciat
1315 929 1506 995 deum;

367 1011 434 1057 et
471 1004 779 1073 procidunt,
811 1012 865 1058 et
891 1001 1139 1057 adorant.

283 1072 544 1129 Portant
573 1075 724 1130 illum
750 1076 800 1130 in
836 1074 1072 1130 humeris
1091 1080 1386 1143 gestantes,

365 1156 430 1200 et
457 1157 721 1216 ponentes
752 1146 808 1200 in
831 1147 951 1200 loco
976 1160 1075 1198 suo
1108 1162 1121 1198 :
1313 1165 1317 1168 λ

283 1215 359 1270 Ει
397 1214 594 1285 stabit,
626 1231 689 1272 ac
717 1217 785 1273 de
814 1218 936 1273 loco
963 1231 1062 1270 suo
1088 1229 1192 1270 non
1224 1214 1551 1270 movebitur.

285 1287 410 1344 Sed
436 1299 496 1344 et
521 1305 642 1344 cum
669 1287 1021 1344 clamaverint
1048 1288 1115 1342 ad
1142 1302 1287 1352 eum,
1322 1303 1427 1341 non
1455 1285 1639 1342 audiet
1667 1302 1682 1342 :

368 1361 448 1414 de
475 1361 820 1416 tribulatione
845 1375 950 1415 non
982 1358 1210 1414 salvabit
1239 1373 1354 1413 eos.

285 1430 639 1487 Mementote
670 1433 833 1491 istud.
860 1441 911 1486 et
939 1441 966 1468 ει
991 1429 1396 1485 confundamini
1425 1445 1439 1483 :

367 1503 578 1568 redite,
607 1505 1074 1573 prtevaricatores,
1107 1501 1175 1556 ad
1197 1516 1314 1556 cor.

287 1572 689 1630 Recordantini
718 1576 911 1644 prioris
940 1573 1147 1639 seculi,

367 1647 632 1715 quoniam
661 1641 763 1715 ego
795 1661 911 1701 sum
943 1647 1102 1711 Deus,
1127 1653 1182 1701 et
1211 1657 1318 1700 non
1349 1651 1432 1699 est
1462 1643 1600 1698 ultra
1630 1641 1796 1712 Deus,

368 1732 482 1773 nec
507 1728 592 1771 est
613 1719 804 1772 similis
834 1717 940 1772 mei
966 1733 978 1770 :

287 1790 652 1844 Annuntians
682 1791 748 1844 ab
777 1787 1000 1844 exordio
1030 1786 1409 1850 novissimum,

367 1868 432 1915 ct
455 1861 522 1914 ab
545 1860 699 1915 initio
721 1877 840 1931 quae
871 1860 1104 1916 necdum
1128 1858 1264 1914 facta
1295 1865 1442 1924 sunt,
1471 1856 1658 1914 dicens
1692 1874 1704 1910 :

287 1931 603 1986 Consilium
632 1947 814 1988 meum
846 1931 1032 1996 stabit,

366 2014 431 2058 et
454 2003 630 2058 omnis
658 2003 905 2059 voluntas
927 2018 1045 2057 mea
1069 1999 1162 2056 ﬁet
1190 2016 1203 2054 :

290 2073 519 2130 Vocans
546 2075 616 2129 ab
638 2076 850 2131 oriente
874 2090 1056 2140 avem,

370 2146 525 2201 etde
549 2155 690 2201 terra
715 2147 1006 2218 longinqua
1034 2144 1209 2218 virum
1221 2142 1534 2218 voluntatis
1562 2157 1718 2200 meas.

290 2216 368 2271 Et
402 2218 620 2272 locutus
649 2234 792 2284 sum,
813 2214 881 2274 'et
907 2214 1168 2271 adducam
1198 2214 1333 2270 illud
1366 2233 1380 2270 :

369 2291 585 2354 creavi,
619 2297 674 2343 et
703 2288 892 2344 faciam
918 2288 1072 2344 illud.

295 2360 510 2416 Audite
539 2376 625 2415 me
649 2361 788 2416 duro
817 2360 1004 2424 corde,

369 2432 469 2502 qui
493 2432 651 2502 longe
671 2433 806 2488 estis
829 2447 856 2485 a
884 2430 1120 2502 justitia.

291 2499 484 2573 Prope
509 2499 606 2558 feci
631 2499 899 2574 justitiam
918 2517 1136 2574 meam:
1169 2517 1273 2556 non
1295 2499 1654 2574 elongabitur,

368 2583 430 2629 et
454 2575 604 2629 Salus
631 2573 750 2630 mea
776 2592 883 2630 non
913 2573 1234 2630 morabitur.

295 2645 457 2701 Dabo
489 2647 541 2699 in
569 2646 700 2701 Sion
729 2647 962 2701 salutem
988 2691 1001 2714 ,

365 2727 425 2771 et
455 2717 512 2771 in
541 2719 704 2773 Israel
737 2719 1170 2788 gloriamrmeam
1199 2734 1211 2770 :

293 2786 718 2863 [Cap._XL\_tlI.]
746 2786 1045 2863 Descende.
1087 2789 1217 2863 sedc
1244 2786 1300 2844 in
1330 2787 1576 2860 pulvere,
1606 2787 1762 2860 virgo
1795 2789 1901 2845 filia

451 2860 720 2933 Babylon,
746 2861 874 2916 sede
898 2861 953 2933 in
978 2860 1164 2933 terra:

370 2946 488 2985 non
514 2930 598 2987 est
639 2933 832 2987 solium
868 2932 990 2986 tiliae
1017 2930 1422 2993 Chaldzeorum.

368 3005 502 3072 quia
537 3003 683 3058 ultra
713 3019 823 3059 non
853 3003 1135 3058 vocaberis
1161 3002 1344 3060 mollis
1369 3013 1426 3059 et
1456 3010 1663 3062 tenera.

292 3072 458 3129 Tolle
489 3076 708 3140 molam,
736 3084 792 3130 et
815 3075 960 3129 mole
990 3073 1221 3128 farinam
1252 3091 1266 3130 :

371 3145 592 3200 denuda
623 3145 1011 3215 turpitudinem
1035 3154 1214 3215 tuam,

366 3217 680 3288 discooperi
713 3217 1025 3285 humerum,

368 3287 742 3344 revela'crura
759 3329 776 3354 ,

368 3363 544 3415 transi
593 3359 816 3416 flumina
845 3377 858 3414 :

291 3429 656 3487 Revelahitur
686 3430 980 3504 ignominia
1005 3439 1117 3497 tua,

366 3510 426 3576 et
450 3503 725 3576 videbitur
753 3504 1105 3576 opprobrium
1136 3510 1287 3557 tuum
1317 3520 1330 3558 :

291 3572 580 3630 Ultionem
602 3572 833 3645 capiam,

368 3657 430 3700 et
460 3663 568 3701 non
605 3649 826 3702 resistet
866 3646 997 3701 mihi
1029 3646 1216 3701 homo.

292 3715 682 3788 Redemptorb
728 3726 934 3782 noster,
967 3719 1233 3773 Dominus
1277 3717 1646 3786 exercituum,
1696 3715 1896 3772 nomen

444 3790 613 3857 illius,
655 3797 877 3845 sanctus
910 3789 1101 3845 Israel.

290 3859 442 3916 Sede
469 3870 672 3930 tacens,
701 3872 757 3917 et
814 3861 953 3916 intra
1005 3862 1058 3915 in
1109 3860 1389 3927 tenebras,
1455 3859 1562 3915 filia
1611 3858 1896 3916 Chaldaaoo

441 3949 558 3988 rum
589 3952 600 3986 ε

366 4004 496 4074 quia
525 4020 632 4060 non
657 4003 940 4060 vocaberis
967 4003 1107 4058 ultra
1137 4002 1355 4057 domina
1392 4016 1714 4072 regnorum.

296 4074 480 4129 Iratus
504 4091 622 4131 sum
654 4091 820 4142 super
840 4077 1096 4146 p0pulum
1121 4089 1324 4141 meum,
1622 4104 1624 4106 τ

288 4146 676 4203 Contaminavi
713 4147 1094 4204 haereditatem
1128 4161 1326 4214 meam,

367 4228 427 4272 et
458 4221 582 4275 dedi
607 4235 704 4276 eos
732 4221 784 4274 in
820 4235 981 4274 manu
1011 4231 1096 4272 tua
1131 4237 1142 4271 :

367 4306 476 4345 non
509 4293 736 4361 posuisti
763 4293 843 4346 eis
865 4289 1272 4346 misericordias
1303 4305 1318 4344 :

294 4351 696 4434 Super$enem
725 4363 1033 4433 aggravain
1072 4362 1263 4433 jugum
1295 4375 1460 4416 unum
1505 4351 1685 4422 valde,
1718 4368 1774 4418 et
1812 4360 1896 4417 di-

439 4437 565 4489 xisti
599 4453 610 4486 ε

367 4503 428 4558 In
459 4505 849 4575 sempiternum
879 4519 994 4571 ero,
1020 4503 1239 4558 domina
1274 4523 1287 4558 :

291 4574 413 4629 Non
447 4574 672 4644 posuisti
715 4579 832 4631 hazc
859 4592 1024 4646 super
1051 4590 1148 4628 cor
1178 4585 1352 4640 tuum,

366 4663 543 4716 neque
571 4648 854 4701 recordata
883 4664 943 4700 es
970 4647 1254 4701 novissimi
1287 4647 1384 4701 tui.

292 4717 365 4772 Et
389 4732 531 4771 nunc
561 4719 684 4771 audi
718 4718 833 4772 haec
856 4717 1119 4784 delicata,

375 4798 428 4841 et
461 4786 711 4843 habitans
738 4789 1096 4850 confidenter,

289 4860 428 4927 Quae
452 4859 588 4915 dicis
618 4861 670 4914 in
701 4861 866 4915 corde
897 4868 988 4913 tuo
1019 4878 1030 4910 :
1061 4858 1172 4928 Ego
1202 4873 1345 4925 sum,

367 4939 427 4986 et
453 4948 560 4984 non
589 4941 674 4986 est
705 4940 901 5002 praeter
929 4945 1016 4986 tne
1044 4930 1273 5000 amplius
1303 4947 1316 4982 :

292 5003 412 5058 Non
441 5004 646 5058 sedebo
679 5004 858 5066 vidua,

367 5086 420 5130 et
452 5075 715 5145 ignorabo
740 5073 1112 5129 sterilitatem.

277 5142 528 5203 "Venieut
559 5149 651 5200 tibi
677 5148 786 5201 duo
815 5147 931 5201 haec
963 5145 1142 5200 subito
1169 5143 1221 5198 in
1252 5142 1343 5198 die
1381 5157 1511 5210 una,
1545 5143 1809 5200 Stetititas
1832 5153 1887 5202 et

438 5219 693 5272 viduitas.
1236 5219 1238 5221 ’

295 5288 554 5346 Universa
580 5297 843 5346 venerunt
869 5304 1032 5358 super
1051 5342 1053 5344 .
1071 5299 1144 5356 te,

368 5373 588 5431 prepter
611 5361 1010 5416 multitudinem
1047 5358 1434 5416 maleficiorum
1461 5368 1708 5424 tuorum,
1788 5367 1789 5370 ‘

364 5443 418 5486 et
447 5430 669 5502 promer
700 5433 974 5506 duritiam
1029 5434 1426 5506 incantatorum
1459 5438 1673 5486 tuorum
1723 5430 1887 5488 vehe-

437 5515 670 5560 mentem
699 5503 806 5576 [Αι.
837 5503 1230 5576 vehementer].

295 5572 363 5629 Et
386 5573 636 5632 fiduciam
661 5572 897 5631 habuisti
924 5578 976 5630 in
1015 5572 1218 5631 malitia
1252 5585 1361 5641 tua,
1391 5582 1448 5630 et
1474 5573 1666 5629 dixisti
1695 5591 1708 5627 :

367 5718 390 5746 α
414 5710 659 5784 Rescribi
675 5712 856 5766 malim
883 5712 1198 5784 fundamini,
1223 5710 1676 5784 quemadmodum
1697 5711 1812 5780 ipse
1837 5710 1889 5780 in

292 5783 680 5924 e??in;entario
710 5785 837 5853 legit
866 5782 923 5840 S.
954 5785 1115 5842 Pater
1131 5784 1278 5854 juxta
1306 5782 1590 5841 Hebraeum
1621 5792 1892 5844 ἐωδεητῆ

294 5869 318 5906 ε
386 5870 438 5909 ο··
468 5870 519 5908 cs
546 5864 723 5909 estote.

294 5864 338 5906 et
365 5864 519 5909 Io'tcs
546 5864 723 5909 estote.

1493 311 1698 372 LIBER
1734 314 1940 375 lSAUE
1974 314 2394 374 ΡΒΟΡῐιΕτλΕ.

1921 4634 1977 4694 Ι)

3498 313 3610 373 89.6

1937 434 1990 494 Λ
2088 430 2202 486 Νοη
2235 439 2318 486 est
2345 431 2438 502 qui
2471 428 2650 486 videat
2679 443 2790 502 me.

1920 488 1990 525 "ﬂ
2016 502 2291 575 Sapientia
2322 488 2408 558 Ida
2442 512 2498 558 et
2522 501 2745 558 scientia
2777 507 2867 555 tua
2909 497 3029 556 haec
3071 488 3284 570 decepit
3306 498 3416 572 [AL
3447 498 3606 557 dece-

2161 585 2355 646 perunt
2385 575 2402 646 ]
2433 582 2506 629 te.

2013 647 2080 702 Et
2102 646 2281 701 dixisti
2312 645 2366 700 in
2393 644 2565 702 corde
2593 653 2724 700 tuo:
2762 644 2874 714 Ego
2913 658 3059 709 sum,

2083 727 2138 773 et
2165 726 2364 786 prmter
2396 733 2481 773 me
2508 733 2616 772 non
2645 725 2729 770 est
2750 716 2944 771 altera.

2013 789 2206 845 Veniet
2234 804 2398 858 super
2424 798 2475 845 te
2509 791 2729 854 malum,

2084 861 2297 916 nescies
2317 869 2495 915 ortum
2526 859 2680 930 ejus:

2081 942 2135 988 et
2156 933 2325 988 irruet
2349 947 2512 1002 super
2535 940 2584 987 te
2609 930 2905 996 calamitas,

2016 1019 2176 1074 quam
2201 1019 2307 1058 non
2338 1004 2544 1073 puteris
2563 1003 2811 1074 expiare:

2014 1070 2207 1131 Veniet
2228 1070 2392 1144 super
2418 1083 2470 1131 te
2497 1070 2721 1144 repente
2763 1073 3001 1143 miseria,
3036 1086 3196 1146 quam
3227 1070 3462 1128 nescies.

2011 1145 2104 1203 Sta
2133 1163 2254 1202 cum
2286 1146 2705 1202 incantatoribus
2730 1146 2855 1206 tuis.

2083 1228 2280 1275 etcum
2308 1218 2652 1274 multitudine
2691 1216 3074 1286 maleficiorum
3105 1224 3343 1284 tuorum,
3405 1215 3458 1270 in
3489 1213 3610 1286 qui-

2156 1290 2258 1345 bus
2284 1289 2544 1345 laborasti
2577 1291 2645 1344 ab
2673 1287 3042 1345 adolescentia
3073 1295 3186 1357 tua,

2080 1362 2125 1416 si
2152 1362 2292 1416 forte
2323 1361 2448 1431 quid
2485 1362 2652 1427 prosit
2680 1361 2795 1428 tibi,

2081 1442 2173 1504 aut
2205 1432 2249 1487 si
2275 1432 2453 1504 possis
2485 1432 2600 1487 fieri
2632 1432 2851 1487 fortior.

2009 1503 2347 1561 Defecisti’iu
2382 1503 2727 1560 multitudine
2753 1503 3106 1560 consiliorum
3140 1510 3355 1558 tuorum
3387 1518 3398 1554 ε

2079 1585 2248 1640 stent,
2280 1583 2335 1632 et
2361 1577 2566 1630 sali-ent
2595 1585 2646 1631 te
2667 1591 2896 1645 augures
2926 1571 3072 1639 caeli,

2079 1649 2169 1718 qui
2198 1647 2703 1718 contemplabantur
2728 1644 2928 1715 sidera,
2961 1655 3014 1702 et
3042 1644 3404 1716 supputabant
3445 1657 3597 1700 men-

2153 1735 2239 1774 SBS
2257 1761 2268 1780 .

2079 1798 2136 1844 ut
2165 1805 2232 1844 ex
2258 1789 2339 1845 eis
2364 1791 2754 1846 aununtiarent
2783 1799 3011 1845 ventura
3040 1788 3158 1843 tibi.

1933 1830 1983 1891 B
2011 1862 2151 1917 Ecce
2181 1860 2305 1916 facti
2339 1871 2464 1916 sunt
2487 1862 2640 1930 quasi
2675 1861 2894 1931 stipula,

2087 1933 2225 2003 ignis
2255 1933 2553 1988 combussit
2584 1948 2679 1988 eos
2712 1951 2722 1985 :

2009 2002 2126 2060 Non
2160 2004 2467 2059 Iiberabunt
2492 2005 2726 2059 animam
2753 2019 2906 2060 suam
2936 2003 3004 2058 de
3033 2015 3199 2057 manu
3230 2002 3496 2057 flamma:

2085 2091 2193 2130 non
2227 2086 2352 2131 sunt
2384 2092 2593 2146 prunm,
2626 2076 2824 2146 quibus
2855 2075 3142 2140 calefiaut;

2082 2163 2184 2203 nec
2224 2147 2394 2216 locus,
2421 2159 2477 2203 ut
2508 2148 2734 2202 sedeant
2766 2147 2832 2202 ad
2858 2161 3003 2201 eum.

2011 2217 2101 2276 Sic
2130 2218 2270 2300 facta
2302 2229 2427 2300 sunt
2455 2219 2634 2300 tibi_in_
2662 2219 3095 2300 quibuscumque
3111 2217 3464 2274 Iaboraveras
3486 2228 3506 2268 :

2086 2291 2452 2360 negotiatores
2488 2291 2563 2346 tui
2587 2291 2655 2346 ab
2681 2290 3053 2345 adolescentia
3083 2297 3194 2354 tua,

2086 2357 2461 2432 unusquisque
2493 2363 2545 2416 in
2567 2362 2650 2416 via
2681 2376 2776 2416 sua
2807 2369 3134 2416 erraverunt
3168 2379 3178 2413 :

2084 2447 2194 2488 non
2217 2444 2302 2488 est
2327 2435 2417 2500 qui
2448 2434 2622 2488 salvet
2653 2444 2725 2488 te.

2014 2503 2164 2577 [ϐαρ.
2201 2499 2470 2577 XLVIII.],
2499 2503 2698 2577 Audite
2742 2504 2880 2577 tunc,
2911 2501 3104 2558 domus
3149 2501 3343 2569 Jacob,
3388 2499 3482 2572 qui
3513 2515 3612 2555 vo-

2152 2575 2348 2631 camini
2374 2577 2590 2631 nomine
2625 2575 2814 2641 Israel,

2082 2655 2139 2702 et
2165 2647 2232 2701 de
2261 2648 2414 2717 aquis
2439 2647 2575 2702 Juda
2605 2646 2818 2712 existis,

2010 2717 2111 2786 Qui
2139 2713 2335 2790 juratis
2367 2717 2472 2790 [Αἰ.
2500 2717 2747 2790 jurastis]
2777 2718 3083 2790 innomine
3111 2713 3356 2790 Domini,

2082 2787 2147 2845 et
2171 2791 2259 2843 Dei
2304 2787 2465 2846 Israel
2497 2787 2882 2857 recordamini,
2919 2805 3024 2844 non
3058 2788 3111 2842 in
3137 2787 3389 2853 veritate,
3423 2799 3602 2857 neque

2154 2861 2206 2915 in
2231 2860 2490 2929 iustitia,‘
3233 2892 3236 2895 -

2010 2931 2089 2988 De
2109 2932 2325 2987 civitate
2349 2934 2496 2987 enim
2531 2941 2716 2987 sancta
2749 2931 2922 2986 vocati
2954 2938 3103 2998 sntit,

2080 3013 2135 3057 et
2163 3019 2326 3074 super
2351 3005 2516 3059 Demu
2547 3004 2710 3058 Israel
2740 3003 3074 3074 constabiliti
3098 3010 3262 3056 sunt:

2082 3073 2344 3130 Dominus
2369 3076 2707 3131 exercituum
2739 3089 2936 3129 nomen
2971 3073 3110 3144 ejus.

2007 3143 2197 3202 Priora
2225 3162 2292 3202 ex
2319 3154 2447 3201 tunc
2475 3145 2811 3211 annuntiavi,

1929 3230 1977 3294 ο
2082 3226 2138 3272 et
2159 3233 2226 3273 ex
2254 3233 2349 3273 ore
2371 3233 2492 3274 meo
2513 3219 2786 3283 exierunt,
2816 3227 2871 3271 et
2890 3213 3070 3270 audita
3102 3214 3205 3271 feci
3236 3227 3304 3270 ea
3332 3231 3344 3268 :

2081 3300 2307 3360 repente
2335 3301 2590 3360 operatus
2619 3303 2759 3352 sum,
2793 3297 2849 3343 et
2873 3295 3165 3343 venerunt.

2003 3357 2151 3414 Scivi
2181 3360 2326 3416 enim
2356 3357 2482 3430 quia
2514 3361 2682 3416 durus
2711 3375 2772 3416 es
2804 3368 2882 3424 tu,

2075 3439 2130 3486 et
2159 3447 2356 3487 nervus
2389 3431 2600 3487 ferreus
2622 3430 2805 3488 cervix
2843 3440 2956 3497 tua,

2075 3511 2132 3557 et
2154 3503 2302 3558 frons
2327 3512 2415 3557 tua
2438 3518 2601 3572 aerea,

1931 3573 1936 3576 ’
2003 3571 2236 3629 Prmdixi
2265 3575 2358 3628 tibi
2390 3591 2456 3629 ex
2484 3585 2612 3628 tunc
2638 3591 2652 3628 :

2076 3658 2365 3716 antequam
2389 3647 2657 3711 venirent,
2683 3643 2913 3699 iudicavi
2937 3643 3058 3709 tibi,

2076 3733 2147 3772 ne
2171 3712 2307 3772 forte
2336 3716 2548 3772 diceres
2579 3735 2591 3770 :
2624 3717 2769 3771 ldula
2801 3732 2918 3770 mea
2952 3716 3196 3772 fecerunt
3233 3712 3372 3778 hrce,

2075 3800 2131 3844 et
2200 3787 2470 3858 sculptitia
2544 3803 2661 3843 mea
2733 3797 2789 3842 et
2843 3786 3138 3842 eontlatilia
3215 3783 3612 3840 mandaverunt

2147 3860 2270 3915 ista.

2003 3930 2138 3999 Quae
2166 3932 2384 3999 audisti,
2419 3931 2542 3986 vide
2571 3931 2749 3985 omnia
2781 3949 2792 3984 ε

2080 4019 2172 4056 vos
2199 3998 2379 4060 autem
2412 4019 2538 4058 num
2568 4002 2674 4074 [ΑΙ.
2704 4001 2837 4073 non]
2877 3998 3291 4056 annuntiastis?

2013 4072 2209 4128 Audita
2243 4076 2344 4130 feci
2383 4075 2474 4128 tibi
2506 4072 2644 4128 no'va
2675 4091 2741 4127 ex
2774 4072 2924 4138 tunc,

2077 4155 2131 4199 et
2162 4157 2480 4202 conservata
2505 4155 2629 4200 sunt
2655 4161 2775 4216 qua:
2803 4145 2984 4200 nescis
3011 4162 3022 4197 :

2003 4215 2158 4272 Nunc
2187 4226 2370 4273 creata
2401 4228 2550 4285 sunt,

2075 4298 2129 4344 et
2153 4304 2260 4344 non
2282 4305 2347 4343 ex
2368 4302 2492 4343 tunc
2519 4305 2530 4339 :

2074 4369 2130 4414 et
2155 4368 2284 4415 ante
2310 4361 2476 4422 diem,
2511 4368 2561 4414 et
2591 4373 2697 4412 non
2720 4357 2920 4413 audisti
2948 4371 3034 4422 ca,

2077 4447 2145 4486 ne
2165 4430 2308 4487 forte
2336 4433 2486 4486 dicas
2513 4451 2524 4484 :

2004 4502 2146 4574 Ecce
2172 4519 2277 4574 ego
2308 4503 2535 4572 cognovi
2560 4518 2644 4557 ea.

2005 4573 2190 4643 Neque
2211 4570 2432 4640 audisti,
2466 4589 2641 4644 neque
2672 4570 2996 4644 cognovisti,

2074 4660 2252 4720 neque
2280 4662 2346 4700 ex
2369 4654 2496 4720 tunc
2525 4643 2708 4720 aperta
2736 4643 2819 4700 est
2849 4643 2996 4695 auris
3026 4647 3114 4720 tua
3146 4655 3188 4720 :_
3279 4708 3291 4720 ο

1999 4715 2126 4771 Scio
2152 4709 2296 4770 cnim
2327 4718 2450 4787 quia
2482 4709 2846 4784 praevaricans
2870 4709 3347 4787 praevaricaberis,

2068 4796 2124 4841 et
2153 4785 2610 4858 transgressorem
2645 4805 2706 4843 ex
2741 4797 2900 4842 utero
2928 4785 3126 4858 vocavi
3142 4791 3212 4835 te.

1989 4859 2223 4926 Propter
2252 4854 2448 4913 nomen
2478 4874 2658 4913 meum
2688 4861 2848 4928 longe
2873 4855 3066 4909 faciam
3104 4854 3347 4908 furorem
3372 4864 3560 4906 meum
3589 4869 3600 4904 :

2066 4940 2123 4985 et
2152 4931 2308 4985 laude
2337 4945 2454 4984 mea
2479 4929 2761 4986 infrenabo
2788 4943 2863 4993 te,
2889 4943 2957 4983 ne
2981 4929 3240 4982 intereas.

1993 4999 2137 5057 Ecce
2158 5003 2359 5058 excoxi
2395 5012 2467 5065 te,

2066 5075 2160 5129 sed
2193 5090 2300 5128 nun
2325 5074 2480 5143 quasi
2512 5082 2818 5143 argentum,

2067 5146 2207 5217 elegi
2239 5155 2289 5200 te
2315 5145 2368 5199 in
2396 5147 2612 5200 camino
2643 5143 2999 5217 paupertatis.

1996 5206 2230 5287 Propiér
2280 5232 2386 5282 me,
2418 5206 2660 5289 prOpter'
2691 5206 2778 5271 me
2833 5215 3050 5278 faciam,
3098 5220 3155 5267 ut
3195 5224 3304 5265 non
3350 5206 3606 5279 blasphe-

2143 5305 2259 5344 mer
2284 5307 2297 5344 ἶ

2069 5368 2122 5416 et
2149 5361 2372 5430 gloriam
2398 5375 2573 5414 meam
2598 5358 2756 5415 alteri
2790 5375 2898 5414 non
2931 5356 3092 5412 dabo.

1996 5432 2134 5487 Audi
2166 5447 2273 5495 me,
2296 5432 2485 5498 Jacob,

2069 5513 2122 5558 et
2149 5504 2346 5571 Israel,
2370 5518 2530 5573 quem
2563 5517 2664 5575 ego
2687 5516 2828 5558 voco
2857 5520 2870 5554 -.

2000 5609 2002 5612 ν
2069 5575 2185 5644 Ego
2210 5575 2345 5643 ipse,

2073 5709 2100 5751 δ
2128 5711 2356 5766 Versum
2381 5718 2704 5780 prmsentem
2738 5707 2945 5765 indicat
2973 5707 3208 5780 Sanetus
3234 5701 3594 5771 Hieronymus

2000 5784 2096 5842 lib.
2130 5798 2226 5839 xm
2255 5774 2783 5840 Commentariorum
2813 5782 2866 5836 in
2897 5780 3110 5836 Isaiam.
3140 5774 3312 5831 Mur.
