4114 6364
392 337 500 400 829

464 460 608 518 Ecce
637 459 827 517 levabo
855 459 960 534 [Αἰ.
991 457 1134 534 levo]
1158 459 1222 514 ad
1249 466 1440 530 gentes
1470 473 1690 514 manum
1714 475 1913 528 meam,

463 541 521 588 et.
548 534 614 587 ad
636 532 872 603 pepulos
889 532 1138 588 enhaho
1156 534 1368 602 signum
1395 546 1600 587 meum.

392 603 463 660 Et
502 604 732 660 ail'ercnt
754 605 894 660 ﬁlios
925 614 1046 659 tuos
1078 603 1132 659 in
1164 605 1327 668 ulnis,

463 685 519 731 ct
546 677 685 732 tilias
707 687 830 733 tuas
854 691 1018 746 super
1048 677 1308 731 humeros
1334 673 1646 746 portabunt.

391 746 457 803 Et
487 759 651 805 erunt
671 763 826 819 reges
859 747 1067 802 nutritii
1096 749 1195 814 tui,

463 829 519 876 et
539 821 740 892 regium
769 821 1015 892 nutrices
1036 827 1144 892 tua;
1180 839 1193 875 :

393 890 555 946 Vultu
587 889 639 947 iit
677 903 874 948 terram
906 890 1167 959 demisso,
1195 889 1498 945 adorabunt
1531 897 1604 958 te,

462 973 518 1018 et
542 964 765 1032 pulvere
797 961 991 1034 pedum
1031 971 1246 1018 tuorum
1272 961 1500 1034 lingent.

393 1031 461 1090 Et
479 1031 622 1091 scies
651 1035 778 1107 quia
798 1031 912 1106 'cgo
945 1033 1230 1109 Dominus,

461 1121 626 1176 super
649 1103 759 1177 quo
785 1103 895 1162 non
917 1103 1325 1177 confundentur
1343 1103 1441 1177 qui
1469 1111 1797 1175 exspectant
1830 1119 1978 1161 eum.

391 1175 905 1248 Nttmquid‘tolletur
928 1193 956 1231 a
989 1175 1112 1248 forti
1139 1175 1358 1247 prteda?

457 1246 722 1332 aut—quod
754 1258 989 1362 9captum
1035 1246 1200 1306 fuerit
1246 1263 1277 1304 a
1321 1247 1570 1316 robusto,
1598 1246 1808 1304 salvum
1860 1262 1982 1304 esse

532 1330 725 1362 nnlpnl

532 1323 732 1388 poterit
754 1323 772 1375 ἲ

385 1390 520 1458 Quia
545 1391 663 1448 hare
691 1392 822 1448 dicit
844 1391 1106 1448 Dominus
1136 1408 1152 1447 :

458 1463 744 1534 Equidem,
774 1474 828 1519 et
849 1461 1187 1534 captivitasa
1213 1462 1336 1518 forti
1367 1462 1590 1534 tolletur
1617 1480 1628 1515 :

457 1532 681 1606 ct'quod
711 1532 948 1590 ablatum
981 1536 1142 1590 fuerit
1171 1551 1202 1590 a
1235 1535 1481 1599 robusto,
1515 1532 1838 1606 salvabitur.

388 1604 498 1661 Eos
527 1604 678 1672 vero,
707 1609 798 1678 qui
822 1606 1207 1678 judicaverunt
1239 1615 1309 1673 te,
1343 1621 1444 1677 ego
1467 1605 1746 1676 judicabo,

457 1687 513 1732 et
542 1678 680 1733 ﬁlios
715 1688 833 1734 tuos
871 1695 970 1749 ego
997 1678 1237 1734 salvabo.

383 1747 454 1803 Et
484 1749 676 1805 cibaho
706 1750 892 1806 hostes
912 1747 1040 1805 tuos
1069 1749 1326 1804 carnibus
1357 1749 1472 1803 suis
1497 1767 1510 1800 :

453 1831 509 1876 et
545 1821 698 1893 quasi
727 1830 928 1886 musto,
960 1822 1221 1891 sanguine
1244 1819 1788 1893 suo_inehriahuntur
1820 1836 1832 1871 :

382 1891 452 1946 Et
480 1876 619 1948 sciet
657 1896 834 1950 omnis
862 1876 1012 1959 caro,
1046 1876 1172 1962 quia
1204 1908 1303 1961 ego
1354 1891 1616 1946 Dominus
1644 1891 1864 1946 salvans
1901 1899 1974 1960 te,
2009 1876 2055 1936 Β

524 1973 579 2019 et
608 1964 919 2034 redemptor
949 1973 1073 2019 tuus
1099 1963 1256 2019 [ortis
1277 1963 1466 2020 Jacob.

383 2032 650 2108 |Cnp.L.]
681 2032 809 2092 nm
839 2035 970 2092 dicit
1000 2037 1262 2108 Dominus
1289 2053 1301 2087 :

453 2107 588 2174 Quis
628 2104 710 2163 est
740 2108 826 2165 hic
865 2108 1004 2164 liber
1029 2105 1239 2178 repudii
1274 2104 1465 2162 matris
1493 2114 1711 2172 vestrae,
1745 2119 1853 2177 quo
1885 2104 1976 2162 di-

525 2178 646 2235 misi
671 2180 825 2237 cam?
1050 2195 1058 2201 ‘

452 2259 546 2304 aut
567 2253 686 2320 quis
714 2264 800 2306 est
828 2251 1072 2307 creditor
1103 2265 1279 2315 meus,
1305 2247 1391 2302 cui
1419 2248 1638 2304 vendidi
1670 2249 1806 2304 vos?

381 2321 522 2378 Ecce
553 2323 605 2377 in
635 2323 1013 2394 iniquitatibus
1053 2322 1250 2394 vestris
1273 2320 1483 2376 venditi
1513 2324 1668 2385 estis,

452 2402 506 2446 et
531 2393 582 2449 in
610 2393 912 2452 sceleribus
943 2394 1136 2450 vestris
1160 2393 1341 2448 dimisi
1370 2403 1599 2448 matrem
1639 2399 1900 2448 vestram.

379 2462 520 2531 Quia
546 2465 690 2530 veni,
720 2476 776 2522 et
802 2483 910 2523 non
943 2475 1060 2521 erat
1086 2466 1169 2519 vir
1205 2484 1218 2519 :

452 2540 662 2605 vocavi,
693 2548 747 2592 et
773 2555 878 2594 non
919 2549 1037 2594 erat
1065 2535 1159 2606 qui
1197 2535 1430 2592 audiret.
1660 2588 1666 2594 .
1873 2601 1876 2606 _

378 2605 645 2676 Numquid
672 2609 983 2667 abbreviata
1011 2617 1068 2662 et
1088 2605 1318 2678 parvula
1342 2608 1479 2662 facta
1505 2614 1591 2662 est
1618 2621 1810 2661 manus
1828 2619 1974 2672 mea,

522 2689 712 2736 utnon
745 2681 948 2752 possim
981 2679 1090 2753 [Αι.
1117 2679 1650 2753 possitlrcdimcre?

452 2760 544 2805 aut
571 2768 678 2806 non
709 2749 791 2807 est
817 2756 872 2808 in
900 2749 1002 2808 me,
1024 2752 1194 2806 virtus
1223 2749 1701 2805 ad’liberandum?

378 2819 521 2894 Ecce
551 2822 605 2878 in
630 2825 1002 2894 increpatione
1023 2838 1140 2877 mea
1171 2823 1450 2878 desertum
1473 2823 1665 2878 iaciam
1691 2837 1867 2890 mare,

448 2892 648 2949 Ponant
681 2892 904 2951 ﬂumina
939 2898 990 2949 in
1024 2896 1224 2950 siccmn
1260 2913 1271 2947 :

449 2977 882 3036 cornpzztrescent
911 2969 1086 3037 pisces
1111 2966 1229 3022 sine
1259 2979 1419 3036 aqua,

449 3045 503 3090 et
525 3040 827 3095 morientur
856 3042 907 3094 itt
933 3038 1042 3092 siti.

382 3107 604 3164 lnduam
629 3111 799 3166 coalos
829 3111 1087 3174 tenebris,

448 3191 502 3234 et
525 3197 739 3236 saecmn
759 3199 950 3252 ponant
971 3180 1516 3252 operimentttm‘coru
1529 3195 1602 3233 m.

378 3250 636 3307 Datninns
665 3249 814 3309 dedit
843 3253 970 3308 mihi
996 3253 1234 3322 linguam
1258 3249 1558 3316 eruditam,

449 3333 506 3378 ut
537 3328 704 3380 sciam
735 3334 1045 3382 sustentare
1075 3313 1229 3389 cum,
1253 3322 1344 3394 qui
1369 3313 1552 3378 lassus
1577 3331 1662 3379 est
1682 3313 1852 3378 verbo
1885 3340 1896 3378 :

376 3393 553 3466 Erigit
584 3413 760 3461 mane,

448 3483 605 3522 mane
633 3471 790 3539 erigit
811 3468 942 3524 mihi
965 3483 1176 3532 aurem,

381 3588 394 3611 ε
447 3548 504 3592 ut
530 3541 744 3595 audiam
775 3542 923 3611 quasi
954 3541 1295 3611 magistrum.

375 3608 633 3666 Dominus
667 3608 807 3666 Deus
829 3610 1043 3681 aperuit
1071 3609 1202 3665 mihi
1222 3625 1432 3676 aurem,

447 3698 548 3752 ego
572 3692 753 3738 autent
787 3701 893 3750 non
927 3681 1246 3738 Contradico
1276 3699 1287 3735 :

449 3763 750 3810 retrorsum
780 3771 888 3810 non
919 3754 1048 3809 abii.
1163 3819 1166 3822 Q

377 3825 585 3894 Corpus
615 3842 792 3881 meum
824 3826 946 3882 dedi
987 3822 1440 3896 percutientibus,

444 3906 500 3952 et
523 3913 692 3966 genas
721 3913 869 3953 meas
902 3897 1232 3966 vellentibus
1263 3913 1274 3948 ε

377 3964 597 4024 Facient
629 3986 803 4025 meam
835 3985 941 4024 non
973 3970 1146 4023 averti
1187 3965 1256 4022 ab
1283 3964 1714 4038 increpantibus,
1745 3973 1800 4019 ct
1841 3981 1971 4022 con.

516 4043 861 4111 spuenUbus.

373 4110 636 4166 Dominus
669 4113 814 4169 Deus
837 4112 1125 4167 auxiliator
1152 4123 1328 4177 meus,

445 4184 571 4238 ldeo
601 4201 707 4238 non
741 4202 858 4239 sum
881 4184 1148 4239 confusus
1175 4199 1189 4234 :

372 4252 498 4310 Ideo
530 4257 683 4324 posui
715 4258 903 4311 faciem
936 4271 1133 4318 meam,
1165 4262 1224 4324 ut
1260 4263 1475 4324 petram
1505 4251 1889 4320 durissimum,

442 4337 499 4383 et
523 4323 640 4382 scio
670 4331 924 4397 quaniatn
959 4342 1069 4382 non
1093 4323 1418 4380 confundar.

368 4398 530 4452 Juxta
558 4407 643 4452 cst
668 4394 756 4467 qui
778 4399 1039 4469 justiﬁcat
1061 4414 1170 4464 me,
1199 4397 1320 4468 quis
1341 4395 1675 4454 contradicit
1696 4394 1827 4452 mihi
1851 4395 1874 4449 ?

443 4481 648 4525 stemus
672 4471 858 4533 simul,

441 4542 560 4609 quis
582 4551 664 4594 est
687 4540 1030 4598 adversarius
1058 4555 1211 4596 meus

443 4613 667 4666 accedat
692 4612 757 4667 ad
788 4629 893 4667 me.

371 4681 514 4736 Ecce
543 4681 799 4738 Dominus
825 4685 964 4746 Deus
987 4681 1277 4737 auxiliator
1304 4697 1455 4739 meus
1480 4699 1498 4744 ;

441 4752 562 4822 quis
590 4762 672 4808 est
693 4756 783 4824 qui
812 4757 1140 4808 condemnet
1163 4753 1289 4809 me?

374 4825 516 4880 Ecce
544 4841 736 4881 omnes
757 4825 912 4894 quasi
937 4826 1327 4882 vestimentum
1358 4833 1732 4892 conterentur,

442 4897 585 4952 tinea
612 4898 866 4954 comedet
889 4912 1001 4952 eos.

367 4967 500 5036 Quis
521 4984 590 5023 ex
617 4970 772 5025 vobis
800 4971 1000 5024 timens
1030 4969 1340 5037 Dominum,

439 5039 669 5096 audiens
699 5056 887 5097 vocem
911 5042 1052 5095 servi
1081 5041 1201 5096 sui?

367 5109 470 5179 Qui
495 5112 794 5168 ambulavit
825 5114 881 5167 in
909 5111 1168 5181 tenebris,
1201 5120 1259 5170 et
1286 5127 1393 5168 non
1423 5120 1508 5168 est
1529 5112 1711 5168 lumen
1737 5110 1808 5178 ei,

437 5195 620 5252 speret
643 5185 698 5239 in
721 5183 944 5238 nomine
974 5183 1205 5250 Domini,

438 5265 494 5308 et
515 5253 781 5311 innitatur
810 5270 972 5324 super
996 5255 1164 5310 Deum
1197 5271 1372 5310 suum.

365 5324 505 5381 Ecce
523 5340 714 5382 omnes
729 5341 827 5382 vos
847 5327 1204 5383 accendentes
1221 5328 1421 5398 ignem,

435 5399 662 5454 accincti
691 5398 954 5463 ﬂammis,

437 5468 713 5540 ambulate
741 5471 793 5526 in
822 5470 1028 5525 lumine
1058 5470 1200 5540 ignis
1229 5471 1417 5532 vestri,

436 5548 492 5594 et
511 5539 566 5595 in
589 5541 821 5596 flammis
844 5557 980 5613 quas
1009 5539 1369 5598 succendistis
1397 5560 1410 5594 :

366 5608 444 5665 De
475 5626 636 5667 manu
665 5630 781 5669 mea
816 5608 1015 5668 factum
1049 5624 1132 5668 est
1166 5614 1270 5669 hoc
1300 5614 1480 5678 vobis,

437 5681 491 5736 in
515 5682 796 5742 doloribus
833 5684 1138 5741 dormietis.

367 5831 541 5900 mm
569 5826 686 5900 sive
711 5829 1003 5900 separatim
1035 5826 1343 5900 legendam,
1375 5833 1443 5900 ut
1455 5827 1568 5896 jam
1600 5826 1905 5900 monuimus
1933 5867 1948 5891 ,

364 5896 566 5966 optima
593 5899 697 5957 erit
727 5896 1471 5976 interpretatioHieronymi,
1505 5914 1665 5972 quant
1699 5897 1764 5956 ad
1795 5896 1955 5960 [idem

1576 341 1778 400 LIBER
1823 344 2026 402 ISMA‘Z
2066 343 2480 403 PROPIIET/E.

3584 341 3689 403 $50

2014 455 2070 532 Α
2098 459 2250 532 [ϐαρ.
2284 459 2394 531 LL]
2425 460 2617 516 Audite
2652 471 2736 532 me
2763 455 3162 530 quiscqttintini
3189 456 3334 528 quod
3352 457 3556 530 jttStum
3586 469 3692 531 est,

2163 541 2220 587 et
2245 532 2487 595 qtmritis
2527 531 2815 586 Dominum
2853 548 2866 584 :

2091 604 2373 660 Attendite
2396 603 2461 658 ad
2496 613 2700 674 petram
2727 603 2870 658 unde
2899 601 3064 658 excisi
3091 601 3248 674 estis,

2163 684 2217 730 et
2247 673 2311 730 ad
2338 673 2623 731 cavernam
2659 675 2784 738 laci,
2810 674 2876 730 de
2904 675 3007 744 qua
3041 673 3252 744 prtecisi
3281 675 3438 731 estis.

2089 744 2370 803 Attendite
2393 747 2457 802 ad
2487 745 2755 802 Abraham
2790 759 2996 817 patrem
3023 754 3291 813 vestrum,

2161 828 2219 874 et
2244 819 2310 873 ad
2341 820 2553 885 Suram,
2587 835 2708 890 qua:
2736 819 2953 890 peperit
2975 833 3073 871 vos
3102 833 3116 890 :_

2090 887 2228 958 Quia
2271 907 2432 945 unum
2459 887 2651 945 vocavi
2676 887 2825 958 cum,
2857 897 2913 946 et
2941 887 3200 946 benedixi
3233 887 3307 956 ei,

2159 971 2211 1016 et
2239 962 2589 1030 multiplicavi
2622 976 2770 1018 eum.

2085 1030 2470 1088 Consolabitttr
2492 1048 2619 1103 ergo
2652 1031 2910 1089 Dominus
2941 1031 3097 1100 Sion,

2157 1114 2212 1160 et
2231 1105 2594 1160 consolabitur
2619 1121 2815 1161 omnes
2843 1106 3023 1161 ruinas
3050 1107 3166 1171 ejus

2087 1175 2153 1229 Et
2177 1185 2339 1250 ponet
2377 1176 2792 1250 desertumejus
2823 1178 2974 1250 quasi
3000 1176 3242 1244 delicias,

2158 1257 2212 1302 et
2245 1248 2592 1304 solitudinem
2621 1247 2738 1318 ejus
2765 1246 2922 1318 quasi
2951 1248 3164 1304 hortum
3198 1246 3429 1306 Domini.

2086 1317 2346 1374 Gaudium
2371 1329 2426 1374 et
2452 1320 2631 1375 laetitia
2654 1317 2967 1375 invenietur
2996 1320 3048 1376 in
3075 1336 3159 1389 ea,

2158 1392 2452 1457 gratiarum
2484 1395 2624 1447 actio
2647 1401 2700 1447 et
2730 1407 2832 1446 vox
2865 1392 3055 1448 laudis.

2086 1461 2362 1518 Attendite
2383 1463 2448 1518 ad
2474 1479 2584 1530 me,
2611 1464 2807 1536 popule
2833 1479 3007 1533 meus,

2157 1543 2210 1588 et
2242 1536 2411 1590 tribus
2433 1551 2574 1602 mea,
2610 1535 2694 1591 me
2717 1535 2934 1604 audite;

2086 1603 2222 1671 Quia
2246 1605 2326 1660 lex
2355 1622 2384 1659 a
2417 1622 2507 1662 me
2537 1609 2703 1674 exict,
2881 1669 2886 1673 ,

2157 1686 2211 1730 et
2231 1676 2490 1751 judicium
2517 1695 2693 1733 meum
2721 1681 2770 1734 in
2796 1679 2971 1736 lucem
2996 1678 3320 1751 populorum
3352 1676 3678 1750 requiescet.

2087 1745 2264 1814 Prope
2294 1761 2375 1803 est
2402 1749 2581 1818 justus
2613 1767 2786 1814 meus,

2159 1833 2408 1889 egressus
2434 1831 2513 1876 est
2543 1822 2780 1877 salvator
2809 1838 2990 1887 meus;

2153 1902 2205 1964 et
2230 1891 2447 1964 brachia
2481 1907 2598 1946 mea
2629 1895 2854 1962 pOpulos
2878 1894 3196 1964 judicabunt
3227 1908 3242 1948 :

2084 1964 2168 2017 Me
2196 1962 2389 2017 insulae
2418 1965 2827 2033 exspectabunt,

2153 2044 2206 2089 et
2234 2033 2510 2089 brachium
2536 2035 2717 2090 meum
2746 2037 3112 2092 sustinebunt.

2081 2104 2282 2160 Levate
2310 2107 2360 2159 in
2392 2106 2591 2161 coelum
2624 2109 2810 2163 oculos
2834 2120 3068 2175 vestros,

2151 2185 2206 2232 et
2236 2175 2411 2232 videte
2441 2177 2542 2231 sub
2572 2186 2715 2233 terra
2741 2179 2994 2235 deorsum
3023 2197 3035 2233 :

2079 2249 2214 2317 Quia
2243 2250 2366 2304 ρωιί
2396 2249 2536 2322 sicut
2565 2248 2743 2306 fumus
2765 2252 3084 2322 liquescent,

2151 2329 2207 2376 et
2233 2330 2376 2386 terra
2403 2321 2545 2374 sicut
2577 2321 2956 2378 vestimentum
2990 2329 3284 2388 atteretur,

2151 2401 2206 2447 et
2226 2392 2559 2448 habitatores
2589 2395 2707 2462 ejus
2737 2397 2879 2450 sicut
2903 2395 3018 2449 haec
3042 2393 3342 2450 interibunt
3375 2410 3387 2446 :

2148 2466 2295 2519 salus
2333 2473 2510 2535 autem
2543 2479 2660 2520 mea
2683 2465 2738 2520 in
2769 2466 3163 2535 sempiternum
3188 2468 3316 2532 crit,

2152 2545 2206 2590 et
2229 2534 2440 2606 justitia
2465 2551 2582 2589 mea
2617 2552 2723 2592 non
2752 2534 2986 2592 deﬁciet.

2078 2605 2276 2682 Audite
2307 2621 2392 2662 me
2417 2607 2507 2682 qui
2539 2608 2690 2682 scitis
2713 2608 2943 2680 justum,
2976 2607 3208 2682 populus
3236 2627 3249 2661 :

2155 2678 2240 2732 lex
2270 2693 2388 2734 mea
2416 2679 2468 2732 in
2498 2678 2663 2734 corde
2693 2678 2880 2737 eorum
2918 2699 2929 2733 :

2079 2748 2259 2805 Nolite
2285 2751 2477 2804 timere
2503 2751 2856 2820 Opprobrinm
2890 2751 3194 2817 hominum,

2150 2833 2205 2876 et
2231 2821 2596 2900 blasphemias
2627 2839 2815 2879 eorum
2848 2840 2914 2900 ne
2940 2824 3217 2900 metuatis.
3495 2887 3507 2900 ,

2077 2892 2225 2949 Sient
2248 2894 2391 2949 enim
2417 2893 2817 2962 vestimentum,
2840 2898 2920 2951 sic
2944 2895 3191 2951 comedet
3214 2909 3309 2948 eos
3338 2892 3540 2948 vermis
3571 2904 3583 2942 :

2150 2973 2206 3019 et
2234 2967 2374 3020 sicut
2405 2966 2605 3031 lanam,
2637 2966 2714 3021 sic
2746 2968 3030 3022 devorahit
3055 2983 3151 3022 eos
3179 2965 3340 3020 tinea.

2077 3035 2438 3108 Salusrautem
2472 3053 2590 3093 mea
2631 3038 2686 3093 in
2715 3043 3106 3108 sempiternum
3137 3037 3263 3102 erit,

2149 3117 2203 3163 et
2229 3107 2439 3178 justitia
2474 3125 2591 3164 mea
2623 3109 2675 3164 in
2701 3105 3082 3182 generationes
3101 3105 3538 3181 generationum.

2079 3178 2377 3250 Consurge,
2417 3198 2704 3248 consurge,

2151 3248 2375 3306 induere
2408 3251 2776 3310 fortitudinem
2807 3253 3089 3308 brachium
3122 3248 3339 3310 Domini
3369 3265 3384 3304 :

2151 3337 2420 3396 consurge
2446 3325 2588 3396 sicut
2610 3327 2661 3379 in
2691 3327 2884 3382 diebus
2905 3324 3166 3395 antiquis,

2151 3393 2204 3448 in
2228 3393 2670 3464 generationibus
2697 3400 3042 3453 sz'eculorunt.

2077 3464 2349 3540 Numquid
2381 3481 2497 3540 non
2523 3475 2575 3521 tu
2611 3468 2919 3540 percussisti
2941 3467 3257 3540 superbum,

2152 3539 2447 3593 vulnerasti
2469 3538 2803 3594 draconem?

2077 3607 2344 3678 Numquid
2375 3626 2482 3665 non
2512 3619 2567 3665 tu
2601 3611 2817 3668 siccasti
2860 3627 3032 3679 mare,
3065 3624 3259 3680 aquam
3287 3605 3474 3678 abyssi
3505 3604 3678 3660 vehe-

2220 3681 2417 3736 mentis
2448 3701 2460 3734 :

2147 3751 2237 3823 qui
2267 3755 2490 3823 posuisti
2517 3753 2838 3824 profundum
2861 3757 3028 3811 maris
3053 3753 3218 3821 viam,

2149 3833 2208 3879 ut
2237 3825 2528 3882 transirent
2561 3826 2808 3882 liberati?

2077 3895 2143 3951 Et
2173 3912 2314 3952 nunc
2336 3897 2429 3966 qui
2453 3898 2714 3970 redempti
2745 3907 2870 3954 sunt
2899 3916 2928 3952 a
2952 3898 3205 3962 Domino,
3234 3898 3604 3956 revertentur.

2149 3977 2203 4022 et
2233 3973 2453 4024 venient
2476 3972 2527 4025 in
2555 3969 2684 4025 SiOn
2720 3970 3026 4035 laudantes,

2151 4048 2206 4094 et
2236 4039 2422 4117 hetitia
2464 4044 2794 4117 sempiterna
2816 4058 2980 4117 super
2999 4045 3180 4117 capita
3208 4054 3426 4104 eorum,

2145 4111 2401 4186 gaudium
2431 4121 2486 4166 et
2518 4111 2756 4168 Iaztiliant
2790 4111 3075 4186 tenebunt,

2149 4182 2316 4253 t'ugiet
2343 4183 2500 4239 dolor
2518 4193 2571 4239 et
2595 4185 2848 4256 gemitus.

2076 4251 2226 4324 Ego,
2247 4271 2347 4326 ego
2378 4257 2491 4325 ipse
2515 4251 2840 4313 consolabor
2863 4272 2958 4312 vos
2991 4275 3004 4312 :
3323 4325 3328 4326 ί
3614 4316 3646 4326 η

2073 4317 2207 4393 Quis
2237 4317 2297 4380 td
2317 4317 2618 4401 utiimeres
2646 4328 2752 4401 [ΑΙ.
2789 4329 3058 4401 timueris]
3088 4330 3156 4385 ab
3187 4325 3406 4384 homine
3432 4317 3672 4384 mortali,

2215 4406 2270 4451 et
2296 4413 2325 4452 a
2351 4399 2464 4454 lilio
2487 4399 2753 4467 hominis;

2145 4471 2235 4539 qui
2263 4471 2416 4538 quasi
2441 4471 2622 4524 fenum
2657 4470 2730 4525 ita
2757 4473 3006 4528 arescet?

2075 4539 2141 4594 Et
2161 4540 2360 4615 oblitus
2389 4555 2450 4615 es
2471 4542 2681 4596 Domini
2704 4541 2812 4614 [ΑΙ.
2839 4543 2964 4615 Dei]
2994 4542 3216 4599 factoris
3240 4540 3342 4604 tui.

2146 4611 2240 4689 qui
2272 4611 2721 4689 tetenditcailos,’
2740 4625 2794 4667 et
2825 4611 3066 4689 fundavit
3097 4622 3298 4689 terram
3329 4629 3371 4689 ε.
3474 4677 3486 4689 .
3662 4676 3674 4687 ο

1996 4663 2049 4724 D
2076 4663 3405 4753 Ettsi-5.3551;transisses;nasutius
3437 4677 3562 4750 ejus
3583 4676 3677 4749 qui

2215 4761 2268 4810 te
2301 4755 2613 4821 tribulabat,

2144 4835 2196 4882 et
2220 4835 2513 4896 paraverat
2531 4827 2598 4881 ad
2632 4825 2965 4897 perdendum
2991 4846 3006 4884 :

2076 4896 2175 4952 Ubi
2204 4913 2345 4952 nunc
2374 4907 2457 4952 est
2478 4896 2638 4952 furor
2661 4899 3006 4954 Iribulantis?

2070 4970 2192 5024 Cito
2236 4971 2418 5041 veniet
2448 4969 2702 5039 gradiens
2723 4969 2791 5024 ad
2814 4969 3200 5041 aperiendum,

2141 5051 2199 5096 et
2225 5054 2332 5095 non
2365 5039 2651 5097 interlieiet
2683 5039 2864 5112 usque
2881 5042 2950 5097 ad
2981 5042 3434 5099 internecionem.

2141 5128 2244 5168 nec
2266 5112 2481 5168 deﬁciet
2513 5115 2668 5182 panis
2695 5115 2832 5180 ejus.

2137 5185 2253 5256 Ego
2279 5193 2460 5239 autem
2488 5181 2609 5240 sum
2639 5186 2902 5242 Dominus
2922 5185 3067 5242 Deus
3093 5193 3238 5255 tuus,
3260 5186 3354 5258 qui
3393 5181 3666 5241 conturbo

2206 5271 2378 5322 mare,

2000 3264 2045 3327 C

2140 5337 2193 5383 et
2213 5327 2584 5400 intumescunt
2605 5327 2798 5383 ﬂuctus
2822 5329 2940 5400 ejus
2967 5349 2978 5384 :

2068 5398 2332 5456 Dominus
2357 5401 2694 5456 exercituum
2727 5398 2920 5458 nomen
2943 5417 3147 5459 meum.

2071 5471 2232 5543 Posui
2264 5472 2428 5526 verba
2453 5487 2568 5527 mea
2594 5473 2646 5526 in
2669 5487 2763 5527 ore
2787 5482 2901 5543 tuo,

2139 5542 2267 5598 etin
2297 5544 2484 5598 umbra
2515 5559 2706 5598 manus
2729 5561 2862 5599 mea:
2889 5542 3102 5612 protexi
3128 5555 3200 5612 te,

2137 5623 2198 5667 ut
2223 5613 2436 5680 plantes
2459 5616 2653 5679 caelo»,
2685 5625 2741 5670 et
2769 5616 2966 5673 fundes
2996 5627 3198 5674 terram
3226 5635 3240 5671 :

2138 5695 2196 5740 et
2219 5685 2371 5741 dicas
2393 5685 2461 5740 ad
2487 5684 2618 5742 Sion
2646 5703 2659 5740 :
2857 5697 2860 5700 '

2058 5825 2515 5894 exemplariorum
2561 5828 2798 5884 Canonis
2845 5830 2980 5886 lleb.
3027 5827 3268 5884 veritatis
3320 5836 3374 5883 et
3417 5835 3663 5883 veterum

2064 5899 2308 5956 omnium
2347 5913 2479 5960 mss.
2509 5899 2757 5959 codicum
2783 5901 2890 5960 hoc
2931 5903 3049 5960 loco
3077 5901 3438 5960 restituimus.
3481 5899 3666 5958 Maar.
