4114 6364
404 253 502 311 851

478 365 716 438 Populus
743 379 896 422 meus
925 379 984 422 es
1013 371 1087 419 tu.

406 436 655 504 Elevare,
686 438 921 500 elevare.

479 526 745 581 consurge
766 508 1085 573 Jerusalem,

481 597 602 654 quae
623 574 808 654 bibisti
830 582 898 654 de
929 595 1087 654 manu
1111 575 1319 654 Domini
1351 575 1576 654 calicem
1597 574 1696 654 ira:
1721 576 1840 648 ejus
1877 595 1888 629 :

410 647 597 724 Usque
638 654 704 709 ad
736 652 958 709 fundum
983 649 1167 724 ca_li_cis
1206 650 1417 720 soporis
1466 647 1672 717 bibisti,

420 763 422 765 ›
481 720 538 781 εἰ
585 726 776 795 potasti
802 737 968 790 usque
989 721 1055 776 ad
1074 720 1254 775 faeces.

409 795 530 853 Non
561 790 646 853 est
690 799 780 866 qui
821 801 1088 852 sustentet
1132 807 1249 848 eam
1294 807 1374 865 ex,
1415 793 1667 850 omnibus
1717 790 1842 846 ﬁliis
1868 805 2013 864 quos,

591 870 741 923 enuit
775 885 790 922 :

481 948 537 996 et
556 885 878 1010 ξὲῗιυὲέίᾳυὶ
900 935 1274 1010 apprehendat
1294 951 1510 992 manum
1524 935 1641 1008 ejus
1663 950 1728 992 ex
1750 933 2005 1000 omnibus

557 1010 703 1076 ﬁliis,
728 1007 862 1080 quos
886 1007 1162 1064 enutrivit.

413 1080 532 1136 Duo
551 1093 677 1137 sunt
700 1078 820 1152 quas
843 1090 1196 1135 occurrerunt
1230 1078 1360 1152 tibi;

481 1155 604 1222 quis
625 1151 1035 1208 contristabitur
1059 1165 1223 1222 super
1248 1151 1342 1205 te?

412 1221 684 1291 VaStitas,‘
703 1233 759 1280 et
784 1223 1062 1295 contritio,
1093 1232 1147 1295 et
1178 1221 1368 1293 fames,
1392 1233 1444 1280 et
1467 1221 1678 1295 gladius
1703 1239 1715 1275 :

482 1296 603 1366 quis
632 1293 999 1352 consolabitur
1029 1294 1115 1349 te?

413 1364 532 1439 Filii
566 1367 640 1422 ttti
671 1368 896 1439 projeeti
927 1375 1075 1439 sunt,

482 1436 827 1494 dormierunt
852 1439 903 1493 in
926 1437 1107 1508 capite
1137 1436 1379 1496 omnium
1405 1439 1637 1505 viarum,
1663 1436 1803 1492 sicut
1824 1441 1851 1472 ι
1873 1448 2008 1505 oryx

557 1510 877 1579 illaqueatus
909 1529 938 1563 :-
1176 1531 1180 1534 ’

488 1582 634 1650 pleni
659 1581 1032 1652 indignatione
1065 1581 1302 1649 Domini,

433 1673 437 1677 ’
486 1653 858 1722 increpatione
890 1653 983 1710 Dei
1014 1655 1108 1708 tui.

411 1723 617 1780 Idcirco
642 1725 766 1779 audi
792 1724 913 1794 hoc,
944 1725 1289 1796 paupercula,

487 1796 555 1850 Et
581 1795 733 1851 ebria
765 1812 870 1850 non
904 1813 932 1852 a
948 1795 1104 1853 vino.

419 1865 546 1921 Ilaec
574 1867 703 1921 dicit
731 1867 1039 1923 dominator
1065 1879 1188 1923 tuus
1223 1869 1502 1938 Dominus,

489 1945 546 1993 et
568 1939 710 2061 Delus
742 1948 885 2006 tuus,
914 1942 1005 2011 qui
1036 1943 1294 2012 pugnabit
1322 1936 1431 2013 [ΑΙ.
1463 1935 1751 2012 pugnavit]
1788 1947 1886 2006 pro
1915 1947 2012 2006 p'o-

563 2027 628 2061 Dll
656 2024 688 2061 0
712 2024 811 2061 SUO
843 2029 856 2061 2

563 2024 688 2078 puto
712 2024 811 2064 suo
843 2029 856 2066 :

419 2079 562 2153 Ecce
594 2081 692 2153 tuli
721 2081 788 2136 de
819 2097 980 2136 manu
1005 2091 1097 2138 tua
1128 2083 1355 2138 calicem
1385 2079 1622 2153 soporis.

490 2151 716 2207 fundum
743 2153 928 2210 calicis
959 2155 1347 2224 indignationis
1379 2151 1534 2222 mem,

492 2239 600 2278 non
628 2224 853 2299 adjicies
884 2235 941 2281 ut
973 2226 1126 2282 bibas
1159 2226 1309 2281 illum
1341 2225 1504 2280 ultra.
1558 2295 1569 2299 _
1684 2292 1690 2299 ε

412 2293 480 2350 Ει
509 2291 708 2365 ponam
730 2295 879 2352 illum
922 2299 976 2352 in
1026 2313 1193 2353 manu
1228 2312 1450 2366 eorum,
1481 2295 1571 2366 qui
1602 2303 1654 2350 te
1684 2291 2017 2348 'bumiliave—

561 2377 710 2434 ruat,

489 2445 546 2494 et
591 2439 852 2495 dixerunt
899 2439 1095 2495 animae
1125 2449 1230 2496 tum
1271 2456 1284 2492 :

563 2524 684 2564 mus
716 2529 728 2563 ζ

419 2579 499 2637 Et
519 2580 746 2650 posuisti
779 2591 837 2653 ut
862 2590 1061 2638 terram
1090 2595 1287 2653 corpus
1315 2591 1466 2639 tuum
1482 2623 1498 2650 ,

495 2660 550 2708 et
584 2654 736 2721 quasi
767 2652 907 2708 viam
942 2652 1372 2710 transeuntibus.

423 2722 585 2796 [Cap._
607 2723 744 2796 ιιι]
774 2724 1078 2796 Consurge,
1109 2740 1400 2796 consurge,

499 2794 1063 2851 induererfortitndine
1089 2805 1200 2864 tua,
1231 2794 1387 2864 Sion,

499 2866 723 2921 induere
743 2869 1080 2923 vestimentis
1107 2868 1292 2938 gloria:
1317 2878 1442 2933 tua),
1471 2864 1799 2933 Jerusalem,
1831 2865 2024 2923 civitas

570 2939 740 2992 sancti
769 2956 782 2990 :

495 3008 622 3078 quia
649 3023 757 3064 non
786 3009 1002 3078 adjiciet
1031 3008 1171 3064 ultra
1213 3019 1278 3065 ut
1311 3015 1650 3079 pertranseat
1695 3021 1796 3079 per
1836 3018 1890 3066 te
1943 3010 2024 3066 in-

566 3079 920 3136 circumcisus
949 3091 1005 3136 et
1028 3081 1361 3137 immundus.

428 3147 700 3207 Excutere
721 3153 790 3207 de
817 3153 1058 3222 pulvere,
1151 3206 1153 3210 .

499 3235 794 3294 consurge,
822 3224 972 3291 sede,
997 3224 1299 3280 Jerusalem
1335 3241 1349 3279 :

498 3294 651 3367 solve
682 3297 1044 3367 vinculaieolli
1071 3296 1168 3360 tui,
1199 3295 1406 3367 captiva
1435 3295 1547 3352 lilia
1577 3295 1730 3352 Sion.

432 3363 569 3432 Quia
602 3364 717 3421 haec
740 3366 871 3421 dicit
897 3366 1156 3422 Dominus
1185 3387 1196 3420 :

412 3435 611 3492 .Gratis
645 3437 957 3493 venumdati
984 3437 1115 3493 eSIis
1143 3455 1156 3491 :

505 3516 561 3562 et
583 3508 703 3564 sine
721 3517 946 3579 argento
972 3509 1338 3568 redimemini.

432 3577 568 3645 Quia
603 3579 718 3635 hzcc
747 3577 875 3634 dicit
904 3579 1162 3636 Dominus
1191 3583 1334 3638 Deus
1370 3603 1381 3638 :

434 3649 492 3704 In
525 3649 819 3725 Egyptian
851 3651 1130 3707 descendit
1155 3657 1394 3725 populus
1425 3670 1581 3712 meus
1625 3654 1681 3711 in
1729 3653 2023 3725 principio,

581 3732 639 3775 ut
668 3722 893 3777 colonus
921 3732 1066 3778 esset
1095 3724 1214 3779 ibi:

507 3800 563 3846 et
596 3795 764 3848 Assur
786 3796 989 3864 absque
1009 3795 1118 3849 ulla
1140 3812 1300 3853 causa
1324 3799 1684 3854 calumniatus
1719 3807 1805 3853 est.
1831 3811 1979 3851 cum.

436 3861 504 3917 Et
534 3865 794 3946 numquid
827 3861 932 3937 [Αἱ.
969 3883 1107 3921 nunc
1135 3871 1297 3943 quod]
1329 3873 1459 3926 mihi
1495 3881 1578 3925 est
1608 3870 1694 3924 hic
1715 3913 1729 3938 ,
1763 3869 1892 3924 dicit
1922 3867 2030 3922 Do-

581 3951 760 3990 minus

509 3982 997 4084 quoniam’abl‘atus
1027 4021 1110 4067 est
1141 4014 1376 4084 p0pulus
1407 4010 1787 4084 meus_gratis?

438 4075 812 4154 Dominatpres
834 4080 953 4148 ejus
985 4075 1164 4154 inique
1188 4075 1373 4154 agunt,
1400 4081 1848 4154 dicit‘Dominus,
1945 4084 1947 4086 ’

509 4157 559 4202 ct
577 4148 776 4224 jugiier
805 4159 913 4224 tota
945 4152 1034 4208 die
1057 4148 1254 4211 nomen
1277 4148 1456 4211 meum
1487 4153 1918 4224 blasphematur.

437 4217 667 4346 Prop-tier
698 4221 801 4278 hoc
823 4223 957 4278 sciet
990 4227 1220 4297 populus
1255 4241 1408 4282 meus
1432 4217 1628 4282 nomen
1658 4239 1837 4281 meum
1866 4225 1920 4278 in
1943 4220 2032 4278 die

578 4307 595 4346 ι
640 4306 668 4346 a
701 4307 716 4346 :

578 4306 668 4346 Illa
701 4307 716 4347 2

505 4363 628 4429 quia
658 4379 758 4438 ego
785 4365 900 4435 ipse
922 4369 1014 4437 qui
1041 4368 1322 4438 loquebar,
1347 4383 1474 4423 cccc
1507 4367 1726 4424 adsum.

437 4430 609 4499 Quam
642 4430 852 4510 pulchri
877 4430 1063 4510 super
1105 4430 1318 4496 montes
1368 4441 1538 4510 pedes
1569 4435 1950 4494 annuntiantis
1978 4443 2032 4493 et

575 4507 918 4574 prtedicantis
947 4525 1138 4580 pacem
1158 4527 1172 4576 ;

509 4580 879 4654 annuntiantis
904 4580 1132 4650 bonum,
1159 4581 1503 4654 praedicantis
1537 4582 1768 4639 salutem
1795 4621 1809 4648 ,

506 4646 733 4704 dicentis
762 4651 891 4706 Sion
923 4667 938 4706 :

506 4717 776 4791 Regnabit
801 4721 942 4778 Deus
971 4733 1090 4779 tuus
1118 4726 1130 4779 !
1872 4749 1874 4751 '

433 4787 553 4844 Vox
592 4787 1005 4862 speculatorum
1052 4809 1267 4855 tuorum
1314 4819 1326 4855 :
1368 4802 1683 4857 levaverunt
1712 4809 1924 4863 vocem,
1959 4793 2032 4850 si-

1329 2438 1622 2494 lncurvarc
1637 2480 1652 2507 ,
1682 2442 1743 2492 ut
1777 2444 2020 2492 transea—

509 4997 538 5026 ⁸
563 4997 830 5073 Generale
847 5015 1040 5057 nomen
1064 5011 1361 5073 posuerunt
1381 5002 1750 5070 exscriptores
1770 4997 2032 5073 Catienis,

441 5077 492 5125 et
517 5070 918 5139 quamplurium
943 5070 1170 5129 aliorum
1200 5091 1330 5128 mss.
1355 5075 1634 5137 codicum;
1664 5085 1878 5139 nempe,
1902 5071 2036 5124 sicut

439 5139 601 5194 bestia
640 5141 946 5212 illaqueata.
978 5147 1250 5200 Observat
1277 5154 1456 5200 autem
1485 5144 1718 5200 Sanctus
1743 5142 2028 5210 llierony-

441 5229 572 5266 mus
611 5212 700 5267 lib.
736 5229 822 5268 xtv
853 5213 1378 5271 Commentariorum
1429 5230 1526 5282 pro
1570 5216 1684 5268 beta
1715 5214 1992 5266 semicocta
2019 5253 2034 5276 ,

439 5283 584 5353 quod
623 5283 768 5339 LXX
797 5286 1136 5356 interpretati
1165 5295 1331 5350 sunt,
1361 5287 1603 5356 reliquos
1638 5297 1828 5356 omnes
1867 5293 2038 5356 Inter-

443 5366 643 5426 pretes,
668 5373 878 5427 orygem
897 5354 1104 5427 ceptum
1127 5369 1175 5411 et
1194 5354 1533 5427 illaqueatam
1557 5355 1914 5421 transtulisse,
1933 5354 2022 5427 qui

440 5427 704 5482 Hebraice
733 5426 1032 5498 appellatur
1053 5437 1210 5496 Nam,
1243 5426 1356 5482 Tho
1381 5475 1394 5498 ,
1443 5429 1586 5499 quod
1633 5443 1817 5499 genus,
1845 5426 2035 5499 bestia:

440 5500 716 5554 nascentis
740 5501 791 5552 in
812 5497 1021 5563 eremo.
1052 5501 1194 5554 inter
1214 5501 1409 5554 munda
1433 5497 1684 5554 animalia
1715 5499 1769 5553 in
1798 5497 2037 5552 Levitico

440 5579 498 5624 et
518 5569 946 5643 illeuternnomio
977 5572 1209 5643 ponitur.
1243 5571 1348 5626 Pro
1373 5587 1481 5643 quo
1517 5571 1659 5625 LXX
1689 5569 1822 5641 Syra
1857 5568 2035 5643 iingua

441 5641 645 5714 opinati
668 5650 792 5695 sunt
814 5638 1043 5713 [L‘lmi'l]
1067 5641 1316 5706 Thoreth,
1341 5638 1460 5714 quze
1481 5643 1680 5696 dicitur
1701 5638 2030 5714 betgiMsnr.

513 5709 554 5792 δ’
574 5713 684 5792 Hoc
713 5709 876 5792 modo
910 5709 1093 5792 legunt
1121 5709 1462 5792 exemplaria
1483 5713 1721 5792 Canonis
1753 5713 2037 5792 llebraicae

441 5783 722 5839 veritatis:
769 5784 897 5841 licet
938 5783 990 5840 in
1039 5785 1463 5842 Carcassonensi
1515 5785 1832 5842 emendator
1862 5783 2034 5851 impe-

1409 249 1468 307 S.
1513 245 1896 306 lllEllONYMI
1933 247 2171 342 DIVINA
2210 248 2696 314 BIBLIOTHECA.

2025 362 2082 424 A

2051 3144 2098 3208 C

3597 250 3706 312 852

2249 363 2362 419 mul
2401 364 2691 422 laudabunt
2721 384 2734 432 ;

2178 435 2301 506 quia
2336 437 2493 492 nculo
2516 437 2580 492 ad
2615 439 2828 491 oculum
2860 436 3146 505 videbunt,

2133 502 2143 513 “
2176 502 2299 562 cum
2323 509 2653 564 converterit
2676 510 2937 564 Dominus
2964 509 3118 564 Sion.

2105 577 2373 645 Gaudete,
2402 589 2456 635 et
2485 581 2700 636 laudate
2730 582 2914 648 simul,
2949 580 3168 636 deserta
3197 579 3501 637 Jerusalem
3532 600 3543 633 :

2177 653 2301 724 quia
2329 652 2641 724 consolatus
2663 660 2743 707 est
2769 652 3035 706 Dominus
3065 652 3322 724 populum
3351 671 3533 722 suum,

2178 721 2408 777 redemit
2447 722 2769 779 Jerusalem.
3068 721 3080 724 '
3138 721 3153 724 '
3522 721 3525 722 '
3708 747 3713 750 .

2106 791 2325 848 Paravit
2367 795 2627 848 Dominus
2667 794 2951 850 brachium
2979 804 3227 851 sanctum
3259 811 3418 852 suum
3447 797 3498 852 in
3527 796 3710 853 oculis

2248 867 2486 920 omnium
2517 866 2756 936 gentium
2795 885 2808 922 :

2179 945 2234 992 et
2264 937 2521 992 videbunt
2551 953 2742 994 omnes
2767 937 2900 994 lines
2929 946 3088 994 terra:
3119 937 3355 996 salutare
3382 937 3479 996 Dei
3506 940 3710 996 nostri.

2108 1005 2387 1075 Recedite,
2421 1009 2677 1076 recedite,
2711 1010 2858 1065 exite
2886 1010 3032 1080 inde,

2181 1079 2446 1153 poilutum
2473 1081 2642 1136 nolite
2666 1091 2888 1153 tangere
2914 1098 2927 1135 :

2181 1150 2326 1206 exite
2349 1152 2416 1206 de
2438 1153 2618 1207 medio
2647 1150 2786 1220 ejus,

2184 1223 2517 1277 mundamini
2545 1224 2634 1293 qui
2663 1223 2814 1280 fertis
2845 1237 2969 1278 vasa
2999 1223 3240 1286 Domini.

2113 1292 2378 1361 Quoniam
2400 1310 2518 1364 non
2548 1292 2600 1349 in
2632 1298 2860 1353 tumultu
2885 1295 3130 1364 exibitis,

2182 1378 2282 1420 nec
2307 1365 2358 1437 in
2385 1363 2504 1437 fuga
2533 1367 2890 1437 properabitis
2923 1383 2936 1419 :

2108 1435 2394 1492 Praecedet
2422 1435 2566 1492 enim
2595 1435 2689 1494 vos
2722 1439 3002 1506 Dominus,

2179 1519 2231 1563 et
2261 1509 2611 1578 congregabit
2642 1524 2740 1564 vos
2771 1510 2914 1565 Deus
2941 1510 3104 1566 Israel

2110 1578 2250 1634 Ecce
2280 1580 2540 1650 intelliget
2567 1596 2758 1636 servus
2785 1597 2958 1648 meus,

2182 1650 2512 1706 exaltabitur
2538 1661 2592 1707 et
2621 1652 2953 1718 elevabilur,

2041 1751 2089 1812 Β
2157 1731 2245 1804 .et
2271 1721 2523 1778 sublimis
2553 1724 2660 1779 erit
2689 1723 2866 1779 valde.

2115 1792 2266 1849 Sicut
2292 1795 2691 1849 obstupuerunt
2717 1810 2866 1849 suaet

2176 1802 2266 1865 cut
2292 1795 2691 1862 obstupuerunt
2717 1810 2884 1865 super
2904 1803 2958 1850 te
2986 1796 3166 1863 multi,

2185 1864 2557 1941 sic_inglorius
2589 1867 2694 1941 erit
2722 1864 2864 1941 inter
2895 1867 3042 1941 viros
3073 1875 3327 1938 aspectus
3346 1868 3461 1941 ejus
3484 1909 3499 1936 ,

2187 1945 2241 1990 et
2269 1935 2441 1991 forma
2473 1937 2590 2006 ejus
2617 1939 2759 1992 inter
2785 1938 2929 1992 filios
2959 1935 3261 1995 hominum.

2117 2005 2227 2061 Iste
2253 2005 2513 2078 asperget
2531 2020 2723 2078 gentes
2746 2010 2963 2076 multas,

2190 2093 2367 2152 super
2387 2081 2562 2149 ipsum
2587 2079 2949 2152 continebunt
2975 2096 3132 2152 reges
3161 2097 3224 2137 os
3253 2097 3408 2139 suum
3438 2099 3455 2137 ε

2119 2148 2478 2278 Quiadquibtlts
2511 2167 2620 2207 non
2646 2163 2728 2208 est
2756 2151 2861 2226 [AL
2887 2153 3025 2226 erat]
3044 2148 3334 2210 'narratum
3356 2156 3426 2212 de
3451 2168 3540 2223 eo,

2191 2237 2239 2274 vi
2284 2237 2414 2277 erun
2466 2239 2480 2278 :

2191 2237 2443 2278 vtoerunt
2466 2239 2480 2286 ζ

2193 2301 2248 2347 et
2269 2292 3210 2368 quiponAaudierant,contemplati
3243 2307 3390 2353 sunt.

2123 2361 2272 2435 [ϐαρ.
2288 2361 2461 2436 Ἰλ111.]
2492 2364 2625 2436 Quis
2647 2365 2879 2421 credidit
2898 2361 3103 2422 auditui
3133 2369 3354 2423 nostro?

2195 2445 2248 2490 et
2270 2435 2552 2492 brachium
2575 2435 2788 2492 Domini
2817 2437 2904 2492 cui
2934 2439 3231 2494 revelatum
3255 2440 3374 2495 est?

2123 2505 2192 2561 Et
2216 2507 2478 2580 ascendet
2503 2506 2647 2580 sicut
2672 2507 2963 2578 virgultum
2986 2525 3168 2565 coram
3192 2525 3281 2580 eo,

2196 2586 2250 2632 et
2275 2579 2415 2634 sicut
2438 2579 2590 2632 radix
2619 2578 2686 2634 de
2713 2591 2856 2635 terra
2886 2581 3087 2636 sitienti
3118 2598 3132 2637 :

2124 2647 2242 2704 Non
2265 2659 2358 2722 est,
2374 2650 2590 2722 species
2613 2651 2682 2715 ei,
2718 2665 2892 2722 neque
2917 2651 3122 2709 decor:

2197 2731 2253 2776 et
2277 2721 2508 2777 vidimus
2527 2737 2673 2788 eum,

2197 2799 2387 2848 etnon
2420 2802 2537 2848 erat
2561 2801 2838 2862 aspectus,

2198 2873 2252 2919 et
2279 2864 2708 2921 desideravimus
2733 2881 2878 2921 eum.

2129 2933 2481 3005 Despectum,
2506 2946 2560 2990 et
2580 2937 2930 2992 novissimum
2959 2938 3222 3000 virorum.

2128 3004 2317 3061 Virum
2341 3007 2610 3070 dolorum.
2637 3019 2692 3064 et
2719 3010 2982 3064 scientem
3029 3009 3395 3067 infirmitatem
3426 3029 3440 3066 :

2207 3079 2362 3154 quasi
2391 3078 2742 3154 absconditus
2769 3079 2947 3135 vultus
2968 3082 3088 3148 ejus
3116 3091 3174 3138 et
3203 3082 3518 3154 despectus,

2203 3149 2346 3206 unde
2374 3165 2472 3206 nec
2502 3152 2870 3220 reputavimus
2898 3167 3043 3207 eum.

2131 3219 2278 3276 Vere
2302 3219 2595 3291 languores
2623 3233 2842 3278 nostros
2869 3223 2986 3292 ipse
3019 3222 3167 3279 tulit.

2199 3301 2255 3348 et
2275 3291 2492 3348 dolores
2515 3302 2730 3368 nostros
2755 3295 2867 3362 ipse
2889 3291 2994 3367 [AL
3027 3305 3159 3349 tacet
3185 3294 3322 3368 ipse]
3353 3297 3589 3368 portavit
3621 3317 3635 3356 :

2199 3375 2255 3419 et
2291 3379 2390 3420 nos
2420 3365 2730 3434 putavimus
2757 3365 3058 3436 cumquasi
3090 3365 3394 3436 leprosum,

2191 3445 2256 3501 et
2287 3451 2600 3505 percussum
2626 3450 2657 3490 a
2685 3437 2797 3493 Deo
2823 3447 2877 3494 et
2899 3437 3262 3493 humiliatum.

2129 3506 2251 3577 Ipse
2301 3517 2481 3563 autem
2539 3510 2856 3564 vulneratus
2884 3519 2967 3564 est
3014 3521 3234 3582 propter
3273 3511 3591 3584 iniquitates
3631 3526 3730 3569 no-

2273 3587 2415 3634 stras
2439 3596 2453 3634 ζ

2200 3652 2416 3724 attritus
2443 3661 2526 3708 est
2554 3659 2778 3724 propter
2806 3652 3010 3709 scelera
3038 3662 3225 3709 nostra
3259 3672 3271 3710 :

2129 3720 2428 3792 Disciplina
2463 3720 2612 3793 pacis
2632 3720 2833 3780 nostrae
2856 3740 3022 3796 super
3050 3739 3198 3794 eum,

2203 3804 2256 3848 et
2289 3796 2459 3850 livore
2481 3797 2598 3864 ejus
2621 3797 2798 3850 sanati
2827 3810 3035 3851 sumus.

2131 3863 2332 3920 Omnes
2361 3880 2460 3920 nos
2486 3863 2641 3936 quasi
2673 3881 2803 3922 oves
2826 3867 3149 3936 erravimus,

2206 3939 2575 4008 unusquisque
2606 3938 2660 3993 in
2683 3938 2825 3992 viam
2849 3954 3001 3994 suam
3030 3937 3331 3995 declinavit
3361 3956 3377 3995 ε

2204 4017 2260 4062 et
2283 4008 2543 4064 Dominus
2575 4012 2754 4081 posuit
2786 4011 2837 4064 in
2869 4024 2935 4065 eo
2978 4009 3322 4080 iniquitatem
3355 4012 3600 4070 omnium
3633 4028 3736 4070 no-

2275 4088 2466 4134 strum.

2133 4148 2361 4205 Oblatus
2382 4161 2487 4218 est,
2512 4151 2636 4221 quia
2666 4151 2782 4222 ipse
2809 4152 3001 4218 voluit,

2211 4232 2265 4276 et
2294 4238 2400 4277 non
2428 4226 2640 4293 aperuit
2669 4238 2730 4278 os
2760 4239 2948 4289 suum;

2135 4295 2289 4351 Sicut
2318 4293 2435 4351 ovis
2467 4295 2532 4349 ad
2556 4294 2881 4349 occisionem
2907 4298 3153 4365 ducetur,

2212 4377 2266 4448 et
2293 4368 2445 4435 quasi
2473 4381 2643 4448 agnus
2672 4380 2856 4422 coram
2892 4368 3153 4424 tondente
3181 4369 3552 4435 obmutescet,

2207 4447 2261 4491 et
2287 4453 2393 4491 non
2419 4446 2624 4507 aperiet
2649 4452 2711 4492 os
2735 4451 2912 4494 suum.

2057 4527 2112 4590 Β
2138 4507 2217 4564 De
2244 4510 2515 4590 angustia,
2543 4517 2598 4564 et
2634 4508 2700 4590 de
2729 4508 2930 4590 judicio
2952 4511 3195 4590 sublatus
3221 4521 3344 4590 est:

2209 4581 2618 4650 generationem
2649 4579 2768 4650 ejus
2793 4583 2914 4650 quis
2940 4585 3256 4640 enarrabili

2140 4649 2274 4719 Quia
2307 4651 2550 4707 abscisus
2575 4658 2660 4706 est
2684 4652 2752 4706 de
2777 4649 2915 4708 terra
2947 4655 3278 4710 viventium:

2213 4730 2434 4797 propter
2461 4723 2640 4797 scelus
2668 4726 2851 4792 populi
2881 4725 2987 4780 mei
3016 4725 3042 4763 δ
3069 4727 3337 4797 percussit
3367 4740 3518 4783 eum.

2140 4794 2208 4849 Et
2233 4794 2384 4850 dabit
2405 4793 2600 4866 impios
2623 4809 2722 4865 pro
2751 4799 3054 4868 sepultura,

2141 4998 2312 5076 ιξιιις⁸
2344 4996 2573 5076 eraserit
2641 4996 2914 5076 ultimam_
2955 4996 3188 5076 Iit_teram
3218 4998 3399 5076 __vocis
3457 4999 3741 5076 percussit.

2143 5069 2404 5142 Eamdem
2433 5068 2647 5142 quoque
2674 5071 2872 5142 retinet
2902 5068 3191 5125 lectionem
3218 5069 3356 5142 liber
3386 5068 3743 5142 perantiquus

2141 5142 2318 5196 dictus
2347 5141 2524 5195 Comes
2556 5140 2739 5195 Sancti
2767 5139 3096 5211 Hieronymi,
3121 5145 3235 5196 sive
3257 5139 3738 5197 lectionarius'ms.

2140 5212 2295 5282 cujus
2339 5221 2530 5268 auctor
2555 5225 2746 5266 omnes
2785 5221 2970 5282 partes
3012 5212 3367 5268 lnstrumenti
3390 5216 3591 5269 veteris
3637 5214 3742 5268 de-

2139 5283 2372 5353 sumpsit
2391 5299 2460 5337 ex
2484 5282 2724 5338 editione
2751 5283 3185 5354 Hieronymiana
3214 5283 3281 5337 ad
3315 5283 3613 5341 Hebraicos
3640 5300 3740 5338 co-

2139 5353 2288 5426 dices
2315 5355 2658 5420 concinnata,
2686 5364 2742 5408 ut
2770 5356 2921 5410 testis
2946 5353 3031 5410 est
3057 5353 3464 5424 prmfatiuncula
3494 5355 3740 5426 ejusdem

2141 5425 2284 5480 libri.
2310 5425 2427 5480 Alia
2457 5441 2589 5497 mss.
2624 5426 2921 5481 Bibliorum
2953 5441 3231 5481 sacrorum
3256 5425 3590 5497 exemplaria
3612 5442 3744 5483 c0n-

2139 5497 2364 5551 eordant
2397 5513 2519 5551 cum
2547 5496 2780 5568 Vulgata
2815 5506 3020 5563 nostra,
3053 5513 3176 5568 qua:
3211 5498 3266 5553 in
3301 5496 3476 5568 prima
3509 5513 3740 5567 persona

2142 5569 2290 5639 legit,
2316 5569 2547 5640 percussi
2569 5585 2705 5623 eum.
2730 5567 3042 5640 Notandum
3069 5583 3198 5624 vero
3220 5570 3271 5625 in
3295 5567 3397 5624 ms.
3422 5567 3743 5625 Corbeiensi

2142 5655 2290 5694 num.
2330 5641 2396 5694 12
2418 5641 2846 5712 εθτὶιιψηιγεδεο
2889 5639 3059 5708 prima
3108 5656 3296 5706 manu,
3331 5641 3584 5712 percussit
3631 5657 3740 5704 eos,

2148 5720 2204 5782 et
2243 5721 2505 5765 mutatum
2545 5710 2742 5766 deinde
2770 5712 2822 5765 in
2853 5712 3103 5782 percussit
3125 5727 3284 5766 eum:
3314 5710 3537 5768 econtra
3565 5713 3742 5767 codex

2142 5780 2342 5853 Regius
2366 5797 2512 5839 num.
2542 5782 2686 5840 5565
2705 5780 3026 5840 emendatus
3049 5781 3180 5854 legit
3201 5784 3452 5854 percussit
3475 5800 3561 5840 eos
3575 5799 3595 5851 ;
3617 5796 3740 5839 cum
