4114 6364
398 439 454 486 et
485 432 539 488 in
571 429 795 488 divitem
825 445 924 502 pro
946 439 1121 490 morte
1149 447 1244 490 sua
1270 450 1282 489 :
1349 434 1356 439 ’

329 501 410 559 Eo
440 504 582 574 quod
608 501 945 572 iniquitatem
976 521 1081 562 non
1110 507 1319 575 fecerit,

401 589 584 649 neque
609 575 769 632 dolus
801 575 963 649 fuerit
991 577 1042 632 in
1071 593 1166 633 ore
1187 578 1324 649 ejus.

332 645 403 701 Et
426 645 690 704 Dominus
718 648 890 703 voluit
923 645 1358 706 conterere‘eum
1388 650 1440 705 in
1473 649 1787 705 inﬁrmitate
1816 665 1829 702 :

331 716 388 774 Si
414 719 660 787 posuerit
684 735 783 790 pro
809 728 1032 789 peccato
1057 722 1296 776 animam
1323 738 1498 789 suam,

401 790 613 846 videbit
639 805 825 846 semen
857 791 1182 860 longaevum,

403 872 460 916 et
482 862 738 936 voluntas
769 863 983 936 Domini
1013 864 1066 936 in
1092 880 1253 919 manu
1280 866 1398 936 ejus
1427 865 1708 936 dirigetur.

331 932 686 1008 Pro_eo_quod
720 933 989 1008 laboravit
1013 935 1120 1007 [Αι.
1155 932 1501 1008 laboraverit]
1529 932 1704 992 anima
1733 934 1873 1006 ejus,

301 1049 304 1053 .
405 1004 610 1060 videbit
628 1016 685 1062 et
715 1004 1047 1062 saturabitur
1073 1025 1086 1062 :

330 1074 641 1150 Inscientia
673 1092 769 1131 sua
793 1075 1114 1150 justiticabit
1145 1079 1261 1150 ipse
1296 1079 1474 1150 justus
1497 1089 1521 1117 ιι
1555 1095 1744 1136 servus
1777 1091 1929 1134 meus

402 1146 510 1217 [ΑΙ.
544 1163 732 1204 servos
763 1149 938 1219 meos]
970 1146 1190 1218 multos,
1296 1146 1332 1208 ’ν

403 1231 459 1272 et
483 1219 797 1292 iniquitates
819 1235 1008 1276 eorum
1043 1223 1159 1290 ipse
1190 1223 1464 1292 portabit-

333 1287 461 1345 Ideo
488 1287 798 1360 dispertiam
831 1293 881 1345 ei
908 1287 1206 1360 plurimosi

303 1416 358 1433 γὴ
403 1369 460 1416 et
493 1361 713 1418 fortium
741 1362 945 1418 dividet
967 1364 1158 1433 Spolia,

329 1429 438 1487 Pro
468 1448 534 1488 eo
558 1435 699 1504 quod
733 1434 950 1489 tradidit
981 1429 1032 1489 in
1073 1446 1300 1492 mortem
1332 1435 1565 1493 animam
1594 1450 1773 1503 suam,

402 1512 605 1561 etcum
632 1506 910 1561 sceleratis
935 1515 1216 1575 reputatns
1244 1517 1328 1562 est
1356 1526 1370 1563 :

331 1572 399 1629 Et
428 1575 544 1645 ipse
574 1587 854 1645 peccatum
890 1572 1178 1632 multorum
1213 1580 1361 1646 tulit,

406 1655 461 1702 et
495 1650 1117 1720 protransgressoribns
1148 1652 1357 1720 rogavit
1381 1649 1433 1704 ιι.

337 1715 489 1794 [ϐιῳ.
515 1718 675 1794 LlV.]
699 1715 901 1794 Lauda,
929 1721 1152 1788 sterilis,
1177 1715 1296 1793 qum
1325 1738 1431 1778 non
1457 1723 1603 1794 paris
1633 1739 1646 1776 :

403 1790 633 1846 decanta
661 1790 896 1858 laudem,

403 1869 458 1916 et
479 1861 626 1918 hinni
657 1880 776 1933 qua:
806 1878 910 1919 non
937 1863 1186 1934 pariebas
1213 1881 1228 1918 :

333 1931 598 2000 Quoniam
623 1931 777 1989 multi
806 1935 904 1990 lilii
925 1931 1182 1998 deserta‘,

403 2005 571 2078 magis
611 2021 772 2078 quam
813 2006 930 2078 ejus
981 2023 1100 2078 quae
1131 2005 1363 2062 habebat
1394 2005 1594 2076 virum,
1650 2006 1784 2062 dicit
1815 2005 1925 2062 Do-

475 2077 674 2132 minus.

334 2146 508 2204 Dilata
536 2149 712 2206 locum
740 2149 962 2206 tentorii
997 2149 1096 2217 tui,

403 2229 458 2274 et
511 2221 684 2291 pelles
741 2221 1212 2279 tabernaculorum
1257 2230 1477 2277 tuorum
1520 2221 1804 2288 extende,
1857 2236 1925 2278 ne

475 2306 666 2362 parcas
697 2309 712 2348 :

341 2360 557 2434 Longos
585 2363 667 2418 l‘ac
696 2363 971 2420 funiculus
1001 2375 1142 2431 tuos,

402 2443 458 2489 et
478 2436 660 2490 clavos
696 2447 818 2491 tuos
849 2439 1150 2494 consolida.

330 2504 416 2559 Ad
446 2505 726 2563 dexteram
760 2506 904 2563 enim
933 2520 986 2562 et
1013 2509 1078 2563 ad
1111 2509 1296 2563 laevam
1330 2509 1643 2578 penetrabis
1674 2526 1688 2565 :

400 2587 455 2632 et
482 2593 666 2650 semen
700 2591 846 2635 tuum
873 2591 1068 2650 gentes
1101 2579 1463 2647 brercditabit,

401 2658 454 2704 et
482 2649 729 2707 civitates
758 2649 1002 2706 desertas
1034 2649 1380 2706 inhabitabit.

330 2718 450 2776 Noli
483 2721 692 2794 timere.
721 2725 846 2792 quia
883 2737 986 2776 non
1011 2722 1381 2789 confunderis,
1400 2737 1576 2794 neque
1598 2723 1918 2780 erubesces:

249 2799 261 2809 '
403 2807 508 2846 non
537 2793 681 2848 enim
715 2804 768 2848 te
797 2794 1041 2862 pudebit,

401 2864 528 2934 quia
552 2864 889 2921 confusionis
911 2864 1294 2921 adolesccnlim
1327 2874 1432 2921 tuae
1467 2866 1828 2928 Oblivisceris.

400 2945 454 2990 et
475 2935 752 3008 cpprobrii
791 2936 1066 2993 viduitatis
1099 2949 1202 2993 ture
1246 2953 1353 2992 non
1400 2936 1776 2994 recordaberis
1807 2952 1921 2992 am-

475 3007 634 3077 plius.

329 3077 468 3151 Quja
497 3078 862 3136 dominabitur
896 3081 973 3137 tui
1004 3081 1095 3151 qui
1127 3081 1258 3137 fecit
1289 3089 1361 3147 te,

401 3149 663 3206 Dominus
685 3149 1033 3208 exercituum
1051 3169 1247 3208 nomen
1273 3154 1390 3222 ejus
1416 3169 1431 3207 :

399 3233 458 3293 et
487 3223 801 3293 redemptor
824 3235 944 3280 tuus
972 3235 1196 3278 sanctus
1227 3223 1413 3290 lsrael,

400 3291 543 3347 Deus
573 3291 752 3349 omnis
787 3304 946 3350 terra:
972 3296 1272 3350 vocabitur.

325 3363 459 3433 Quia
493 3373 552 3419 ut
582 3367 868 3422 mulierem
897 3367 1214 3422 derelictam
1247 3374 1303 3422 et
1343 3375 1668 3423 matreutem
1699 3366 1918 3436 Spiritu,

473 3436 689 3491 Vncavit
720 3445 772 3494 te
797 3437 1079 3501 Dominus,

397 3516 450 3564 et
485 3523 704 3564 uxorem
742 3510 813 3564 ab
848 3508 1216 3565 adolescentia
1258 3508 1519 3580 abjectam
1545 3550 1561 3580 ,
1607 3508 1745 3580 dixit
1775 3507 1917 3564 Deus

475 3587 616 3634 tuus.

321 3648 404 3705 Ad
437 3660 688 3723 punctum
718 3651 1020 3723 inmodico
1041 3651 1307 3723 dereliqui
1341 3660 1412 3717 te,

392 3732 448 3778 et
475 3722 528 3776 in
561 3721 1001 3779 miserationibus
1023 3721 1607 3794 magnis‘congregabo
1634 3733 1712 3783 te.

320 3793 380 3849 In
434 3802 714 3849 momento
761 3794 1152 3866 indignationis
1193 3793 1455 3851 abscondi
1497 3798 1692 3850 faciem
1733 3809 1912 3850 meam

471 3879 761 3935 parumper
785 3881 815 3919 a
844 3876 916 3929 te,

396 3945 453 3991 et
480 3938 529 3990 in
564 3937 932 3992 misericordia
965 3938 1296 4007 sempiterna
1329 3938 1582 3995 misertus
1614 3953 1731 3994 sum
1763 3938 1838 3994 tui
1867 3956 1879 3992 :

393 4008 532 4062 dixit
562 4007 870 4079 redemptor
899 4019 1023 4064 tuus
1043 4009 1322 4064 Dominus.

327 4079 482 4134 Sicut
511 4080 565 4134 in
586 4080 776 4136 diebus
804 4079 921 4137 Noe
948 4083 1089 4134 istud
1123 4081 1256 4136 mihi
1287 4091 1390 4149 est,

391 4151 479 4206 cui
521 4155 700 4218 juravi
751 4167 820 4208 ne
869 4153 1188 4208 inducerem
1229 4168 1399 4224 aquas
1426 4151 1539 4208 Noe
1579 4151 1720 4208 ultra
1751 4166 1917 4223 super

464 4231 662 4278 terram
697 4240 713 4278 ζ

393 4293 668 4363 sicjuravi
693 4304 750 4350 ut
777 4311 882 4351 non
916 4297 1125 4351 irascar
1151 4295 1268 4358 tibi.
1302 4306 1484 4352 etnon
1513 4295 1783 4365 increpem
1821 4305 1889 4352 te.

327 4364 535 4421 Montes
573 4367 1268 4436 enimcommovebuntur,
1321 4377 1374 4423 et
1422 4369 1590 4422 colles
1620 4364 1918 4424 centrcmi-

466 4446 619 4492 scent
649 4455 662 4492 ζ

391 4509 767 4564 misericordia
799 4519 974 4565 autem
1007 4525 1126 4565 mea
1156 4526 1265 4566 non
1295 4510 1513 4566 recedet
1543 4526 1574 4564 a
1609 4518 1685 4578 te,

392 4588 447 4634 ct
480 4580 652 4634 ttedus
685 4581 834 4648 pacis
861 4597 994 4636 mea:
1017 4598 1124 4637 non
1159 4583 1470 4637 movebitur
1503 4600 1514 4636 :

322 4649 471 4706 Dixit
499 4651 783 4704 miseratur
815 4663 936 4708 tuus
960 4653 1218 4708 Dominus
1251 4671 1264 4706 :

391 4721 726 4795 Paupercnla
757 4733 1156 4795 ,~__te_mpestate
1206 4725 1500 4792 convulsa,
1549 4727 1756 4795 absque
1803 4723 1909 4780 ulla

463 4790 571 4861 [ΑΙ.
603 4799 734 4845 tacet
765 4792 896 4865 ulla]
928 4790 1322 4851 consolatione.

316 4862 459 4919 Ecce
478 4877 597 4938 _cgo_
619 4873 859 4938 sternam
879 4862 981 4934 per
1008 4866 1252 4922 ordinem
1285 4866 1488 4938 lapides
1527 4876 1666 4935 tuos,

387 4943 444 4988 et
469 4933 706 4990 illud:th
739 4945 794 4991 te
822 4933 1201 5008 illisapphiris,

313 5058 472 5122 antea
506 5047 758 5104 habuerit
794 5051 1034 5120 percussi
1077 5051 1420 5122 ettnt.anrro
1453 5052 1504 5106 in
1554 5052 1715 5106 editis
1761 5051 1916 5106 libris

313 5121 851 5194 t‘lorttmcntariorum
871 5123 1045 5177 Sancti
1079 5121 1495 5194 liieronymi,ac
1528 5123 1578 5175 in
1609 5138 1739 5177 mss.
1774 5124 1913 5176 anti-

313 5191 596 5262 quioribus
641 5207 706 5245 ac
750 5193 993 5248 melioris
1050 5203 1190 5248 notae
1245 5191 1472 5264 legimus
1521 5196 1777 5264 percussit
1833 5209 1916 5248 eos

314 5283 617 5358 secundum
649 5282 877 5358 Hebrma
901 5285 1065 5358 verba
1093 5271 1200 5346 r25
1237 5299 1353 5352 axi,
1395 5303 1529 5358 uaga
1555 5288 1757 5358 lamo;,
1795 5301 1915 5357 qua:

313 5358 380 5409 ab
412 5354 618 5424 aliquot
647 5356 876 5412 eruditis
916 5357 988 5412 ita
1018 5342 1376 5426 acc‘iﬁiuﬁiﬁi.
1399 5342 1530 5412 acusi
1556 5342 1779 5417 essetet“)
1798 5342 1912 5424 in,

311 5442 444 5502 ruga
465 5427 537 5491 lo,
570 5426 756 5502 idest,
783 5429 939 5502 plaga
966 5430 1037 5502 ei,
1061 5430 1197 5502 sive,
1230 5429 1481 5502 percussit
1509 5444 1644 5490 eum,
1678 5445 1774 5502 pro
1799 5444 1915 5499 per-

313 5497 465 5570 russi!
496 5513 604 5570 eos.
635 5497 709 5552 De
733 5497 990 5570 trimo'pro
1020 5499 1071 5555 lo
1096 5497 1461 5556 vide'criticos
1487 5515 1675 5554 sacros
1700 5501 1750 5554 in
1775 5497 1918 5554 hunc

316 5569 494 5624 locum
527 5567 695 5622 Isaia).
728 5567 909 5626 Mam.
1776 5612 1780 5614 .

382 5647 409 5675 ι
439 5640 657 5707 Aliquot
686 5644 904 5698 codices
931 5658 1059 5698 mss.
1095 5657 1216 5699 cum
1247 5641 1649 5709 exemplaribus
1679 5640 1915 5696 Canonis

309 5709 500 5781 legunt
529 5713 580 5764 in
623 5715 938 5770 accusativo
962 5730 1115 5780 casu,
1146 5732 1315 5769 servas
1349 5730 1484 5766 neos
1516 5714 1723 5776 multos,
1768 5714 1909 5781 quod

310 5780 639 5856 exilebrtco
669 5791 802 5849 ’Ἐν
831 5786 1053 5856 intelligi
1083 5796 1260 5855 potest
1291 5805 1303 5840 :
1340 5801 1462 5840 nam
1485 5784 1529 5838 si
1560 5780 1913 5853 legatur-audi

311 5854 395 5910 Vel
425 5851 571 5924 abdi,
609 5851 1202 5928 intet-pretatur'servus
1230 5874 1372 5914 meus
1399 5872 1416 5913 .'
1447 5857 1490 5914 si
1517 5851 1694 5916 autem
1724 5857 1910 5916 aradai

1509 312 1714 373 LIBER
1755 311 1962 374 ISAIAZ
2005 311 2424 373 PROPllETAS.
2475 270 2477 272 ’

1956 435 2010 496 Α
2034 431 2102 488 Ει
2133 447 2328 502 ponam
2349 431 2618 507 jaspidem
2641 433 3048 507 propugnacula
3074 441 3165 492 tua
3193 452 3209 493 :

1954 1831 2002 1891 B

1945 3225 1992 3288 C

3519 318 3623 378 εει

2107 513 2160 559 et
2189 514 2373 574 portas
2405 515 2526 560 tuas
2551 505 2605 560 in
2639 505 2844 576 lapides
2871 508 3131 578 sculptus,

2106 586 2158 631 et
2187 591 2374 631 omnes
2408 579 2668 633 terminos
2697 589 2816 632 tuos
2845 581 2895 633 in
2923 577 3132 646 lapides
3155 577 3545 639 desiderabiles
3572 600 3584 638 :

2034 646 2331 723 Universos
2359 647 2501 723 ﬁlios
2530 658 2650 704 tuos
2678 649 2868 723 doctos
2899 665 2926 703 a
2957 650 3229 718 Domino;
3264 711 3273 723 ,

2104 727 2159 773 et
2183 719 2579 774 multitudinem
2618 721 2763 784 pacis
2796 721 2926 777 [iliis
2958 723 3102 777 tuis:

2033 789 2102 844 Et
2134 791 2182 843 in
2211 790 2420 858 justitia
2448 791 2760 848 {nudaberis
2789 809 2802 846 :

1989 876 1991 878 ·
2034 861 2249 916 Recede
2274 863 2512 931 procula
2545 864 2840 928 calumnia,
2872 864 2992 936 quia
3026 881 3134 920 non
3159 865 3405 934 timebis;

2105 941 2158 986 et
2180 948 2208 986 a
2234 948 2454 1008 pavore,
2484 936 2609 1008 quia
2641 951 2748 991 non
2780 938 3242 1008 appropinquabit
3272 939 3388 994 tibi.

2033 1003 2173 1077 Ecce
2204 1005 2384 1060 accola
2412 1003 2618 1071 veniet,
2644 1009 2734 1077 qui
2758 1003 2863 1062 non
2894 1003 3011 1063 erat
3041 1003 3279 1076 mecum,

2103 1075 2306 1130 advena
2329 1077 2598 1150 quondam
2630 1075 2753 1133 tuus
2781 1079 3104 1150 adjungetur
3129 1083 3244 1135 tibi.

2031 1147 2173 1202 Ecce
2195 1149 2498 1226 ego_creavi
2529 1150 2734 1226 fabrum
2765 1147 3074 1206 sufllan'tem
3100 1152 3152 1208 in
3178 1153 3300 1224 igne
3325 1167 3549 1226 prunas,

2107 1229 2160 1274 et
2191 1218 2554 1288 prol‘erentem
2591 1235 2684 1274 vas
2715 1221 2766 1275 in
2797 1237 2934 1290 opus
2955 1238 3132 1292 suum,

2103 1299 2158 1363 et
2187 1305 2287 1361 ego
2311 1292 2486 1346 (-reavi
2515 1293 2916 1366 interfectorem
2945 1295 3011 1348 ad
3036 1296 3482 1366 disperdendum.

2031 1362 2204 1426 Otnnc
2237 1378 2351 1433 vas,
2391 1371 2446 1418 et
2487 1364 2629 1434 quod
2662 1364 2845 1420 [ictum
2889 1375 2972 1420 est
3002 1362 3192 1422 cont—ra
3234 1379 3303 1436 te,
3347 1385 3453 1424 non
3487 1369 3620 1425 diri-

2173 1443 2330 1500 getur
2365 1452 2375 1486 :

2099 1514 2404 1630 etgmq’em
2437 1507 2672 1579 linguam
2696 1507 3038 1565 resistentem
3066 1509 3162 1564 tibi
3186 1509 3240 1564 in
3275 1510 3504 1583 judicio,
3536 1512 3624 1582 ju-

2211 1590 2286 1630 iCil
2331 1595 2394 1630 ιε.

2211 1590 2394 1632 reatus.

2027 1646 2156 1703 ιιι-ο
2183 1648 2470 1704 hmrcditas
2497 1664 2778 1706 servm-um
2812 1651 3047 1717 Domini,

2099 1730 2150 1771 et
2171 1717 2380 1790 justitia
2404 1735 2592 1775 eorum
2623 1722 2764 1790 apud
2791 1739 2896 1790 me,
2931 1724 3060 1777 dicit
3091 1723 3372 1781 Dominus.

2030 1788 2178 1862 [ϐαρ.
2207 1789 2562 1864 LY.]0mnes
2590 1788 2864 1859 sitientes,
2883 1788 3071 1850 venite
3098 1798 3164 1850 ad
3197 1812 3363 1864 aquas
3400 1813 3415 1850 :

2102 1871 2158 1930 et
2187 1861 2277 1929 qui
2311 1877 2416 1916 non
2451 1863 2660 1920 habetis
2685 1876 2963 1936 argentum
2995 1866 3100 1937 [AL
3135 1861 3466 1940 pecuniarii],
3494 1881 3621 1939 pro-

2174 1942 2377 2002 perate,

2103 2004 2290 2074 emite,
2322 2015 2377 2058 et
2405 2005 2714 2062 comedite:

2029 2073 2250 2141 Venite,
2283 2077 2450 2132 emite
2478 2079 2683 2148 absque
2711 2090 2959 2150 argento,

2103 2156 2158 2201 et
2186 2149 2392 2218 absque
2418 2150 2527 2204 ulla
2555 2149 2978 2206 commutatione
3006 2151 3189 2206 vinum
3231 2161 3286 2208 et
3316 2154 3418 2211 lac.

2029 2216 2208 2295 Quare
2229 2216 2534 2295 appenditis
2560 2231 2842 2291 argentum
2871 2239 2976 2278 non
3009 2225 3060 2278 in
3087 2225 3334 2295 panibus,

2101 2297 2156 2344 ct
2185 2290 2422 2346 laborem
2447 2290 2684 2348 vestrum
2717 2310 2823 2348 non
2857 2295 2908 2348 in
2941 2298 3260 2352 saturitate?

2030 2361 2249 2434 Audite,
2275 2364 2559 2418 audientes
2583 2380 2689 2432 me,
2719 2374 2774 2420 et
2800 2368 3068 2422 comedite
3092 2367 3314 2434 bonum,

2101 2444 2155 2486 et
2180 2433 2536 2489 delectabitur
2568 2437 2619 2489 in
2651 2437 3012 2492 crassitudine
3041 2441 3217 2493 anima
3241 2433 3441 2497 vestra.

2027 2503 2290 2559 lnclinate
2316 2521 2504 2561 aurem
2534 2519 2794 2574 vestram,
2819 2519 2875 2561 et
2903 2509 3084 2564 venite
3106 2509 3173 2565 ad
3197 2526 3284 2566 me
3310 2529 3323 2564 :

2099 2574 2305 2640 audite,
2339 2587 2390 2631 et
2423 2578 2570 2632 vivet
2600 2579 2782 2633 anima
2811 2590 3009 2647 vestra,

2027 2647 2096 2702 Et
2143 2647 2329 2701 feriam
2381 2649 2536 2703 vobis
2584 2649 2709 2720 [ΑΙ.
2762 2651 3084 2724 vobiscum]
3142 2663 3358 2724 pactum
3419 2659 3622 2729 sempi-

2207 2729 2445 2782 l8l‘llUlﬂ,

2097 2789 2504 2846 misericordias
2531 2803 2552 2831 ε
2584 2792 2752 2848 David
2783 2793 2992 2850 fideles.

2028 2862 2170 2918 Ecce
2195 2872 2386 2918 testem
2417 2866 2632 2934 populis
2653 2864 2776 2920 dedi
2804 2882 2949 2931 eum,

2097 2935 2286 2989 ducem
2314 2949 2377 2989 ac
2397 2948 2787 3006 praeceptorem
2811 2938 3080 3007 gentibus.

2025 3005 2168 3062 Ecce
2194 3016 2432 3075 gentem,
2451 3005 2609 3077 quam
2635 3005 2937 3071 nesciebas,
2964 3009 3180 3065 vocabis
3207 3029 3219 3064 :

2095 3088 2147 3132 et
2168 3086 2386 3156 gentes,
2413 3095 2532 3156 qua:
2559 3091 3070 3156 non‘cognoverunt
3100 3091 3170 3148 te,
3198 3082 3265 3138 ad
3292 3093 3342 3141 te
3371 3096 3615 3156 current,

2098 3158 2317 3219 propter
2351 3149 2635 3205 Dominum
2669 3149 2835 3206 Deum
2869 3161 3043 3214 tuum.

2096 3228 2151 3274 et
2177 3230 2422 3293 sanctum
2461 3221 2648 3290 lsrael,
2679 3223 2804 3290 quia
2834 3225 3154 3293 glorilicavit
3183 3235 3255 3282 tc.

2024 3291 2260 3359 Qumritc
2288 3291 2610 3368 Dominum,
2666 3293 2790 3348 dum
2834 3291 3062 3351 inveniri
3109 3306 3322 3368 potest;
3373 3299 3622 3358 invocato

2164 3379 2319 3429 eum,
2351 3364 2476 3418 dum
2509 3379 2678 3433 prope
2709 3374 2811 3420 est.

2021 3433 2371 3505 Dcrclinquat
2403 3437 2598 3503 impius
2627 3435 2768 3490 viam
2797 3452 2972 3505 suam,

2093 3517 2149 3561 et
2183 3508 2264 3560 vir
2295 3505 2512 3577 iniquus
2536 3507 2890 3577 cogitationes
2916 3525 3060 3574 suas,

2021 3576 2091 3633 Et
2120 3576 2422 3654 revertatur
2448 3577 2556 3654 [41.
2590 3576 2957 3653 convertatur]
2987 3581 3051 3636 ad
3079 3582 3387 3654 Dominum,
3419 3597 3474 3642 ct
3511 3587 3620 3644 mi-

2161 3649 2436 3704 serebitur
2462 3649 2602 3718 ejus,

2091 3729 2148 3777 et
2175 3722 2241 3776 ad
2271 3721 2437 3802 Deum
2468 3731 2744 3777 nostrum:
2771 3724 3028 3795 quoniam
3053 3726 3253 3784 multus
3275 3739 3358 3785 est
3382 3730 3449 3785 ad
3475 3731 3624 3802 igno-

2163 3793 2444 3848 scendum.

2019 3863 2134 3919 Non
2161 3865 2306 3919 enim
2333 3865 2693 3940 cogitationes
2714 3882 2879 3940 mea},
2909 3868 3262 3940 cogitationes
3283 3881 3509 3929 vestrm:
3585 3873 3588 3878 ’

2093 3951 2267 4006 neque
2295 3939 2396 3991 via:
2420 3948 2635 4002 vestrae,
2672 3939 2774 3994 vite
2808 3955 2964 4005 mete,
2985 3939 3127 3996 dicit
3162 3943 3444 4000 Dominus.

2020 4006 2156 4076 Quia
2188 4009 2327 4062 sicut
2358 4010 2663 4064 exaltantur
2692 4011 2814 4066 caeli
2844 4026 2873 4064 a
2903 4024 3068 4080 terra,

2090 4080 2166 4133 sic
2190 4081 2446 4159 Aexaltata:
2471 4090 2595 4136 sunt
2622 4081 2722 4159 via.-
2752 4097 2936 4159 meaea
2966 4084 3065 4139 viis
3098 4086 3313 4156 vestris,
3338 4096 3394 4145 et
3417 4087 3620 4159 cogita-

2164 4155 2339 4206 tiones
2366 4168 2501 4206 mea:
2526 4171 2555 4206 a
2583 4155 3000 4223 cogitationibus
3029 4159 3247 4213 vestris.

2020 4219 2090 4278 Et
2117 4223 2385 4296 quomodo
2413 4219 2695 4296 descendit
2729 4225 2922 4293 iml;er,
2953 4238 3007 4282 et
3039 4228 3129 4282 nix
3161 4229 3226 4284 de
3251 4229 3417 4296 coelo,

2091 4304 2143 4349 ct
2176 4295 2303 4349 illnc
2327 4296 2466 4350 ultra
2493 4311 2603 4350 non
2634 4294 2661 4334 ά
2691 4299 2997 4364 revertitur,

2091 4366 2187 4420 sed
2219 4367 2445 4421 inebriat
2477 4370 2702 4433 terram,
2732 4377 2787 4423 et
2818 4369 3053 4426 infundit
3081 4387 3222 4438 eam,

2091 4447 2144 4492 ct
2168 4440 2477 4506 germinare
2507 4455 2624 4493 eam
2655 4439 2800 4507 facit,

2092 4520 2143 4563 et
2177 4511 2266 4563 dat
2293 4524 2479 4564 semen
2512 4513 2735 4579 screnti,

1945 4615 1996 4676 Β
2094 4590 2146 4634 et
2178 4595 2368 4648 panem
2400 4582 2701 4635 comedenti
2729 4601 2743 4636 :

2019 4649 2111 4707 Sic
2141 4653 2240 4705 crit
2267 4653 2486 4705 verbum
2513 4669 2712 4707 meum.
2737 4673 2743 4705 ι

2083 4667 2111 4706 c
2141 4653 2240 4705 ct‘il
2267 4653 2486 4705 verbum
2513 4669 2712 4718 meum,
2737 4653 2879 4722 quod
2908 4656 3220 4722 egredietur
3241 4659 3308 4715 de
3334 4675 3431 4717 ore
3457 4674 3615 4717 meo:

2090 4740 2196 4794 non
2231 4732 2534 4777 revertetur
2560 4724 2625 4777 ad
2661 4740 2746 4779 me
2774 4741 3025 4794 vacuum,

2089 4793 2186 4848 sed
2221 4795 2379 4848 l'aciet
2409 4810 2762 4864 quaecumque
2789 4799 2953 4865 volui,

2088 4875 2142 4940 et
2173 4867 2580 4940 prosperabitur
2607 4867 2658 4940 in
2694 4867 2799 4940 his,
2835 4870 2898 4922 ad
2929 4886 3049 4940 qua:
3081 4872 3201 4928 misi
3229 4872 3384 4928 illud.

2015 4935 2150 5003 Quia
2181 4938 2232 4991 in
2267 4937 2443 4990 laetitia
2477 4938 2847 5008 egrediernini,
2881 4935 3015 4998 et'in
3042 4960 3172 5012 pace
3199 4945 3580 5014 deducemini,

2023 5051 2138 5124 sive
2165 5050 2372 5124 abadai,
2400 5067 2572 5124 serra;
2595 5068 2732 5124 mea:
2761 5054 3047 5124 signiﬁcat.
3080 5057 3256 5112 MART.

2098 5122 2124 5160 ι)
2167 5121 2329 5177 Addit
2359 5122 2459 5178 bne
2504 5123 2625 5178 loco
2676 5121 2862 5179 Cano'n
2914 5126 3386 5193 Carcassonensis,
3429 5138 3484 5183 ut
3514 5147 3617 5185 non

2024 5194 2272 5268 perirent,
2305 5195 2445 5263 quod
2489 5193 2819 5268 superﬂuum
2851 5204 2956 5261 est,
3001 5214 3102 5255 nec
3131 5201 3270 5268 apud
3304 5202 3471 5256 ullum
3505 5201 3617 5256 l‘er-

2025 5275 2110 5319 tur
2142 5266 2490 5339 ititerpretem
2518 5283 2529 5318 :
2563 5266 2657 5319 sed
2691 5265 3033 5336 desumptum
3057 5280 3140 5324 est
3163 5265 3226 5326 ex
3263 5274 3612 5339 Iectionariis,

2024 5351 2147 5390 nam
2161 5335 2344 5412 Comes
2371 5337 2757 5412 S.llier_onymi
2785 5338 2954 5412 habet
2981 5342 3122 5396 istud
3155 5335 3613 5412 additamentum,

2023 5418 2080 5460 ut
2105 5424 2213 5482 nan
2235 5407 2460 5476 perirent
2485 5409 2605 5482 :_ait
2641 5407 2893 5482 Dominus
2916 5414 3256 5482 omnipotens.
3288 5415 3466 5468 Mam.

2098 5489 2120 5516 ε
2161 5479 2301 5549 Vitio
2350 5478 2743 5549 egscriptnrum
2788 5480 2985 5549 legitur
3040 5478 3092 5538 i'n
3139 5500 3267 5539 mss.
3315 5495 3369 5539 et
3398 5488 3617 5542 Canone

2019 5547 2156 5604 Heb.
2189 5547 2548 5623 ve_rit.__l}avid
2597 5550 2764 5618 ﬁdJis
2820 5547 3004 5608 {cum
3048 5555 3100 5610 in
3148 5566 3292 5610 textu
3327 5556 3612 5623 llebraicn,

2018 5629 2076 5674 et
2122 5619 2467 5694 apud__LXX_
2497 5623 2826 5694 interpretes
2873 5625 3094 5692 pluralis
3129 5627 3198 5679 sit
3245 5643 3527 5694 numerus,
3559 5619 3614 5684 id

2017 5700 2120 5763 est,
2152 5690 2357 5763 ﬁ‘delia,
2384 5692 2469 5744 vel
2497 5693 2697 5762 ﬁdeles,
2730 5702 2782 5747 et
2813 5690 2917 5748 non
2948 5696 3139 5763 ﬁdelis.
3171 5697 3354 5753 Mam.

2087 5761 2114 5798 ά
2159 5761 2356 5818 Ferme
2403 5763 2603 5818 rectius
2652 5761 2702 5818 in
2750 5761 3159 5823 Commentario
3207 5770 3275 5823 ad
3327 5769 3612 5830 Hebraeum

2010 5862 2168 5930 nillil,
2198 5854 2326 5929 legit
2358 5853 2416 5918 ὃ.
2452 5853 2721 5932 Interpres
2745 5858 2803 5920 in
2827 5857 3029 5935 futuro,
3063 5871 3366 5921 ret'ertemr.‘
3423 5923 3429 5935 ,
