3994 6342
529 241 639 303 8ῗὸ
1535 243 1595 299 S.
1638 234 2023 299 llllzliONYMl
2063 233 2297 299 DlVlNA
2340 235 2819 327 BlBLlOTllECA.
3701 238 3792 300 836

581 375 795 423 montes
819 373 876 422 et
902 364 1073 435 colles
1098 363 1398 435 cantabunt
1424 375 1607 435 coram
1637 359 1791 416 vobis
1823 359 2067 429 laudem,
2139 362 2192 425 Α
2290 359 2766 435 quiconsolamini
2799 362 2855 416 in
2879 358 2987 417 diis
3014 356 3208 417 subter
3227 374 3389 417 omne
3423 358 3623 435 lignum
3666 358 3797 418 fron-

578 448 636 496 et
659 439 843 496 omnia
869 426 1017 508 ligna
1047 426 1572 509 regienisplaudent
1599 448 1785 488 manu.
2052 426 2060 429 ⁷
2140 436 2145 445 ’
2290 426 2323 509 7'
2360 433 2576 499 dosuiu,
2834 504 2847 509 _
2938 503 2951 509 Α
3233 504 3266 509 __

508 511 615 569 Pro
644 503 950 575 saliuncule
973 503 1229 564 ascendet
1257 506 1429 572 abies,
2289 504 2638 561 immoiantes
2666 504 2918 573 parvulos
2938 503 2993 561 in
3021 504 3376 575 torrentibus,
3405 503 3595 562 subter
3637 504 3798 562 immi-

580 593 634 639 et
664 598 763 651 pro
793 578 963 637 urtica
995 588 1205 638 crescet
1235 588 1446 652 myrtus
1474 591 1490 635 :
2222 645 2239 652 _
2360 587 2551 632 nentes
2579 576 2798 647 petras?

507 656 575 711 Et
600 645 705 711 erit
729 653 995 708 Dominus
1025 645 1335 707 nominatus
1364 652 1419 705 in
1450 652 1665 721 signum
1693 654 1982 718 aeternum,
2220 645 2552 721 lnpatribus
2579 645 2839 703 torrentis
2866 663 2992 720 pars
3026 658 3138 716 tua,

584 726 725 798 quod
744 740 865 798 non
884 723 1223 798 auferetur:
1338 795 1348 798 _
1906 755 1915 761 -
2288 720 2405 798 hate
2444 729 2528 798 est
2571 729 2854 798 spretus:

504 791 637 871 {ea};
689 796 850 871 ιλιι]
880 796 1005 871 litae
1033 795 1165 863 dicit
1193 795 1461 871 Dominus
1486 809 1499 848 :
1524 865 1535 871 7
1566 864 1579 871 _
2286 800 2342 871 et
2378 793 2529 871 ipsis
2550 791 2795 871 ell'udisti
2829 793 3093 862 libamen,

505 862 786 943 Custodit}:
809 862 1099 943 judicium,
1131 862 1186 922 et
1218 862 1383 922 facile
1410 864 1670 943 justitiam
1696 878 1713 920 :
2214 934 2258 943 __
2287 863 2531 943 obtulisti
2567 862 2915 943 sacriﬁcium.

576 943 703 1010 quia
722 934 873 1009 juxta
905 946 987 1009 est
1014 934 1161 995 salus
1197 954 1338 1010 mea,
1372 934 1433 992 ut
1460 939 1663 1005 veniat,
2213 934 2484 1010 hliunqnid
2512 949 2678 1005 super
2704 935 2786 988 his
2818 951 2924 1010 non
2949 934 3308 1010 indignabor?

578 1006 633 1067 et
657 1006 861 1078 iustitia
895 1006 1037 1079 mea,
1066 1018 1125 1082 ut
1154 1009 1445 1067 reveletur.
2213 1006 2387 1081 Super
2416 1016 2655 1064 montem
2685 1006 2959 1063 excelsum
2990 1019 3045 1064 et
3071 1006 3361 1067 sublimem
3389 1007 3616 1082 posuisti
3642 1008 3802 1066 cubile

506 1083 706 1155 Beatus
734 1081 1270 1155 vir,7qui7facithoc,
1402 1151 1415 1155 7
1530 1153 1542 1155 _
1636 1151 1648 1155 _
1760 1149 1775 1155 _
2360 1088 2534 1155 tuum,

578 1150 636 1209 et
665 1149 1093 1219 illius'homiuis,
1118 1152 1209 1225 qui
1234 1151 1604 1225 apprehendat
1635 1149 1819 1225 istud:
2216 1221 2255 1225 _
2287 1160 2343 1207 et
2382 1151 2509 1206 illuc
2547 1150 2865 1225 ascendisti,
2907 1159 2965 1206 ut
3003 1151 3317 1209 immolares
3359 1151 3587 1207 hostias.

504 1225 830 1283 Cu-todiens
859 1221 1166 1292 sabbatum,
1200 1221 1280 1281 ne‘
1298 1224 1505 1296 polluat
1536 1223 1690 1285 illud.
1873 1292 1887 1297 _
2216 1221 2286 1278 Et
2314 1232 2436 1294 post
2463 1224 2683 1290 ostium,
2713 1232 2769 1280 et
2792 1232 2939 1279 retro
2980 1234 3188 1295 postem
3238 1225 3461 1297 posuisti
3506 1224 3805 1281 memoriale

576 1297 889 1355 cuswdiens
920 1312 1112 1353 manus
1139 1292 1386 1361 suasfne
1413 1297 1574 1351 faciat
1596 1309 1755 1351 omne
1786 1292 2009 1348 malum.
2315 1292 2329 1294 “
2362 1307 2510 1349 tuum
2541 1312 2552 1347 :

507 1364 577 1427 Et
601 1385 708 1426 non
739 1369 881 1425 dicat
912 1368 1059 1425 lllius
1103 1368 1325 1424 advena:
1347 1411 1361 1436 ,
1412 1367 1503 1439 qui
1551 1367 1793 1423 adhaeret
1840 1363 2070 1420 Dornino
2092 1403 2110 1431 ,
2285 1366 2407 1437 quia
2426 1367 2582 1439 juxta
2613 1381 2702 1423 me
2723 1366 3161 1438 discmperuisti,
3193 1376 3249 1426 et
3284 1367 3569 1441 suscepisti
3612 1365 3805 1424 adulte-

651 1443 840 1497 diecns
868 1458 882 1495 :
2359 1454 2476 1493 rum
2505 1455 2517 1492 :

504 1512 864 1585 Separatione
889 1511 1208 1585 dividetme
1241 1511 1501 1569 Dominus
1521 1524 1551 1566 a
1579 1509 1783 1583 populo
1811 1523 1937 1576 suo,
2213 1508 2461 1585 Dilatasti
2487 1508 2667 1585 cubile
2704 1517 2880 1578 tuum,
2910 1518 2970 1567 et
2990 1510 3240 1584 pepigisti
3271 1526 3404 1569 cum
3423 1510 3504 1569 eis
3550 1519 3579 1549 ι
3608 1506 3802 1569 foedus:

508 1581 714 1641 Et'non
743 1585 890 1640 dicat
914 1584 1198 1640 eunuchus
1223 1604 1234 1638 :
1584 1581 1597 1583 ἡ
1658 1581 1670 1583 ⁷
2214 1651 2255 1656 _
2285 1581 2521 1656 dilexisti
2547 1590 2773 1656 stratum
2802 1581 3185 1639 eorum'manu
3216 1592 3422 1656 aperta.

581 1656 721 1729 Ecce
750 1671 850 1729 ego
877 1657 1082 1729 lignum
1112 1657 1344 1729 aridum.
1439 1725 1451 1729 7
1476 1726 1487 1729 _
2213 1651 2285 1708 Et
2309 1653 2529 1729 ornasti
2546 1662 2604 1729 te
2626 1652 2779 1729 regio
2807 1665 3107 1729 unguento,

506 1727 642 1796 Quia
671 1725 943 1783 litec'dicit
972 1726 1233 1785 Dominus
1256 1725 1521 1784 eunuchis
1546 1743 1558 1779 :
2287 1732 2343 1780 et
2381 1725 2743 1791 multiplicasti
2776 1726 3046 1795 pigmenta
3087 1738 3197 1782 tua.

577 1800 677 1835 n..:
697 1798 1281 1835 nnctnrlinninthhlnm
1308 1814 1423 1835 Innn
1468 1807 1517 1835 Μ
1533 1795 1790 1835 alnum-int
1809 1808 1927 1835 num
1941 1789 2106 1835 vnlni-
2142 1757 2188 1835 β
2220 1795 2405 1835 Mieicti
2436 1797 2637 1835 lonnlnc
2669 1806 2789 1835 tunc
2816 1798 3010 1835 nrnnnl

577 1800 679 1869 Qui
697 1798 1282 1855 custodierintsahhata
1308 1814 1448 1862 mea,
1468 1795 1927 1868 etelegerintqntu
1941 1789 2108 1860 volui,
2142 1789 2188 1835 Ρ
2217 1795 2407 1869 Misisti
2435 1789 2638 1869 legatos
2669 1789 2789 1851 tuos
2816 1789 3033 1865 procul,

654 1882 709 1926 et
739 1872 1013 1925 tenuerint
1040 1870 1217 1924 foedus
1245 1885 1455 1925 meum:
1757 1885 1783 1939 '7
2220 1938 2231 1939 7
2288 1877 2345 1923 et
2372 1868 2651 1922 hnmtliatn
2679 1883 2739 1939 es
2769 1883 2941 1939 usque
2969 1869 3035 1923 ad
3066 1868 3292 1927 inferos.

509 1942 661 1998 Dabo
684 1942 765 1997 eis
791 1942 843 1996 in
874 1943 1034 1997 domo
1065 1958 1206 2007 mea,
1232 1952 1287 1997 et
1319 1944 1375 1995 in
1404 1941 1573 1995 muris
1597 1939 1735 1996 meis
1772 1938 1976 2004 locum,
2218 1938 2273 1994 In
2299 1939 2639 1995 multitudine
2667 1938 2769 1994 vite
2797 1950 2902 1993 ttue
2932 1941 3189 1997 laborasti
3217 1959 3229 1993 :

581 2024 636 2069 et
659 2028 856 2068 nomen
888 2014 1082 2069 melius
1112 2028 1140 2065 a
1168 2014 1290 2068 filiis
1323 2022 1379 2067 et
1404 2010 1651 2067 ﬁliabus:
2289 2026 2397 2066 non
2423 2010 2642 2066 dixisti:
2669 2010 2955 2080 Quieseam
2984 2030 2998 2066 :

504 2083 712 2142 Nomen
744 2085 1135 2156 sempiternum
1167 2085 1307 2140 dabo
1333 2086 1437 2152 eis,
2218 2080 2395 2137 Vitam
2427 2097 2619 2138 manus
2647 2091 2754 2137 tuae
2786 2083 3059 2156 invenisti,
3157 2082 3169 2093 ⁹

581 2155 725 2226 qttod
760 2154 1141 2228 non‘peribit.
1244 2225 1273 2228 77
1516 2225 1541 2228 _
1657 2224 1669 2228 _
2000 2220 2014 2228 ἢ
2214 2224 2245 2228 _
2289 2163 2714 2228 propterea77non
2745 2154 3081 2228 r7ogasti_[Al.
3111 2157 3237 2211 add.
3273 2156 3411 2228 me],

410 2288 419 2295 ,
509 2228 577 2285 Et
601 2220 749 2283 "filios
780 2220 1025 2296 advenae,
1056 2227 1148 2299 qui
1191 2225 1474 2283 adhterent
1515 2224 1779 2294 Domino,
1829 2233 1885 2279 ut
1932 2220 2113 2279 colant
2213 2220 2321 2282 Pro
2348 2220 2453 2297 quo
2481 2224 2711 2281 sollicita
2743 2220 2993 2299 timuisti;
3024 2228 3148 2298 quia
3178 2220 3406 2286 mentita
3429 2243 3510 2294 es,

654 2315 802 2363 eum,
1076 2298 1081 2299 ⁷
1242 2301 1247 2307 ’
2286 2308 2340 2353 et
2367 2299 2471 2353 mei
2504 2313 2611 2352 non
2639 2313 2699 2352 es
2727 2298 3029 2363 recordata,
3438 2318 3443 2321 -

576 2382 631 2426 et
654 2372 881 2443 diligant
909 2387 1106 2427 nomen
1137 2370 1278 2442 ejus,
1313 2379 1371 2424 ut
1400 2371 1510 2425 sint
1535 2370 1585 2426 ei
1610 2369 1888 2443 inservos
1912 2383 1927 2420 :
1947 2437 1959 2443 _
2225 2439 2247 2443 Α
2287 2385 2462 2443 neque
2488 2370 2734 2439 cogitasti
2770 2370 2821 2423 in
2851 2368 3021 2443 corde
3046 2379 3166 2427 tuo.

507 2443 736 2499 Omnem
756 2437 1181 2499 'cnstodientem'
1197 2443 1478 2498 sabbatum
1506 2458 1573 2497 ne
1602 2440 1803 2513 polluat
1829 2437 1983 2506 illud,
2212 2439 2350 2509 Quia
2377 2437 2478 2511 ego
2503 2437 2709 2513 tacens,
2742 2450 2796 2496 et
2822 2442 2973 2513 quasi
3002 2455 3110 2498 non
3140 2441 3355 2511 videns,

579 2525 632 2569 et
661 2524 932 2571 tenentem
964 2514 1138 2570 foedus
1173 2527 1352 2569 meum
1379 2532 1393 2568 :
1603 2510 1617 2513 ⁷
2286 2522 2340 2568 et
2371 2510 2473 2567 mei
2504 2510 2670 2567 oblita
2704 2527 2783 2566 es.
2838 2510 2855 2513 ’
3268 2512 3271 2517 ’

506 2585 794 2659 Adducam
818 2602 911 2641 eos
938 2587 993 2643 in
1023 2593 1262 2659 montem
1293 2595 1538 2640 sanctum
1568 2598 1773 2659 meum,
2213 2582 2328 2654 Ego
2354 2584 2687 2639 annuntiabo
2709 2581 2973 2659 justitiam
3001 2593 3169 2652 tuam,

576 2670 629 2713 et
652 2654 941 2713 ltetilicabo
971 2654 1066 2713 eos
1096 2659 1151 2713 in
1182 2654 1345 2713 domo
1370 2656 1632 2712 orationis
1659 2670 1794 2709 mea:
1822 2669 1837 2717 ;
2032 2721 2065 2725 77
2093 2721 2105 2725 7
2228 2723 2239 2725 7
2284 2664 2342 2711 et
2367 2670 2531 2722 opera
2564 2662 2651 2708 tua
2687 2671 2791 2708 non
2825 2656 3127 2725 proderunt
3160 2656 3273 2712 tibi.

505 2729 829 2786 llolocausta
854 2745 1066 2802 eorum,
1086 2740 1141 2784 et
1164 2731 1399 2785 victimae
1418 2742 1627 2795 eorum,
1662 2726 1953 2796 placebunt
1976 2721 2108 2778 mihi
2211 2723 2345 2782 Cum
2373 2721 2715 2793 clamaveris,
2746 2721 2981 2802 liberent
3011 2737 3064 2783 te
3088 2730 3399 2802 congregati
3431 2730 3530 2797 tui,

642 2816 807 2870 super
837 2801 996 2856 altari
1028 2816 1182 2856 meo:
1784 2867 1795 2870 7
1822 2867 1832 2870 _
2284 2809 2334 2853 et
2364 2811 2556 2870 omnes
2582 2812 2676 2854 eos
2707 2796 2919 2853 auferet
2946 2813 3141 2855 ventus
3167 2819 3179 2853 :

578 2867 935 2944 quia—domus
961 2887 1101 2941 mea,
1131 2871 1325 2927 domus
1351 2869 1612 2926 orationis
1644 2867 1932 2924 vocabitur
1970 2880 2108 2922 enn-
2222 2940 2245 2944 _
2284 2867 2437 2944 tollet
2463 2884 2635 2944 aura;

650 2942 754 2997 etis
782 2943 1013 3013 populis.
1088 2940 1091 2941 ⁷
1583 3011 1593 3013 7
1897 3010 1914 3013 _
2046 3007 2060 3013 _
2210 2940 2312 3011 Qui
2343 2952 2522 2996 autem
2558 2940 2805 3013 fiduciam
2833 2941 2996 2996 habet
3025 2942 3153 3008 mei,
3203 2941 3549 2998 hmreditabit
3571 2953 3803 3011 terram,

502 3014 590 3069 Ait
624 3007 883 3071 Dominus
911 3014 1073 3081 Deus,
1102 3014 1195 3085 qui
1226 3022 1519 3085 congregat
1564 3011 1844 3085 dispersos
1896 3007 2063 3067 Israel
2090 3027 2105 3065 :
2216 3007 2255 3085 ς’
2324 3024 2408 3085 7et
2434 3012 2734 3082 possidebit
2760 3023 3004 3069 montem
3037 3007 3281 3070 sanctum
3313 3030 3515 3070 meum.

502 3084 695 3141 Adlme
723 3086 1061 3155 congregabo
1092 3082 1159 3140 ad
1188 3101 1311 3143 eum
1339 3082 1703 3156 eniigregatos
1733 3082 1874 3152 ejus.
2213 3083 2519 3156 Etdicam:

500 3160 702 3213 Omnes
730 3158 914 3229 bestia:
938 3154 1076 3229 agri,
1108 3156 1290 3213 venite
1317 3157 1384 3212 ad
1415 3154 1815 3225 devorandum,
2130 3156 2181 3220 Ε
2286 3154 2439 3229 Viam
2473 3155 2653 3229 facite,

574 3229 844 3284 universa:
873 3226 1062 3284 bestia:
1086 3231 1277 3285 saltus.
2285 3227 2522 3297 praebete
2552 3226 2678 3290 iter,

502 3300 888 3373 Speculatores
916 3299 1033 3371 ejus
1061 3304 1212 3368 Οιιὶεὶ,
2279 3298 2545 3373 (Ιθςιίιιιιιθ
2559 3298 2642 3373 _de
2674 3298 2890 3373 semita,

572 3376 770 3427 Omnes
797 3368 1142 3427 nescierunt:
2223 3441 2234 3442 7
2280 3369 2488 3425 auferte
2514 3368 2834 3442 offendicula
2866 3369 2936 3425 de
2960 3369 3048 3425 via
3078 3370 3261 3442 populi
3294 3371 3421 3428 mei.

508 3442 755 3501 Uttit'ersi
782 3457 944 3499 canes
971 3445 1101 3499 muti
1132 3458 1240 3501 non
1270 3443 1512 3500 valentes
1540 3442 1762 3510 latrare,
2206 3441 2340 3511 Quia
2369 3442 2485 3498 haec
2509 3440 2640 3496 dicit
2668 3442 2937 3507 excelsus,
2970 3451 3026 3498 et
3048 3440 3294 3500 sublimis
3317 3443 3571 3500 habitans
3597 3443 3806 3500 aeterni-

577 3516 823 3569 videntes
851 3529 1009 3583 vana,
2353 3524 2515 3569 tatem
2546 3530 2560 3567 :
3426 3542 3433 3545 -

572 3586 930 3653 dormientes,
965 3599 1017 3642 et
1047 3597 1295 3644 amantes
1324 3588 1558 3644 somnia.
2277 3595 2335 3643 et
2360 3592 2608 3641 sanctum
2638 3598 2832 3641 nomen
2860 3584 2979 3657 ejus
3006 3585 3061 3642 in
3083 3586 3305 3642 excelso
3330 3594 3386 3642 et
3407 3586 3460 3642 in
3490 3596 3677 3645 saneto
3704 3586 3801 3645 ba-

500 3658 568 3714 Et
596 3673 759 3728 canes
788 3657 1244 3728 impudentissimi
2351 3658 2552 3721 bitans,

575 3726 884 3784 nescierunt
914 3730 1251 3784 saturitatem
1281 3747 1293 3783 :
2206 3728 2274 3786 Et
2303 3744 2426 3786 cum
2456 3729 2689 3784 contrito
2717 3735 2773 3784 et
2802 3726 2991 3783 humili
3020 3728 3214 3795 Spiritu
3238 3747 3254 3786 :

502 3798 611 3870 Ipsi
648 3811 891 3872 pastores
916 3800 1303 3871 iguomverunt
1329 3800 1743 3872 intelligentiam
1770 3816 1786 3855 :
2276 3812 2331 3856 ιιι
2353 3800 2593 3872 vivillcet
2624 3800 2872 3871 spiritum
2903 3800 3209 3869 humilium,

571 3885 761 3926 omnes
787 3868 841 3945 in
872 3868 1011 3926 viam
1040 3888 1193 3927 suam
1223 3868 1674 3945 declinaverunt”
2203 3942 2247 3945 μ
2272 3882 2332 3930 et
2354 3871 2590 3945 viviﬁcet
2616 3868 2712 3928 cor
2737 3872 3121 3945 contritorum.

573 3943 945 4010 unusquisque
968 3944 1033 3997 ad
1065 3946 1342 4015 avaritiam
1376 3960 1549 4011 suam,
1642 3942 1648 3945 ’
2201 3942 2319 4000 Νοιι
2351 3946 2494 3999 enim
2524 3944 2577 3998 in
2607 3943 3002 4015 sempiternum
3038 3942 3235 4015 ligabo,

569 4031 598 4069 a
622 4029 842 4088 summo
869 4029 1037 4083 usque
1065 4014 1132 4068 ad
1162 4016 1537 4070 novissimum.
1550 4024 1564 4088 χ
2216 4086 2227 4088 7
2274 4030 2450 4088 neque
2477 4029 2649 4088 usque
2672 4014 2942 4088 adfinem
2971 4013 3179 4088 irascar
3202 4031 3221 4069 :

502 4084 712 4151 Venite,
738 4100 1015 4158 suniamus
1043 4088 1249 4158 vinum,
1550 4084 1561 4088 ⁷
2199 4086 2333 4156 Quia
2358 4084 2579 4157 spiritus
2604 4101 2633 4139 a
2665 4084 2805 4141 facie
2834 4099 2952 4141 mea
2976 4087 3304 4158 egredietur,

569 4168 628 4213 et
654 4156 1309 4229 iutpleamurebrietate:
2208 4228 2215 4229 7
2271 4168 2326 4214 et
2358 4156 2516 4213 flatus
2543 4172 2643 4227 ego
2674 4158 2891 4212 faciam.

498 4231 565 4288 Et
594 4233 699 4284 erit
729 4227 867 4302 sicut
896 4227 1079 4302 hod'e,
1110 4230 1186 4285 sic
1212 4239 1267 4287 et
1292 4244 1434 4299 cras,
1487 4300 1499 4302 _
2198 4228 2429 4302 Propter
2452 4229 2785 4302 iniquitatem
2811 4228 3055 4285 avaritia:
3081 4228 3199 4301 ejus
3223 4229 3398 4285 iratus
3428 4245 3574 4302 sum,

567 4312 623 4357 et
644 4300 817 4357 multo
844 4299 1095 4370 amplius.
1486 4300 1505 4310 “
2269 4299 2325 4357 et
2351 4299 2588 4371 percussi
2620 4314 2743 4355 eum
2773 4318 2786 4354 ε

495 4372 644 4447 [ϐαρ.
679 4371 859 4443 LVll.]
886 4371 1073 4447 Justus
1103 4372 1266 4447 perit,
1376 4443 1385 4447 _
1570 4441 1585 4447 _
2196 4370 2473 4447 Abscoiidi
2506 4370 2532 4409 ι’
2566 4386 2595 4425 a
2624 4381 2677 4426 te
2705 4371 2896 4428 faciem
2927 4386 3128 4441 meam,

566 4441 620 4499 et
646 4458 806 4500 nemo
834 4441 940 4511 est,
969 4443 1061 4516 qui
1092 4441 1348 4511 recogitet
1374 4443 1426 4498 in
1455 4441 1621 4500 corde
1645 4456 1746 4498 suo
1768 4484 1783 4500 .
2082 4482 2089 4489 -
2200 4515 2205 4516 7
2266 4455 2324 4500 et
2354 4443 2663 4516 indignatus
2685 4458 2807 4516 sum
2834 4464 2848 4500 :

495 4516 565 4573 Et
589 4518 686 4598 viri
720 4514 1106 4603 misericordia}
1132 4517 1478 4603 colliguntur,
2114 4539 2169 4603 D
2196 4515 2264 4572 Et
2287 4515 2422 4599 abiit
2442 4512 2609 4587 vagus
2638 4512 2745 4588 (Al.
2777 4516 3070 4573 ambulavit
3097 4513 3355 4581 murreus)
3398 4514 3455 4571 in
3499 4513 3579 4573 via
3611 4512 3788 4572 cordis

565 4589 688 4658 quia
712 4602 826 4658 non
854 4596 936 4658 est
960 4587 1063 4658 qui
1081 4584 1386 4658 intelligat:
1612 4655 1621 4658 7
2114 4584 2168 4603 ⁸¹
2339 4588 2447 4642 sui.

564 4654 596 4713 ιι
622 4654 757 4714 faeie
789 4656 933 4713 enim
963 4654 1179 4713 malitiae
1205 4654 1467 4715 collectus
1495 4667 1578 4715 est
1605 4655 1801 4729 justus.
2197 4656 2327 4716 Vias
2355 4659 2472 4729 ejus
2501 4657 2636 4722 vidi,
2659 4666 2713 4714 et
2740 4659 2927 4715 sanavi
2957 4673 3105 4727 eum,

493 4729 690 4788 Veniat
717 4744 898 4804 pax,_
1465 4799 1479 4804 7
1540 4800 1551 4804 7
1628 4800 1640 4804 7
1919 4798 1934 4804 _
1994 4800 2007 4804 7
2069 4800 2087 4804 _
2267 4730 2701 4804 etreduxieum,
2733 4742 2786 4786 et
2815 4730 3026 4787 reddidi
3050 4729 3453 4789 consolationes
3480 4730 3600 4804 ipsi,

563 4798 866 4875 requiescat
885 4799 938 4875 in
959 4799 1121 4858 cubili
1146 4814 1246 4857 suo
1266 4804 1358 4873 qui
1375 4799 1669 4857 ambulavit
1697 4799 1803 4873 [AL
1828 4798 2089 4875 ambulat]
2203 4870 2233 4875 _
2267 4811 2322 4857 et
2349 4802 2655 4875 lugentibus
2672 4805 2820 4875 ejus.

637 4870 691 4928 in
720 4874 1016 4947 directione
1040 4887 1157 4947 sua.
1631 4943 1642 4947 _
1682 4870 1717 4947 _'
2071 4870 2088 4875 ”
2193 4870 2384 4929 Creavi
2415 4870 2644 4947 fructum
2664 4872 2935 4947 labiorum
2966 4889 3173 4947 pacem,

488 4944 601 5003 Vos
631 4952 808 4999 autem
829 4942 1069 5021 accedite
1092 4944 1219 5021 huc,
1252 4942 1349 5021 lilii
1370 4942 1750 5021 auguratricis,
2266 4958 2451 5021 pacem
2483 4945 2558 5012 ei,
2585 4946 2676 5016 qui
2704 4944 2863 5017 longe
2891 4942 2993 5015 est,
3026 4955 3082 5003 et
3124 4942 3216 5019 qui
3267 4963 3457 5021 prope,
3506 4946 3637 5004 dixit
3657 4944 3783 5021 ,Βο-

560 5030 747 5071 semen
790 5016 1042 5077 adulteri,
1084 5027 1138 5070 et
1176 5013 1506 5075 fornicarite.
2267 5013 2279 5016 ⁷
2335 5016 2533 5085 minus,
2604 5013 2621 5016 “
2801 5013 2823 5017 ⁷
2982 5013 2987 5015 ⁷
3140 5013 3155 5019 '
3269 5013 3284 5020 '
3368 5013 3383 5021 '
3444 5013 3449 5015 τ
3657 5013 3671 5021 -

482 5088 663 5158 Super
688 5101 846 5156 quem
880 5086 1123 5158 lusistis?
1686 5157 1693 5158 7
1946 5157 1953 5158 7
2259 5096 2315 5145 et
2340 5091 2525 5144 sanavi
2552 5103 2696 5145 eum.

558 5157 722 5236 super
742 5172 902 5236 quem
932 5157 1198 5236 dilatastis
1226 5174 1312 5236 os,
1339 5157 1961 5236 etejecistislinguam}
2187 5158 2345 5233 lmpii
2394 5170 2575 5217 autem
2622 5160 2774 5232 quasi
2824 5175 2974 5220 mare
3023 5161 3267 5231 fervens,
3315 5163 3459 5235 quod
3505 5162 3777 5236 quiescere

486 5228 760 5300 Numquid
786 5242 892 5283 non
926 5243 1021 5285 vos
1048 5229 1140 5284 ftlii
1167 5227 1406 5297 scelesti,
1434 5245 1622 5287 semen
1665 5227 1939 5286 mendax?
2273 5227 2288 5233 ⁷
2335 5248 2442 5288 non
2472 5227 2671 5304 potesr‘,

557 5402 583 5429 ιι
616 5388 1120 5463 Propiusllebrazo,
1153 5399 1295 5447 tacet
1323 5393 1376 5448 in
1407 5391 1816 5448 Commentario
1842 5391 1902 5447 ὃ.
1926 5390 2086 5447 Pater
2188 5392 2323 5463 legit
2351 5395 2404 5450 in
2433 5393 2869 5461 Commentario;
2900 5394 2999 5453 sed
3027 5396 3189 5452 etiam
3222 5395 3273 5451 in
3304 5395 3542 5453 subnexa
3574 5392 3646 5453 ibi
3669 5408 3772 5446 cx-

485 5464 673 5538 faedus.
705 5462 928 5517 Rectius
957 5477 1172 5532 quoque
1199 5480 1323 5519 eum
1371 5466 1565 5521 eodem
1611 5463 1910 5536 archetypo
1955 5466 2085 5535 legit
2192 5462 2459 5536 positione
2499 5467 2923 5538 luculentissima
2962 5468 3141 5535 docet,
3172 5477 3377 5523 tantum
3407 5466 3764 5538 subaudirict

482 5535 646 5633 paulo
674 5564 795 5628 post
823 5554 949 5627 regi,
981 5569 1080 5624 pro
1104 5554 1242 5627 reg”,
1270 5557 1435 5613 ιιειη..
1472 5540 1648 5641 Ἶῐ-,Ὡῐλ
1808 5535 1815 5536 “
2188 5545 2463 5641 contexui.
2492 5535 2654 5592 Certe
2673 5553 2855 5641 Ineque
2887 5541 2936 5641 ihn
2966 5539 3129 5641 Hebr.
3160 5551 3307 5608 sunt,
3335 5535 3766 5641 quiltantgmha:

854 5607 1069 5627 νμτη
1158 5607 1434 5627 ,πη---
1531 5607 1647 5616 η-μ
2775 5607 2779 5608 ν
3087 5612 3140 5640 .,
3322 5607 3461 5646 λ..
3598 5607 3657 5621 ..

480 5636 489 5645 δ
556 5650 583 5692 δ
615 5652 741 5707 Ιιιυο
771 5648 964 5715 verba,
995 5655 1093 5701 ate
1121 5646 1309 5711 [aciem
1336 5607 1521 5716 nteant:
1557 5665 1746 5718 parum
1789 5659 1872 5704 est
1917 5663 2079 5704 Vct‘o-
3168 5608 3763 5718 ef.9.‘i‘:.f.'l‘,s."[‘,‘fi'f,§'f

557 5676 583 5692 ν
615 5676 741 5707 Ιιζιῖυ
776 5676 964 5715 νυῐυίί,
995 5676 1025 5701 u
1047 5676 1093 5701 ιιι
1121 5676 1309 5711 [unum
1336 5676 1521 5716 meum,
1557 5676 1746 5718 [)ill'lllll
1789 5676 1872 5704 cat
1920 5676 2055 5704 νων

478 5723 703 5809 ειωιιιεη
730 5737 795 5778 ex
842 5718 1168 5809 llieroiiynii
1208 5722 1445 5809 profecta
1469 5736 1615 5809 esse
1661 5737 1846 5809 manu,
1876 5720 2055 5809 neduu

2184 5681 2307 5734 alia:
2342 5676 2628 5736 Yet-siones
2656 5689 2777 5749 post
2801 5676 3171 5751 Septuaginta,
3200 5676 3450 5736 videntur
3476 5695 3540 5735 ex
3568 5676 3761 5753 παραὶ·

2184 5750 2313 5809 λήλω
2339 5750 2458 5809 loco
2487 5752 2640 5809 Deut.
2673 5768 2799 5808 sui
2820 5792 2834 5809 .
2866 5752 2953 5809 l7.
2977 5761 3067 5807 aut
3090 5767 3262 5809 xuii.
3287 5751 3380 5809 20.
3407 5750 3681 5809 accepisse.

481 5752 681 5789 pluma,
730 5752 794 5778 ει
842 5752 1157 5789 ιιιυιυηιιιιι
1209 5752 1445 5789 plu-cura
1492 5752 1615 5776 ιτι-δυ
1661 5752 1846 5786 utauu,
1876 5752 2057 5776 ucuuu

481 5797 629 5855 enim
652 5794 740 5853 illa
762 5791 977 5867 penitus
1002 5790 1403 5867 pratermittit,
1431 5792 1520 5852 ubi
1550 5792 1692 5851 hunc
1719 5792 1898 5849 locum
1938 5805 2058 5864 prae

2181 5752 2313 5824 λήλῳ
2339 5752 2458 5809 loco
2487 5752 2640 5809 Deut.
2673 5768 2799 5808 sui
2820 5792 2834 5819 ,
2866 5752 2953 5819 l7,
2977 5761 3067 5807 aut
3090 5767 3262 5820 xuii,
3287 5752 3380 5821 20,
3407 5752 3680 5821 accepisse.
