2057 3182
188 115 243 145 ἑδῚ

772 116 873 146 LIBER
893 115 994 154 lSAL/E
1014 116 1222 148 ΡΒΟΡΠΕΤᾸΞ.

1786 123 1838 153 858

224 179 253 202 et
275 175 428 204 redundant
448 173 547 203 ﬂuctus
567 172 627 210 ejus
650 174 676 202 in
704 174 937 202 conculcationcm
963 180 991 203 et
1002 181 1029 209 Α
1044 176 1076 203 Ει
1089 175 1284 210 glorificaveris
1299 182 1372 207 eum,
1389 174 1453 203 dum
1466 183 1519 204 non
1531 175 1596 204 facis
1610 176 1667 204 vias
1684 181 1754 211 luas,

261 211 358 239 lulttm.

189 245 248 283 Non
262 252 307 274 est
321 255 382 281 pax.
394 247 463 274 dixit
476 246 548 275 Deus
558 253 634 274 meus
645 245 700 282 [Αι.
714 249 780 274 tacet
791 246 887 283 meus],
900 246 990 283 impiis

190 282 266 319 [Cap.
283 283 385 319 LVlll.']
399 283 503 317 Clama,
520 290 554 310 ne
569 290 671 316 cesses,

227 320 305 354 quasi
317 321 380 346 tuba
395 319 486 346 exulta
499 326 594 346 vocem
610 323 693 350 luam,

226 360 254 382 et
268 357 397 384 annuntia
414 356 514 390 populo
528 361 590 382 meo
604 354 710 381 scelera
722 361 827 388 eorum,

226 396 254 418 et
267 391 358 418 domui
372 391 455 418 Jacttb
472 394 579 424 peccata
595 397 699 417 eorum.

189 425 232 454 Me
247 427 347 464 etenim
363 427 397 464 de
411 426 455 454 die
467 427 493 453 in
510 426 580 464 diem
595 431 729 464 quarunt,

228 468 255 489 et
270 463 340 490 seire
354 463 409 489 vias
425 469 499 490 meas
515 462 621 489 volunt:

190 497 273 531 Quasi
289 506 367 534 gens,
382 506 441 533 qum
453 498 585 533 justitiam
601 497 703 534 fecerit,

227 539 256 561 et
267 533 398 568 judicium
413 534 460 562 Dei
475 534 517 561 sui
533 541 585 560 non
599 533 792 569 dereliquerit:

190 568 299 604 Rogant
314 578 357 597 me
369 570 466 605 judicia
478 569 609 605 justitire:

226 607 445 641 appropinquare
458 605 514 633 Deo
529 605 633 632 volunt.

189 640 281 684 Quare
294 640 485 684 jejunavitnus,
501 646 527 668 ct
541 649 592 668 non
608 640 736 675 aspexisti
749 649 756 668 :

228 676 427 705 humiliavimus
442 676 558 704 animam
575 681 705 709 nostram,
721 681 749 704 et
763 676 892 709 nescisti?

190 711 262 740 Ecce
274 713 300 740 in
314 713 459 748 diejejunii
473 714 566 746 vostri,
580 713 717 740 invenitur
730 713 852 748 voluntas
864 717 875 731 τι
889 717 988 747 vestra,

227 753 255 775 et
265 757 359 786 omnes
367 747 505 776 debitores
516 753 620 786 vestros
631 747 754 786 repetitis
766 747 817 782 [AL
831 749 989 786 repetistis].

190 783 262 812 Ecce
277 785 309 812 ad
323 785 383 813 lites
397 789 425 812 et
439 784 627 812 contentiones
640 783 781 818 jejuuatis,

226 824 255 856 et
270 821 410 856 percutitis
423 827 514 856 pugno
527 820 619 856 impie.

192 854 281 883 Nolite
293 854 501 891 jejnnare'sicut
515 854 601 891 usque
617 855 650 882 ad
664 855 733 883 lianc
748 854 831 889 diem,

230 896 258 919 ut
269 893 393 919 audiatur
408 892 433 919 in
448 892 555 920 excelso
568 892 669 919 clamor
684 896 782 918 vester.

193 926 326 962 Numquid
341 929 393 955 tale
408 933 450 955 est
462 927 604 963 jejunium,
620 927 690 962 quod
706 927 785 961 elegi.

229 971 278 998 per
290 964 360 991 diem
377 963 498 999 afﬂigere
514 963 648 991 hominem
664 963 779 989 animam
796 963 894 992 suam?

194 997 328 1034 Numquid
341 997 519 1035 contorquere
533 1001 607 1034 quasi
623 998 753 1035 circulum
768 1003 847 1034 caput
862 1006 951 1033 suum,

229 1039 257 1063 et
270 1043 377 1069 saccum
393 1039 420 1063 et
434 1037 553 1063 cineretn
569 1034 710 1062 sternere?

193 1070 328 1106 Numquid
343 1071 414 1099 istud
426 1071 536 1099 vocabis
548 1068 693 1105 jejunium,

230 1112 257 1134 et
271 1107 341 1135 diem
354 1108 546 1142 acceptabilem
563 1106 697 1133 Domino?

192 1142 290 1171 Nonne
305 1144 355 1174 bo_c
371 1140 454 1178 magis
467 1143 609 1178 jejunium,
626 1142 697 1177 quod
711 1140 801 1177 elegi?

230 1179 349 1206 dissolve
363 1179 550 1214 colligationes
566 1178 723 1212 impietatis,

230 1214 305 1242 solve
318 1215 462 1242 fasciculos
476 1215 658 1250 depriincntes
673 1223 678 1240 :

193 1250 303 1278 Dimitte
314 1259 372 1283 eos,
388 1252 432 1286 qui
448 1249 577 1278 contracti
591 1254 663 1284 sunt,
681 1249 795 1282 liberos,

227 1292 253 1314 et
268 1293 348 1314 omne
361 1294 430 1314 onus
444 1287 591 1321 disrnmpe.

193 1322 297 1358 Frange
312 1323 441 1350 esurienti
456 1330 551 1358 panem
566 1326 653 1358 tuum,

192 1357 224 1394 Et
237 1355 336 1393 egenos
350 1355 486 1394 vagosque
499 1359 578 1385 indue.
590 1357 617 1385 in
633 1357 744 1384 domum
757 1355 788 1383 ιη

191 1392 262 1420 Cum,
270 1394 371 1422 videris
388 1392 501 1426 nudum,
512 1394 588 1428 operi
604 1401 677 1427 eum,

227 1435 274 1457 etc
286 1438 397 1457 carnem
416 1435 489 1457 tuam
504 1438 538 1457 ne
550 1429 717 1461 despexeris.

190 1464 267 1493 Tune
277 1470 402 1500 erumpet
415 1466 492 1501 quasi
510 1473 589 1493 mane
606 1465 697 1501 lumen
714 1469 801 1501 tuum,

226 1507 254 1529 et
269 1502 370 1529 sanitas
386 1500 430 1529 tua
441 1502 521 1529 citius
532 1501 584 1537 [ΑΙ.
603 1500 668 1536 cito]
683 1500 797 1532 orietur,

225 1543 253 1564 et
265 1538 381 1564 anteibit
393 1537 489 1565 faciem
507 1543 578 1563 tuam
590 1536 694 1572 jnstitia
708 1541 763 1570 tua,

225 1577 253 1600 ct
264 1573 349 1608 gloria
361 1573 468 1601 Domini
483 1573 594 1607 colliget.
607 1579 642 1599 te.

189 1604 422 1642 Tuncinvocabis,
437 1613 462 1636 et
481 1604 608 1636 Dominus
622 1606 744 1635 exaudiet
760 1604 773 1625 ι¹
789 1610 815 1635 te
831 1614 839 1641 ;

225 1645 365 1676 clamabis,
378 1649 405 1672 et
416 1645 489 1672 dicet
504 1653 510 1673 :
527 1645 594 1671 Ecce
608 1644 714 1670 adsum.

189 1680 218 1708 Si
232 1681 377 1708 abstuleris
393 1681 425 1707 de
441 1680 530 1707 medio
544 1680 581 1707 tui
596 1683 730 1711 catenam,

225 1721 251 1744 et
265 1716 378 1744 desieris
393 1716 504 1750 digitum
522 1715 680 1749 extendere,

223 1756 250 1779 et
263 1752 334 1787 l-tqui
346 1752 417 1785 quod
432 1760 485 1779 non
502 1752 623 1787 prodest.

186 1786 253 1814 Cum
270 1786 399 1815 ell‘uderis
413 1788 542 1815 esurienti
560 1787 676 1814 animam
690 1789 775 1821 lnam,

221 1828 249 1851 ct
260 1824 380 1850 animam
394 1823 520 1851 afflictam
537 1823 696 1857 rcpleveris,

186 1858 240 1894 [AL
253 1859 315 1886 add.
333 1859 420 1894 Tunc]
433 1859 543 1887 Orictnr
557 1856 583 1886 in
599 1856 777 1894 tcuebrisﬂlux
798 1859 855 1891 tua,

220 1899 247 1922 et
264 1894 381 1923 tenebra:
395 1893 448 1922 ture
463 1899 542 1922 erunt
554 1896 625 1922 sicut
640 1893 778 1920 meridies.

187 1930 222 1958 Et
235 1932 354 1966 requiem
371 1931 417 1957 tibi
433 1930 507 1957 dabit
523 1931 650 1957 Dominus
667 1936 786 1963 semper,

219 1971 246 1994 et
261 1967 382 2002 implevit
393 1966 584 2002 splendoribus
600 1966 718 1993 animam
735 1968 821 1998 tuam,

219 2007 247 2030 et
260 2001 320 2030 ossa
332 2007 376 2030 tua
388 2001 524 2035 liberabit,

183 2038 218 2065 Et
231 2039 285 2065 cris
295 2038 370 2073 quasi
381 2038 475 2065 hortus
491 2037 618 2073 irrigans,
741 2070 748 2073 Δ
772 2035 794 2073 ξ

218 2078 245 2101 et
257 2070 398 2110 sicutrfons
411 2070 552 2110 aquarum;
568 2073 647 2107 cujus
665 2079 717 2099 non
729 2070 861 2110 deﬁcient
871 2077 958 2105 aquzc.

183 2109 437 2147 Etimdifieabuntm"
449 2110 475 2137 in
493 2114 517 2136 lc
526 2108 639 2147 deserta
654 2108 815 2147 smeulnrnm
832 2115 851 2147 ε⁷
955 2141 961 2147 _

218 2146 389 2173 fundamenta
410 2145 594 2181 generationis
631 2149 657 2171 ct
684 2142 868 2178 generationis
891 2142 976 2169 susci.

254 2181 339 2209 tabis:

216 2222 241 2244 et
259 2222 270 2235 ο
284 2217 426 2244 vocaberis
441 2216 588 2243 :edificatcr
599 2215 715 2250 scpium,

216 2257 343 2280 avertens
357 2252 409 2288 [ΑΙ.
425 2251 596 2286 convertens]
609 2249 720 2278 semitas
732 2250 759 2277 in
772 2249 900 2286 quietem.

181 2288 208 2315 Si
224 2288 380 2314 arerterisa
395 2288 508 2314 sabbato
518 2288 614 2322 pedem
628 2291 715 2322 tuum,

216 2323 306 2349 facere
320 2323 487 2349 voluntatem
506 2321 576 2349 tuam
589 2322 613 2348 in
628 2321 673 2348 dic
691 2327 784 2350 sancto
797 2329 866 2349 meo.

180 2358 215 2386 Et
229 2358 368 2386 vaeaveris
377 2358 517 2386 sabbatum
534 2358 690 2389 delicatum,

216 2399 374 2422 etsanetuin
393 2395 498 2422 Domini
515 2394 661 2428 gloriosum
677 2401 684 2421 ι

215 2492 228 2507 ἰ
243 2487 301 2515 Non
318 2492 360 2515 est
373 2487 400 2514 in
416 2486 531 2514 liebrmo
544 2485 663 2512 additum
675 2489 768 2517 vestra,
781 2484 852 2519 quod
866 2483 977 2511 verbum

181 2531 268 2559 neque
288 2525 363 2551 uexit
385 2523 447 2559 cod.
473 2521 680 2559 Ambrosaquo
694 2521 728 2559 Vin
752 2520 979 2559 recognoscendis

178 2554 386 2587 Commentariis
418 2554 640 2593 llieronymianis
659 2558 701 2584 usi
734 2554 845 2593 sumus.
869 2554 979 2593 Rectius

179 2603 286 2631 qunque
300 2595 390 2630 legere
400 2594 488 2631 estin
505 2591 599 2620 iisdem
615 2592 825 2619 Commentariis
838 2591 980 2617 invenietur

181 2639 229 2667 pro
243 2633 379 2658 invenitur.
398 2630 426 2657 lu
440 2630 555 2657 Hebraeo
569 2632 611 2656 est
622 2632 811 2672 Van-ﬁnatzn.

213 2677 227 2697 ιδ
244 2677 431 2712 lE\pttn\itnus
456 2675 488 2703 ad
514 2683 579 2703 mss.
612 2675 692 2712 fulcio
717 2681 866 2712 pronomen
890 2678 972 2712 luant,

177 2714 247 2744 qmid
259 2709 347 2748 neque
363 2720 409 2747 par
428 2712 541 2748 credere
553 2715 595 2738 cst
616 2710 736 2748 additum
760 2709 802 2748 li_ic
817 2709 904 2748 fuisse
926 2709 974 2736 abs

181 2745 414 2785 ΙΙίειιῚιιργιιιςιίιμιι
431 2749 457 2775 in
471 2747 557 2785 llltjllS_
577 2745 747 2785 capositione
772 2745 822 2785 loci
850 2748 972 2777 testatur,

176 2780 299 2816 ἁπλῶςῗῖι
316 2780 444 2811 Ilebrnico
468 2780 567 2815 haberi,
594 2780 621 2809 in
644 2781 770 2808 domum:
796 2780 973 2816 observatquc

176 2829 209 2847 co
223 2821 274 2848 diei
289 2820 415 2855 penitzori
440 2826 535 2851 sensu,
563 2823 589 2844 ul
606 2818 628 2844 si
643 2821 778 2855 tuum‘nou
794 2815 881 2855 It_abes.
895 2816 974 2855 indu:

176 2865 220 2883 tua
235 2856 260 2882 in
278 2852 462 2890 Hospitiolum,
481 2855 550 2889 quod
565 2854 604 2881 vel
618 2853 733 2880 mercede
745 2852 918 2890 conductum,
934 2852 973 2878 vel

175 2892 296 2929 (Mtte/ivit)
310 2887 435 2929 possides.
457 2887 563 2920 'Addita
590 2896 643 2919 vox
666 2896 697 2918 ca
725 2893 765 2918 ςδι
790 2887 861 2916 LXX
889 2894 969 2924 quant

1078 218 1104 239 et
1116 220 1169 239 non
1181 211 1317 250 invenitur
1339 211 1393 247 [AL
1409 212 1572 249 invenietur]
1589 213 1714 242 voluntas
1734 220 1789 250 tua,
1805 221 1836 246 ut

1117 248 1235 283 loquaris
1247 255 1416 277 sermonem:

1043 283 1119 311 Tunc
1133 283 1312 311 delectaberis
1325 291 1407 318 super
1423 283 1549 316 Domino,

1078 325 1106 347 et
1115 320 1255 347 sustollant
1268 324 1294 355 te
1310 327 1391 354 super
1406 319 1563 347 altitudines
1578 323 1668 355 terrm,

1078 360 1105 383 et
1118 355 1214 383 cibabo
1229 360 1254 382 te
1266 354 1424 383 lmreditate
1436 356 1520 384 Jacob
1534 357 1618 392 patris
1630 357 1678 385 tui.

1042 391 1078 418 Os
1091 393 1163 418 enim
1182 391 1287 418 Domini
1299 392 1416 418 loetttttm
1431 396 1482 419 est.

1043 426 1118 463 [ϐαρ.
1132 426 1212 467 LIX_.]
1232 426 1302 454 Ecce
1317 436 1368 455 non
1382 432 1423 455 est
1432 427 1588 461 alibreviata
1604 436 1699 458 manus
1718 430 1835 467 Domini,

1112 467 1142 490 ut
1154 464 1258 490 salvare
1272 467 1397 498 nequeat,

1077 505 1165 535 neque
1179 503 1321 534 aggravata
1336 504 1378 527 est
1391 498 1464 527 auris
1476 499 1551 535 ejus,
1566 505 1593 527 ut
1609 509 1660 530 non
1673 503 1799 531 exaudiat
1814 512 1822 532 :

1042 533 1096 562 Sed
1113 533 1270 569 iniquitates
1284 539 1380 562 vestra:
1401 533 1551 564 diviserunt
1564 536 1636 565 inter
1654 545 1703 566 vos
1718 543 1746 567 et
1766 540 1837 567 inter

1113 570 1196 598 Deum
1212 574 1343 604 vestrum,

1077 610 1226 646 etpcccata
1239 611 1328 646 vestra
1343 606 1545 636 absconderant
1558 608 1653 637 faciem
1677 609 1735 646 ejus
1760 618 1775 639 a
1788 618 1835 639 vo-

1112 642 1164 675 bis,
1176 650 1210 670 ne
1221 642 1370 670 exaudiret.

1042 678 1218 716 Magnuseniin
1232 679 1455 716 vestrmrpolluta:
1468 685 1531 708 sunt
1542 680 1683 716 sanguine,

1078 714 1111 741 Et
1122 710 1196 749 digiti
1207 714 1289 741 vestri
1302 710 1463 749 iniquitate:

1042 750 1224 787 Labizu'estra
1242 750 1330 777 loruta
1348 756 1409 777 sunt
1425 751 1606 787 mendacium,

1077 792 1103 813 ct
1120 786 1207 821 lingua
1230 791 1319 812 vestra
1332 786 1498 822 iniquitatem
1516 788 1596 816 fatur.

1041 822 1097 849 Non
1113 828 1151 849 est
1169 822 1211 856 qtti
1228 822 1488 857 inrocetjnstitiam,

1004 875 1029 905 Β
1079 866 1166 905 neque
1179 859 1279 905 esthui
1291 857 1489 905 jndirletlrerc:

1079 894 1124 920 sed
1142 893 1279 920 confidunt
1297 893 1323 919 itt
1337 894 1433 926 nihilo,

1078 935 1101 955 et
1121 929 1267 964 loquuntur
1280 930 1426 957 vanitates:

1041 965 1228 999 Conceperunt
1240 965 1370 997 laborem,

1076 1007 1102 1028 et
1117 1005 1279 1035 [lelClCl'lllll
1294 1001 1475 1035 iniquitatem.

1041 1037 1095 1063 Ova
1112 1037 1232 1070 aspidutn
1247 1042 1384 1070 rnpct‘ttnt,

1076 1079 1102 1099 Cl
1115 1074 1182 1099 telas
1196 1080 1302 1099 ξιιξιιιίιῑῡ
1317 1077 1463 1101 texuerunt
1480 1083 1484 1100 ἶ

1006 1140 1013 1145 ⁸
1040 1108 1090 1142 Qui
1103 1108 1250 1145 comederit
1262 1109 1295 1135 de
1310 1109 1367 1135 ovis
1381 1116 1487 1143 eorum,
1504 1112 1653 1140 morietur:

1077 1144 1185 1184 etquod
1200 1144 1337 1171 coniotum
1352 1150 1405 1184 est,
1423 1151 1546 1180 erumpet
1563 1148 1588 1175 in
1605 1148 1741 1184 regulum.

1040 1179 1112 1207 Tela:
1124 1188 1216 1207 eorum
1229 1187 1282 1219 non
1302 1185 1380 1207 erunt
1394 1179 1636 1219 in‘vestiinentum,

1076 1223 1163 1250 neque
1176 1216 1331 1250 operientur
1345 1216 1472 1249 operibus
1487 1218 1543 1245 suis
1559 1227 1566 1246 ε

1039 1251 1126 1286 Opera
1141 1259 1235 1278 eorum
1251 1259 1332 1286 opera
1349 1251 1467 1287 inutilia,

1076 1293 1100 1314 et
1114 1294 1182 1321 Opus
1196 1286 1344 1321 iniquitatis
1358 1287 1385 1313 in
1402 1288 1526 1316 manibus
1538 1296 1643 1318 eorum.

1041 1323 1126 1350 Pedes
1137 1331 1230 1349 eorum
1245 1323 1276 1348 ad
1293 1323 1391 1349 tnaltttn
1408 1329 1530 1356 ent-runt,

1075 1364 1102 1385 et
1119 1359 1256 1390 festinant,
1271 1364 1298 1385 ut
1313 1358 1449 1386 cllundant
1466 1362 1622 1394 sanguinem
1646 1363 1831 1393 innocentem.

1040 1394 1223 1428 Cogitationes
1244 1403 1336 1421 eorum
1353 1396 1530 1428 cogitationes
1542 1398 1651 1426 inutiles
1668 1407 1675 1426 :

1077 1431 1186 1456 vastitas
1200 1435 1226 1457 et
1241 1430 1368 1457 contritio
1385 1431 1409 1457 in
1427 1431 1476 1458 \‘iis
1490 1440 1594 1460 eorum.

1039 1465 1117 1493 Viam
1134 1468 1207 1500 pacis
1222 1466 1388 1498 nescierunt,

1076 1507 1103 1529 et
1114 1509 1166 1528 non
1183 1506 1224 1529 est
1236 1501 1366 1536 judicium
1383 1503 1408 1529 in
1425 1503 1564 1538 gressibus
1579 1512 1683 1533 eorum.

1041 1537 1150 1565 Semita:
1165 1545 1257 1564 eorum
1270 1538 1418 1565 incurvata:
1432 1540 1564 1567 sunteis:

1072 1573 1218 1612 ontnisqui
1237 1574 1323 1612 calcat
1337 1573 1362 1599 itt
1375 1582 1405 1600 ca
1421 1575 1473 1612 [Ali
1490 1575 1550 1612 eis].
1575 1577 1793 1612 ignoralpacem.

1037 1608 1151 1642 Propter
1167 1608 1217 1635 ltoc
1232 1610 1387 1648 clongatuin
1404 1608 1615 1648 estjudicimn—a
1630 1608 1719 1648 nobis,

1071 1649 1098 1670 ct
1116 1652 1167 1671 non
1180 1645 1366 1679 apprcbcudct
1379 1653 1427 1672 nos
1440 1646 1542 1679 justitia
1558 1656 1564 1674 :

1035 1679 1259 1714 EXSIICClﬂVllllllS
1272 1680 1368 1713 lucem,
1382 1684 1409 1707 et
1423 1689 1486 1708 erce
1498 1684 1640 1711 tenebrae:

1070 1716 1255 1747 splendorem.
1274 1720 1299 1742 ct
1313 1716 1337 1743 in
1350 1717 1469 1744 tenebris
1479 1719 1687 1747 atnltulavimus.

1034 1750 1206 1784 Palpaviinns
1219 1753 1287 1778 sicut
1303 1752 1365 1779 caeci
1384 1753 1522 1786 parietem,

1070 1793 1096 1813 et
1110 1787 1187 1821 quasi
1202 1787 1303 1822 absque
1319 1788 1404 1814 oculis
1416 1790 1640 1817 attrectavimus:

1036 1821 1201 1857 ltitpegiinus
1217 1821 1328 1850 meridie
1345 1824 1421 1858 quasi
1438 1825 1461 1850 in
1480 1826 1610 1858 tenebris,

1070 1859 1094 1884 in
1110 1858 1267 1896 caliginosis
1281 1859 1336 1896 ίτιί.Δ
1349 1860 1484 1896 σιιῑιεθδὶι]
1498 1862 1574 1896 quasi
1589 1862 1699 1890 mortui.

1033 1892 1267 1928 Rngicmusquasi
1281 1892 1339 1921 ursi
1352 1892 1457 1927 utnnes,
1477 1892 1484 1896 ί
1506 1892 1514 1896 ”
1617 1896 1620 1898 ’

1068 1934 1095 1956 (τι
1109 1931 1189 1967 quasi
1200 1930 1332 1967 coluntlne
1347 1931 1508 1967 meditantes
1523 1939 1673 1967 gememus.

1032 1965 1252 2005 Exspcctavintus
1264 1966 1412 2005 judicium,
1426 1971 1453 1994 ct
1467 1965 1573 1995 nonest
1588 1968 1642 2004 [AL
1655 1968 1734 2005 crit];

1067 2003 1192 2033 salutent,
1209 2003 1369 2037 ctelongata
1387 2007 1427 2030 est
1443 2011 1456 2029 a
1479 2004 1555 2031 nobis
1573 2012 1580 2031 :

1030 2036 1213 2071 lllnltiplicann
1226 2044 1287 2064 sunt
1303 2036 1373 2064 enim
1391 2038 1547 2077 iniquitates
1562 2045 1663 2077 nostra:
1676 2048 1768 2069 coram
1785 2045 1822 2077 te,

1066 2077 1093 2099 ct
1110 2079 1219 2108 peccata
1236 2078 1329 2100 nostra
1345 2076 1545 2106 I‘CSpDIIdCl’llnl
1559 2076 1648 2103 nobis.

1030 2107 1097 2141 Quia
1111 2107 1213 2136 Scelera
1225 2115 1317 2136 nostra
1333 2109 1486 2142 nobiscum,

1065 2149 1093 2171 ct
1109 2145 1265 2179 iniquitates
1277 2151 1383 2172 uestras
1398 2145 1584 2180 cognovimus,

1066 2187 1179 2215 peccare
1194 2187 1219 2208 et
1232 2181 1341 2207 tnentiri
1358 2186 1452 2207 contra
1468 2181 1614 2208 Dominum
1629 2191 1634 2207 :

1029 2215 1062 2242 Et
1076 2217 1163 2254 aversi
1174 2224 1283 2254 smnus,
1306 2224 1339 2254 ne
1363 2216 1464 2243 irctnus
1482 2222 1543 2252 post
1567 2222 1670 2252 tergum
1699 2218 1747 2246 Dei
1773 2217 1827 2254 [ΑΙ.

1104 2251 1221 2287 Domini]
1238 2253 1334 2285 nostri,

1064 2292 1093 2313 ut
1122 2287 1297 2327 loqueremur
1326 2287 1502 2322 calumniam,
1525 2292 1553 2316 ct
1583 2290 1828 2324 transgressionem

1102 2330 1289 2356 concepimus,

1065 2362 1092 2385 ct
1107 2359 1187 2385 locuti
1203 2366 1295 2385 sumus
1306 2358 1339 2385 de
1353 2358 1436 2386 corde
1452 2359 1533 2386 verba
1548 2360 1693 2389 mendacii.

1029 2394 1063 2422 Et
1073 2401 1237 2421 conversum
1253 2398 1295 2422 est
1306 2399 1455 2422 ietrorsum
1473 2395 1615 2431 judicium,

1031 2487 1106 2510 certe
1121 2482 1278 2518 Hieronymi
1291 2483 1381 2510 vcrsio
1396 2483 1509 2518 respuit.

1070 2518 1201 2557 FAinoc
1217 2521 1277 2546 loco
1290 2527 1378 2557 usque
1394 2519 1426 2546 ad
1443 2520 1534 2552 verba,
1554 2520 1577 2547 si
1600 2519 1748 2554 abstuleris,
1765 2529 1828 2557 spe-

1031 2554 1122 2582 culum
1138 2553 1168 2582 S.
1183 2553 1412 2589 Atigustini’notat
1436 2559 1551 2586 quatuor
1562 2562 1655 2583 vorsus
1672 2565 1678 2582 ε
1694 2562 1721 2584 at
1733 2557 1758 2584 in
1774 2553 1822 2585 ms.

1030 2590 1190 2618 Corbeiensi
1214 2597 1262 2617 sex
1288 2590 1420 2618 habentur
1434 2590 1622 2618 distinctiones
1639 2599 1686 2624 per
1705 2594 1826 2620 membra

1032 2627 1145 2658 divisas;
1157 2626 1236 2660 idque
1251 2626 1388 2660 postulare
1403 2627 1528 2653 videntur
1543 2627 1685 2654 sententiae
1701 2629 1824 2661 totidem,

1032 2669 1092 2696 qua:
1107 2662 1212 2688 duobus
1227 2661 1269 2688 liis
1283 2662 1351 2688 colis
1367 2663 1549 2689 continentur.
1570 2662 1650 2689 Forte
1665 2664 1824 2692 attendebat

1026 2702 1135 2725 sanctus
1147 2699 1314 2732 Augustinus
1329 2697 1361 2724 ad
1374 2699 1431 2724 cola
1448 2698 1512 2729 duo,
1530 2706 1591 2732 qum
1598 2699 1696 2732 stultius
1706 2704 1823 2733 quatuor

1026 2737 1131 2768 tantum
1149 2740 1255 2765 versus,
1275 2740 1322 2760 sett
1346 2739 1480 2760 commata
1506 2735 1533 2761 in
1548 2742 1577 2761 se
1592 2735 1818 2768 complectuntur.

1062 2767 1075 2786 ἀ
1091 2768 1157 2795 Illud
1172 2773 1195 2805 te
1221 2775 1309 2805 neque
1334 2769 1464 2796 llebrzens
1490 2774 1579 2797 textus
1594 2767 1670 2797 novit
1683 2779 1770 2805 neque
1791 2771 1821 2799 S.

1024 2803 1161 2839 lnterprcs
1177 2804 1202 2830 in
1214 2804 1429 2831 Commentario.

1062 2845 1073 2858 ο
1086 2840 1113 2866 lu
1126 2839 1326 2867 Commentario
1341 2840 1462 2875 praui-git
1477 2840 1506 2868 S.
1521 2841 1619 2869 Pater:
1643 2840 1675 2868 Et
1688 2841 1820 2870 vocabitur

1023 2887 1049 2916 in
1064 2891 1086 2915 lc
1098 2887 1254 2923 a-diﬁcator.
1268 2886 1351 2916 llebr.
1414 2892 1497 2931 κημ,
