4114 6364
547 297 655 364 839

575 468 579 498 ε
609 428 666 498 et
691 418 902 498 justitia
927 416 1087 498 longe
1113 412 1264 473 stetit
1293 428 1308 470 :
1339 485 1352 498 .

543 490 677 562 Quia
696 490 920 548 corruit
952 492 1006 547 in
1038 491 1214 561 platea
1232 490 1460 562 veritas,

613 572 671 638 et
698 565 925 635 aequitas
953 556 1060 638 non
1091 556 1517 638 potuitingredi.

543 635 615 694 Et
644 629 782 692 facta
814 648 900 692 est
929 635 1128 689 veritas
1156 630 1209 685 in
1242 629 1570 697 oblivionem
1710 682 1711 685 η

613 720 670 763 et
694 708 785 773 qui
806 708 1037 763 recessit
1062 719 1090 757 a
1116 700 1278 768 malo,
1308 699 1508 772 prmdat
1540 698 1750 770 patuit:

544 778 616 835 Et
640 779 776 834 vidit
802 777 1082 842 Dominus,

613 858 670 906 et
696 850 892 905 malum
921 845 1172 918 apparuit
1194 844 1248 900 in
1278 843 1452 901 oculis
1480 844 1619 916 ejus,

614 923 736 992 quia
761 935 877 992 non]
899 916 1286 992 estjudicium,

546 994 614 1052 Et
634 990 771 1046 vidit
792 990 915 1059 quia
945 1000 1160 1045 nonest
1187 990 1315 1045 vir:

617 1071 672 1118 et
696 1062 979 1132 aporiatus
1000 1070 1085 1117 est
1108 1076 1124 1117 :

624 1135 746 1204 quia
774 1148 880 1189 non
903 1144 985 1189 εει
1015 1133 1103 1203 (ιιιί
1134 1139 1413 1204 occurrat:

542 1205 613 1264 Et
640 1203 868 1261 Salvabit
893 1204 997 1261 sibi
1028 1203 1309 1258 brachium
1332 1217 1514 1264 suum,

611 1284 667 1332 et
682 1276 888 1345 justitia
913 1275 1032 1346 ejus
1061 1277 1177 1346 ipsa
1198 1274 1541 1346 conﬁrmavit
1567 1288 1712 1330 eum.

541 1347 767 1406 ludutus
782 1357 868 1403 est
891 1345 1105 1416 justitia
1131 1354 1189 1401 ut
1214 1345 1403 1414 lorica,

617 1430 666 1491 et
699 1419 849 1491 galea
872 1411 977 1491 [Ἀι.
1013 1416 1244 1491 galeam]
1273 1411 1469 1491 salutis
1497 1417 1554 1474 in
1580 1414 1761 1487 capite
1781 1411 1942 1484 ejus;

546 1488 771 1547 Indutus
801 1488 893 1547 est
908 1488 1247 1546 vestimentis
1276 1488 1529 1553 ultionis,

615 1570 672 1618 et
690 1571 921 1632 opertus
940 1572 1023 1615 est
1051 1559 1204 1632 quasi
1234 1559 1397 1632 pallio
1430 1560 1557 1616 zeli.

544 1632 697 1690 Sicut
717 1625 786 1708 ad
811 1625 1113 1708 vindictam
1139 1625 1291 1708 quasi
1338 1631 1405 1686 ad
1437 1630 1855 1708 retributionem
1896 1625 2143 1708 indigna—

692 1704 855 1760 tionis
899 1699 1287 1759 hostibussuis
1333 1710 1388 1759 et
1425 1700 1866 1759 vicissitudinem
1907 1699 2144 1755 inimicis

692 1791 830 1844 SDIS,

615 1847 807 1904 insulis
832 1848 1004 1904 vicem
1032 1844 1243 1902 reddet.

548 1920 618 1977 Et
639 1919 905 1975 timebunt
928 1919 1021 1990 qui
1043 1918 1112 1973 ab
1136 1916 1416 1990 occidente
1445 1931 1644 1990 nomen
1671 1914 1912 1984 Domini,

626 2000 682 2047 et
703 1990 795 2061 qui
824 1991 892 2046 ab
912 1988 1033 2046 ortu
1065 1989 1198 2061 solis
1228 1988 1455 2059 gloriam
1486 1988 1643 2059 ejus:

549 2062 682 2119 Cum
713 2060 924 2118 venerit
951 2061 1103 2131 quasi
1150 2060 1345 2116 ﬂuvius
1368 2060 1666 2128 violentus,

619 2148 780 2205 quem
811 2133 1035 2205 spiritus
1065 2131 1281 2205 Domini
1310 2132 1495 2203 cogit:

549 2203 1391 2280 EtveneritSion_redentp_tor,_
1476 2273 1489 2280 _
1651 2273 1664 2280 _
1762 2269 1784 2280 _
1888 2270 1904 2280 _
1962 2211 1970 2219 '
2024 2268 2058 2280 _,
2100 2266 2113 2280 ,

617 2285 673 2333 et
692 2276 770 2402 gis
796 2275 890 2360 qui
930 2275 1161 2332 redeunt
1213 2268 1282 2331 ab
1318 2268 1604 2344 iniquitate
1651 2273 1705 2327 in
1754 2269 1948 2339 Iacob,
2007 2268 2142 2326 dicit

744 2361 976 2402 omtnus.

744 2361 976 2403 omtnus.

620 2417 733 2475 Hoc
757 2418 933 2475 lmdus
959 2433 1140 2475 meum
1171 2432 1295 2473 cum
1327 2418 1433 2484 eis,
1458 2415 1592 2473 dicit
1622 2414 1924 2473 Dominus:

551 2489 783 2561 Spiritus
814 2506 991 2558 meus,
1024 2489 1113 2561 qui
1143 2501 1228 2545 est
1256 2490 1308 2544 in
1340 2500 1413 2557 te,

618 2570 676 2618 et
700 2561 866 2618 verba
900 2577 1039 2628 mea,
1070 2576 1191 2631 quae
1215 2561 1369 2630 posui
1401 2563 1453 2616 in
1478 2575 1573 2618 ore
1596 2566 1712 2627 tuo,

623 2649 737 2689 non
760 2634 1016 2690 recedent
1034 2632 1104 2688 de
1129 2649 1225 2688 ore
1249 2642 1364 2700 tuo,

621 2715 676 2761 ct
697 2705 767 2761 de
787 2719 884 2761 ore
903 2704 1133 2761 seminis
1157 2703 1382 2759 seminis
1410 2705 1512 2771 tui,
1550 2700 1683 2760 dicit
1711 2700 1997 2767 Dominus,

618 2775 815 2832 amodo
844 2785 902 2832 et
925 2789 1097 2844 usque
1126 2777 1178 2831 in
1202 2774 1627 2844 sempiternum.

552 2847 706 2921 [ϐαρ.
741 2845 880 2918 LX.]
916 2841 1114 2918 Surge,
1155 2841 1489 2916 illuminare,
1516 2855 1543 2884 ει
1596 2845 1722 2917 quia
1764 2843 1918 2901 venit
1962 2841 2141 2897 lumen

695 2929 870 2985 tuum,

626 2998 682 3045 et
706 2990 878 3062 gloria
898 2988 1118 3045 Domini
1147 3002 1310 3060 super
1340 2997 1393 3044 te
1420 2996 1539 3044 orta
1559 2995 1676 3047 est.

548 3060 686 3129 Quia
713 3060 843 3117 ecce
874 3062 1111 3116 tenebrae
1135 3062 1384 3131 operient
1411 3071 1634 3117 terram.

622 3142 678 3188 et
704 3132 880 3204 caligo
901 3132 1128 3203 populos
1158 3148 1174 3193 ;

549 3203 725 3275 Super
747 3213 800 3260 te
822 3203 1011 3259 autem
1034 3205 1242 3260 orietur
1270 3204 1559 3272 Dominus,

621 3285 676 3331 et
700 3276 869 3346 gloria
898 3275 1020 3345 ejus
1042 3276 1095 3331 in
1120 3282 1173 3331 te
1204 3275 1497 3331 videbitur.

552 3345 622 3403 Et
647 3346 1002 3404 ambulabunt
1029 3356 1222 3417 gentes
1256 3349 1308 3402 in
1341 3347 1547 3404 lumine
1576 3357 1690 3415 tuo,

622 3427 677 3474 et
701 3432 858 3489 reges
890 3418 942 3474 in
964 3416 1256 3489 splendore
1283 3420 1395 3473 oris
1417 3420 1517 3473 tui.

550 3488 697 3547 Leva
719 3487 1022 3547 in'eireuitu
1052 3490 1243 3545 oculos
1266 3499 1411 3556 tuos,
1439 3500 1492 3546 et
1512 3487 1676 3544 vide:
2104 3526 2107 3529 -

620 3576 811 3619 omnes
839 3563 1262 3688 ishicougregati
1307 3569 1436 3617 sunt
1476 3560 1586 3632 [ΑΙ.
1619 3569 1752 3616 tacet
1775 3558 1947 3632 sunt],
1968 3573 2109 3619 vene

695 3642 822 3688 runt
843 3643 880 3688 ιι
923 3649 970 3688 t:

695 3642 822 3689 runt
843 3632 970 3690 tibi:

482 3751 487 3755 .
550 3704 676 3761 Filii
703 3704 781 3759 tui
808 3705 878 3760 de
906 3704 1065 3773 longe
1090 3701 1356 3770 venient,‘

624 3785 680 3831 et
707 3776 833 3831 lilite
864 3783 971 3830 tua:
995 3774 1048 3830 in
1078 3776 1251 3845 latere
1272 3773 1299 3812 δ
1331 3783 1545 3845 sugent.

549 3848 703 3905 Tunc
732 3846 940 3902 videbis
960 3855 1015 3903 et
1035 3844 1258 3912 al‘llues,

623 3927 679 3975 et
708 3918 1012 3984 mirabitur,
1044 3927 1095 3973 et
1124 3916 1442 3972 dilatabitur
1459 3931 1556 3972 cor
1575 3926 1750 3981 tuum,

549 3990 778 4061 Quando
807 4003 1074 4061 conversa
1104 3988 1263 4043 fuerit
1296 3990 1361 4043 ad
1395 3999 1455 4061 te
1471 3988 1760 4061 multitudo
1788 3988 1979 4057 maris,

624 4060 884 4117 fortitudo
908 4060 1147 4131 gentium
1178 4062 1391 4115 venerit
1423 4060 1542 4115 tibi.

551 4131 839 4190 lnundatio
867 4130 1197 4186 camelorum
1229 4132 1444 4200 aperiet
1472 4139 1550 4199 te,

623 4202 956 4260 dromedarii
978 4202 1191 4257 bladian
1211 4211 1267 4258 et
1295 4200 1482 4274 Epha:

549 4276 751 4332 Omnes
784 4276 852 4330 de
882 4274 1024 4330 Saba
1054 4274 1293 4339 venient,

620 4362 817 4403 aurum
846 4355 904 4401 et
932 4345 1058 4401 thus
1076 4345 1410 4411 deterentes,

620 4429 674 4476 et
706 4418 919 4474 laudem
951 4416 1179 4472 Domino
1205 4417 1614 4473 annuntiantes.

549 4491 724 4549 Omne
741 4504 907 4560 pecus
929 4487 1106 4560 Cedar
1132 4488 1552 4560 congregabitur
1579 4486 1704 4555 tibi,

624 4559 824 4619 arietes
850 4559 1116 4630 Nabajoth
1145 4559 1531 4616 ministrabant
1554 4560 1675 4625 tibi,

549 4633 862 4693 Oﬂerentur
884 4646 1046 4701 super
1077 4630 1328 4702 placabili
1350 4632 1508 4687 altari
1539 4646 1683 4702 meo,

620 4716 677 4762 et
702 4707 922 4760 domum
954 4699 1269 4773 majestatis
1292 4718 1425 4759 mea:
1456 4699 1790 4771 gloriﬁcabo.

553 4779 657 4847 Qui
687 4784 816 4833 sunt
844 4773 969 4847 isti,
989 4775 1082 4846 qui
1112 4784 1170 4828 ut
1191 4775 1363 4847 nubes
1388 4775 1593 4843 Volant,

623 4859 676 4905 et
705 4848 857 4933 quasi
889 4843 1158 4933 columbae
1188 4843 1743 4933 adlenestraslsnas?

553 4920 638 4979 Me
660 4913 804 4977 enim
837 4917 1030 4975 insula:
1054 4917 1447 4988 exspectabant
1489 4915 1597 4989 [Αι.
1626 4913 1993 4988 exspectant],

628 5136 652 5166 °
683 5133 743 5190 In
785 5131 946 5189 editis
976 5140 1029 5187 et
1068 5143 1200 5186 mss.
1234 5126 1442 5195 aliquot
1480 5122 1876 5181 recentioribus
1896 5121 2146 5195 additum

549 5218 634 5265 est
662 5219 858 5262 nomen
900 5202 1233 5258 Jerusalem:
1257 5194 1354 5254 sed
1393 5197 1547 5252 abest
1575 5213 1607 5251 e
1647 5196 1866 5251 Canone
1889 5194 2023 5249 lleb.
2050 5211 2146 5250 ve-

551 5283 642 5337 rit.
688 5280 749 5334 Et
786 5279 853 5332 de
898 5279 999 5329 hoc
1038 5272 1205 5330 verbo
1257 5281 1478 5326 sanctus
1518 5267 1881 5337 Hieronymus
1912 5266 2005 5321 lib.
2039 5283 2151 5322 xvn

552 5353 859 5408 Comment.
894 5364 909 5403 :
943 5341 1374 5414 Porrotinquit,
1401 5355 1586 5414 nomen
1615 5336 1906 5414 Ierusalem
1940 5345 1987 5391 et
2028 5356 2154 5414 ggn-

552 5407 700 5488 tium,
735 5419 876 5493 quod
907 5418 992 5493 hic
1016 5433 1048 5470 a
1079 5407 1227 5469 LXX
1255 5407 1502 5493 ponitur,
1532 5411 1591 5493 in
1621 5407 1887 5493 Hebraica
1922 5407 2150 5464 ιιοηἸια-

550 5480 719 5556 betur,
748 5480 799 5547 'et
826 5489 971 5545 obolo
991 5480 1390 5559 prazuotanilant
1415 5492 1510 5559 est,
1543 5489 1654 5559 etc.
1681 5480 1873 5559 Mur.

619 5566 650 5605 ι’
683 5551 881 5620 Errare
903 5551 1249 5615 librariorum
1274 5556 1466 5611 vitium
1496 5552 1743 5617 inolevit,
1768 5561 1827 5607 ut
1860 5553 2033 5621 proin
2064 5551 2145 5606 la-

554 5646 660 5693 tere
708 5642 911 5706 sugent,
960 5632 1048 5685 hic
1078 5628 1392 5706 _s_cribatur,
1442 5628 1496 5680 in
1531 5626 1706 5706 latere
1755 5634 2007 5706 surgent;
2047 5624 2143 5679 sed

552 5696 935 5765 emendatores
978 5700 1134 5773 periti
1167 5705 1545 5773 reposuerunt
1600 5696 1654 5751 in
1696 5696 1970 5773 nonnullis
2005 5710 2138 5750 mss.

554 5768 992 5850 antiquioribus,
1021 5771 1209 5850 Aquod_
1237 5770 1405 5850 prima
1457 5784 1617 5850 manu
1638 5768 1936 5850 "scriptum
1986 5774 2137 5849 erat,

555 5837 751 5922 nempe
780 5837 980 5922 augent.
1011 5837 1249 5902 Consule
1292 5840 1606 5914 llicronymi
1634 5837 2036 5897 Commentaria
2084 5840 2136 5895 in

1558 300 1616 354 5.
1660 288 2045 353 lllERONYMl
2086 290 2317 353 DlViNA
2356 289 2832 356 BIBLIOTIIECA.

2161 418 2215 478 Α
2314 406 2370 472 et
2398 431 2571 473 naves
2602 414 2767 475 maris
2799 414 2851 469 in
2884 407 3175 484 principio,

2169 4607 2224 4670 D

2314 497 2375 543 ut
2403 487 2667 543 adducam
2700 485 2843 541 lilios
2867 483 2987 540 tuos
3015 484 3084 539 de
3111 483 3303 551 longe;

2244 558 2542 631 Argentum
2570 573 2789 631 eorum.
2815 569 2867 631 et
2898 570 3091 631 aurum
3122 569 3330 631 eorum_
3344 566 3479 631 cum_
3500 554 3592 611 eis
3626 571 3642 618 ;

2313 623 2518 756 tioni‘ini
2543 628 2753 756 Domini
2780 629 2871 685 Dei
2891 628 2988 697 tui,
3012 635 3069 684 et
3093 635 3284 683 sancto
3308 623 3508 696 Israel,
3560 627 3698 698 quia
3746 627 3858 701 glo—

2389 719 2432 756 rt
2458 713 2616 756 tcavn
2676 716 2727 756 e.

2389 702 2616 758 rilicavit
2654 710 2727 757 te.

2243 773 2315 829 Et
2344 773 2693 829 :edilicabunt
2715 770 2811 827 lilii
2834 771 3139 841 peregrino:
3155 787 3244 827 um
3266 786 3451 830 muros
3481 780 3644 840 tuos,

2314 856 2367 899 et
2397 861 2555 915 reges
2582 858 2770 900 eorum
2793 845 3177 899 ministrnbuttt
3210 844 3337 904 tibi;

2244 915 2621 987 lndignatione
2649 918 2792 971 enim
2817 931 2935 971 mea
2966 916 3207 982 percussi
3242 924 3294 971 te
3318 934 3331 970 :

2317 999 2371 1043 et
2403 990 2454 1042 in
2496 987 2942 1044 reconciliatione
2966 1002 3083 1043 mea
3110 988 3364 1045 misertus
3391 1004 3518 1047 sum
3555 988 3662 1045 tui.

2244 1059 2314 1116 Et
2331 1059 2661 1131 aperientur
2686 1069 2859 1131 porta:
2883 1069 2987 1131 tua;
3014 1058 3215 1131 jugitet‘
3250 1078 3261 1113 :
3728 1072 3737 1077 ‘

2314 1130 2404 1186 die
2427 1140 2483 1186 et
2510 1138 2672 1186 nocte
2690 1130 2801 1186 non
2824 1130 3171 1197 claudentur,

2245 1200 2319 1257 Ut
2346 1201 2605 1258 all'eratur
2627 1201 2694 1258 ad
2723 1209 2777 1259 te
2807 1203 3063 1258 fortitudo
3091 1204 3359 1273 gentium,

2323 1283 2378 1329 et
2407 1287 2563 1342 reges
2582 1288 2769 1331 earum
2798 1274 3158 1330 adducantur.

2246 1343 2566 1471 Gensleonim
2597 1353 2653 1401 et
2680 1359 2928 1417 regnum,
2958 1345 3101 1418 quod
3132 1362 3240 1402 non
3271 1345 3530 1403 servierit
3559 1344 3688 1413 tibi,
3721 1359 3848 1417 per-

2390 1432 2405 1471 I
2448 1433 2465 1471 ι
2517 1435 2530 1471 :

2390 1416 2488 1472 ibit
2517 1435 2530 1471 :

2316 1495 2374 1544 et
2390 1498 2584 1559 gentes
2606 1486 2900 1544 solitudine
2928 1488 3308 1557 vastabantur,

2222 1557 2432 1615 ‘Glori'a
2450 1559 2641 1616 Libani
2667 1561 2731 1613 ad
2758 1571 2810 1616 te
2836 1562 3041 1627 veniet,

2319 1630 2547 1688 ctabies
2572 1639 2629 1686 et
2661 1631 2853 1698 buxus,
2884 1642 2939 1688 et
2966 1634 3123 1702 pinus
3151 1632 3338 1698 simul,

2319 1702 2385 1757 ad
2417 1702 2718 1759 ornandum
2741 1703 2917 1758 locum
2950 1704 3391 1760 sanctificationis
3418 1717 3605 1769 mete;

2320 1782 2375 1830 et
2396 1773 2571 1848 locum
2606 1774 2803 1848 pedum
2834 1791 3080 1848 meorum
3111 1775 3446 1848 gloriﬁcabo.

2172 1818 2221 1878 Β
2250 1818 2571 1902 Ειῖεἰῖιὲἓὶἵ
2588 1818 3080 1903 εἷα”ἷέ“ὲιὶἓίῖί”’ίῇἷί
3104 1818 3476 1919 samiae
3522 1844 3851 1905 humiliave-

2386 1928 2516 1973 runt
2545 1928 2617 1981 te.

2315 1999 2370 2047 et
2405 1989 2712 2063 adorabunt
2748 1989 2975 2063 vestigia
3020 1989 3217 2061 pedum
3240 1998 3457 2048 tuorum
3502 2006 3728 2060 omnes,
3756 1990 3846 2063 qui

2386 2059 2750 2117 detrahebant
2779 2059 2911 2126 tibi,
3024 2059 3036 2061 ’
3502 2068 3505 2071 ’

2314 2133 2699 2259 θιινοοιῖιιιιιιι
2744 2141 2797 2189 te
2838 2132 3119 2190 civitatem
3170 2133 3438 2204 Domini,
3496 2134 3635 2192 Sion
3680 2134 3848 2190 sancti

2413 2218 2538 2259 srae
2588 2222 2602 2259 :

2413 2218 2558 2261 Sl'ﬂBl
2588 2222 2602 2259 2

2244 2275 2352 2334 Pro
2371 2290 2439 2332 eo
2464 2275 2606 2346 quod
2642 2275 2788 2332 luisti
2820 2275 3109 2343 derelicta,
3155 2266 3209 2335 ὄι
3235 2277 3362 2333 odio
3394 2272 3607 2344 habita,

2315 2356 2493 2405 etnon
2513 2355 2631 2423 erat
2645 2348 2735 2419 qui
2750 2354 2917 2423 perte”
2930 2350 3186 2423 transiret
3204 2348 3311 2423 [ΑΙ.
3327 2350 3417 2419 qui
3433 2348 3841 2423 pertransiret],

2250 2419 2458 2491 Ponam
2487 2429 2542 2475 te
2565 2420 2619 2474 iu
2644 2420 2951 2491 superbiam
2977 2419 3327 2488 stn‘culorum,

2315 2490 2569 2566 gaudium
2603 2492 2655 2546 in
2678 2490 3092 2566 generationem
3123 2501 3182 2551 et
3212 2494 3635 2566 generationem
3664 2512 3677 2548 :

2245 2561 2504 2633 Etsuges
2528 2562 2613 2618 Iac
2632 2562 2899 2634 gentium,

2317 2644 2372 2690 et
2396 2635 2636 2689 mamilla
2667 2649 2853 2706 regum
2882 2635 3173 2692 laetaberis
3208 2654 3219 2689 :

2245 2703 2315 2761 Et
2344 2706 2489 2777 scies
2515 2707 2641 2775 quia
2669 2703 2771 2776 ego
2791 2705 3053 2762 Dominus
3081 2709 3303 2765 salvans
3333 2718 3411 2777 te,

2317 2786 2373 2832 et
2396 2776 2716 2845 redemptor
2748 2786 2870 2832 tuus
2893 2778 3045 2834 fortis
3065 2780 3250 2836 Jacob.

2244 2847 2353 2905 Pro
2372 2864 2483 2904 tere
2505 2847 2728 2904 aderam
2754 2864 2969 2915 aurum,

2315 2931 2372 2976 et
2400 2934 2499 2991 pro
2529 2918 2677 2993 l‘erro
2703 2919 2926 2976 all‘eram
2945 2931 3257 2993 argentum,

2316 3001 2372 3047 et
2401 2990 2504 3061 pro
2530 2990 2693 3062 lignis
2712 3007 2810 3062 tes,

2318 3070 2375 3117 et
2400 3077 2498 3133 pro
2522 3061 2790 3133 lapidibus
2820 3061 3029 3119 ferrum
3064 3081 3081 3119 ι

2250 3130 2321 3189 Et
2344 3130 2543 3205 ponam
2574 3130 2937 3205 visitationem
2973 3147 3114 3190 utam
3148 3151 3359 3205 pacem,

2170 3210 2216 3274 ί]
2253 3275 2295 3282 __
2318 3204 2374 3261 et
2404 3206 2725 3282 praepositos
2754 3213 2876 3282 tuos
2899 3204 3011 3282 [ιιιῖ
3038 3204 3167 3282 add.
3196 3208 3274 3282 in]
3301 3204 3595 3279 justitiam.

2249 3275 2367 3332 Non
2397 3275 2652 3353 audietur
2676 3277 2823 3353 ultra
2845 3275 3101 3353 iniquitas
3133 3280 3183 3333 in
3218 3275 3361 3353 terra
3386 3290 3497 3353 tua,

2318 3348 2627 3423 vastitaset
2655 3350 2910 3423 contritio
2941 3351 2992 3403 in
3022 3352 3267 3407 terminis
3296 3352 3424 3423 tuis,

2248 3419 2319 3476 Et
2343 3419 2633 3491 occupabit
2664 3419 2814 3475 salus
2853 3435 3040 3477 muros
3072 3430 3217 3491 tuos,

2320 3499 2379 3547 et
2409 3501 2599 3562 portus
2631 3499 2754 3547 tuas
2779 3491 3040 3546 laudatio.

2246 3561 2366 3618 Non
2396 3561 2635 3639 erittibi
2658 3562 2889 3639 amplius
2907 3564 2997 3639 sol
3020 3563 3084 3639 ad
3113 3564 3404 3639 iacendum
3432 3582 3530 3639 per
3558 3567 3743 3637 diem;

2320 3648 2421 3689 nec
2445 3632 2705 3704 splendor
2737 3637 2878 3689 tome
2904 3634 3228 3692 illuminabit
3258 3646 3348 3694 te:

2248 3704 2358 3763 Sed
2387 3706 2491 3783 e_rit
2524 3705 2615 3761 tibi
2646 3707 2903 3783 Dominus
2925 3708 2978 3783 i_n
3010 3708 3185 3764 lucem
3213 3710 3628 3783 sempiternam,

2322 3783 2380 3830 et
2407 3775 2547 3849 Deus
2578 3785 2704 3849 tuus
2734 3777 2787 3831 in
2819 3778 3048 3849 gloriam
3078 3789 3246 3838 tuam.

2246 3846 2364 3903 Non
2388 3846 2604 3903 occidet
2629 3847 2769 3903 ultra
2798 3846 2883 3904 sol
2911 3857 3059 3917 tuus,

2319 3928 2376 3974 et
2403 3917 2529 3973 luna
2555 3930 2641 3973 tua
2667 3933 2775 3974 non
2805 3920 3083 3978 minuetur
3112 3940 3128 3977 :

2246 3989 2385 4059 Quia
2414 3990 2673 4068 Dominus
2702 3990 2808 4047 erit
2838 3993 2899 4068 in
2919 3992 3096 4068 lucem
3121 3996 3535 4068 sempiternam,

2319 4072 2375 4117 et
2404 4062 2820 4131 complebuntur
2848 4063 2965 4120 dies
2993 4064 3171 4121 luctus
3205 4062 3301 4125 tui.

2247 4132 2487 4208 Populus
2513 4143 2694 4189 autem
2726 4144 2850 4208 tuus
2874 4150 3065 4208 omnes
3086 4136 3244 4208 justi,

2319 4204 2373 4259 in
2402 4204 3146 4282 perpetuumhagreditabunt
3172 4204 3400 4282 terram,

2245 4274 2482 4332 Gertnen
2513 4275 2864 4346 plautationis
2890 4293 3027 4334 mete
3044 4321 3059 4345 ,

2316 4361 2456 4411 Opus
2481 4363 2672 4404 manus
2700 4364 2834 4421 mete
2864 4351 2932 4404 ad
2963 4351 3404 4421 gloriﬁcandum.

2243 4416 2501 4474 Minimus
2531 4420 2637 4475 erit
2664 4421 2716 4474 in
2750 4419 2916 4486 mille,
2965 4416 2990 4421 ⁷
3366 4461 3370 4464 .

2318 4500 2375 4545 et
2391 4491 2655 4563 parvulus
2688 4491 2740 4546 in
2767 4505 2986 4563 gentem
3013 4492 3364 4553 fortissimam
3395 4512 3410 4552 :

2246 4560 2362 4632 Ego
2391 4560 2653 4618 Dominus
2698 4574 2707 4580 ‘

2320 4632 2375 4688 in
2404 4643 2648 4700 tempore
2677 4632 2798 4701 ejus
2819 4633 2998 4691 subito
3028 4635 3221 4693 faciam
3252 4639 3419 4698 istud.

2251 4702 2403 4776 [ϐαρ.
2428 4703 2590 4776 LXl.]
2618 4704 2869 4789 Spiritus
2886 4706 3096 4789 Domini
3119 4708 3227 4781 [AL
3252 4712 3380 4769 add.
3400 4713 3519 4788 Dei]
3547 4730 3711 4789 super
3735 4725 3835 4781 me,

2392 4791 2460 4830 eo
2488 4776 2633 4845 quod
2660 4777 2876 4833 unxerit
2905 4776 3163 4836 Dominus
3194 4798 3281 4837 tne
3322 4803 3336 4840 :

2320 4846 2387 4901 ad
2414 4846 2854 4926 ann_untiandum_
2871 4852 3166 4926 mansuetis
3194 4856 3342 4912 misit
3367 4872 3477 4926 me,

2322 4928 2379 4973 ut
2407 4918 2658 4975 mederer
2682 4920 2932 4977 contritis
2959 4923 3145 4992 corde,

2256 5122 2402 5181 hunc
2425 5125 2626 5181 locum.
2660 5125 2836 5184 Mm.

2337 5196 2558 5261 —'l‘res,
2587 5213 2723 5266 quos
2750 5199 3023 5256 Victorius
3043 5200 3247 5256 laudat.
3277 5218 3411 5259 mss.
3436 5202 3726 5260 Bibliorum
3747 5214 3830 5255 co-

2257 5267 2516 5345 dicesjac
2546 5270 2748 5345 habent
2778 5286 2875 5339 pro
2903 5272 3167 5345 inlatere,
3209 5289 3371 5345 quam
3395 5275 3510 5345 ipse
3559 5278 3832 5332 lectionem

2258 5355 2324 5395 ex
2354 5339 2595 5419 infcriori
2621 5351 2880 5419 contextu
2909 5343 2974 5419 ad
3002 5339 3294 5419 versic.l6,
3321 5339 3471 5419 sagas
3494 5348 3577 5401 lac
3596 5347 3843 5419 geminat,

2258 5421 2306 5486 et
2338 5411 2575 5466 mamilla
2599 5428 2779 5486 regum
2803 5414 3103 5480 lactaberis,
3152 5426 3315 5483 atque
3352 5411 3470 5486 ipso
3514 5419 3572 5474 S.
3596 5411 3831 5473 "vectoris

2260 5481 2677 5559 _(Jotntuentatio'
2707 5487 2895 5559 magis
2929 5487 3142 5555 probat.
3186 5481 3508 5559 “cingatur
3559 5505 3689 5543 vero
3732 5486 3829 5540 lle-

2261 5552 2440 5625 brutus
2473 5564 2680 5625 textus,
2710 5571 2772 5611 ac
2800 5552 2994 5619 reliqui
3029 5558 3151 5612 libri
3183 5552 3392 5615 nunties.
3441 5560 3705 5616 Cancrum
3746 5569 3830 5624 op—
3858 5562 3861 5565 '

2256 5625 2385 5680 time
2414 5624 2614 5680 habent
2633 5642 2755 5681 cum
2783 5627 2979 5682 laudati
3007 5644 3162 5695 mss.,
3184 5638 3294 5684 tum
3316 5632 3714 5688 emendatiores
3736 5627 3827 5682 L3-

2251 5695 2676 5826 tvininaegitiones
2700 5709 2914 5772 augent,
2944 5714 3042 5771 pro
3066 5711 3302 5776 surgent,
3328 5702 3468 5776 quod
3501 5704 3743 5761 obtinent
3784 5698 3830 5753 in

2303 5784 2317 5823 l
2359 5785 2390 5826 tt
2489 5808 2502 5826 .
2796 5786 2802 5791 ‘

2303 5777 2502 5843 ulgata.
2796 5786 2802 5791 θ
