2057 3182
165 143 215 172 8H
743 141 846 171 LIBER
866 139 969 170 ISAIJE
989 137 1198 171 PROPIIETE.
1761 140 1815 171 κη

201 204 230 228 et
242 199 417 236 praedicarem
432 199 545 235 captivis
559 199 766 236 indulgentiam,
974 202 1001 232 A
1013 201 1120 231 .luravit
1134 200 1265 230 Dominus
1281 201 1308 229 in
1322 200 1434 229 dextera
1449 207 1509 233 sua,

202 241 227 264 et
244 238 342 265 clausis
356 237 522 272 apertioiiem
536 246 543 252 ι
892 271 896 272 ν
1050 242 1078 267 et
1093 238 1121 265 in
1137 237 1248 265 brachio
1260 237 1425 265 fortitudinis
1438 244 1494 265 sum
1508 246 1514 262 :

166 272 202 301 Ut
215 271 394 309 praedicarem
406 273 412 308 [
425 272 468 300 Al.
487 273 718 302 Etannuntiarem
732 273 738 308 1
751 280 851 300 annum
873 271 963 308 placa-
1015 274 1043 303 Si
1057 274 1158 302 dedero
1172 274 1287 301 triticum
1300 279 1374 301 tuum
1394 273 1462 300 ultra
1477 272 1566 300 cibum
1583 272 1697 301 inimicis
1711 274 1774 303 tuis.

239 309 321 336 bilem
334 310 459 343 Domino,
1050 316 1078 338 et
1098 311 1119 337 si
1136 310 1254 338 biberint
1273 309 1321 337 filii
1340 308 1423 337 alieni
1436 309 1530 337 vinum
1543 313 1631 344 tuum,
1652 309 1678 338 in
1698 316 1752 345 quo
1771 311 1812 338 la.

202 350 230 373 et
244 345 315 372 diem
332 345 442 372 ultionis
456 345 511 373 Deo
523 350 616 374 ttostro
634 356 639 374 :
1086 346 1199 374 borasti.

165 381 202 409 Ut
217 381 376 409 consolarer
389 389 484 408 omnes
496 382 638 418 lugentes:
1015 382 1083 418 Quia
1098 382 1144 417 qui
1157 386 1323 417 congregant
1336 382 1412 416 illud,
1430 381 1583 417 comedent,

204 423 232 445 ιιι
250 425 377 451 ponerem
393 418 548 453 lugentibus
564 419 641 446 Sion.
1053 423 1080 447 et
1093 418 1242 446 laudabunt
1257 419 1400 446 Dominum
1419 428 1425 446 :

202 458 231 481 et
241 453 332 481 darem
346 454 387 481 eis
395 461 522 481 coronam
533 462 582 489 pro
593 455 694 488 cinere,
1051 459 1079 482 et
1092 454 1138 488 qui
1153 459 1325 489 comportant
1338 454 1413 487 illud,

203 490 294 517 oleum
308 490 397 524 gaudii
413 498 462 524 pro
476 490 560 523 luctu,
1053 491 1147 518 bibent
1160 491 1186 518 in
1201 491 1279 518 atriis
1295 491 1396 518 sanctis
1411 490 1492 518 meis.

202 526 312 561 pallium
329 525 416 553 laudis
427 533 476 560 pro
490 526 586 560 spiritu
603 526 746 554 mmroris:
1016 526 1151 559 'I‘rausite,
1162 527 1275 554 transite
1290 533 1338 560 per
1352 530 1454 561 portas,

166 561 202 589 Et
219 562 386 589 vocabuntur
397 561 423 588 in
437 569 468 589 ea
482 562 565 590 fortes
579 562 702 597 iustitiae,
1052 567 1203 598 prteparate
1214 563 1284 590 viam
1297 562 1398 598 populo
1413 571 1419 587 τ

205 598 336 633 plantatio
357 597 464 625 Domini
478 598 511 624 ad
522 598 739 633 gloriﬁcandum.
1017 597 1131 626 Planum
1151 598 1230 626 facile
1244 597 1306 631 iter,

167 633 202 661 Et
218 633 509 670 :cdiﬁcabuntdeserta
520 642 533 660 a
546 634 659 668 saeculo,
1052 634 1143 670 eligite
1155 634 1268 669 lapides.

204 675 231 697 et
243 670 335 697 ruinas
348 669 473 704 antiquas
487 669 604 705 erigent,
1054 676 1083 698 et
1093 669 1198 698 elevate
1210 671 1315 705 signum
1328 670 1361 697 ad
1376 669 1499 705 populos.

166 705 202 733 Et
216 705 404 733 instaurabunt
416 706 539 733 civitates
553 705 686 738 desertas,
1018 707 1089 735 Ecce
1103 706 1234 734 Domintts
1245 707 1367 734 auditum
1383 706 1447 734 fecit
1462 706 1487 733 in
1504 706 1632 734 extremis
1644 712 1725 735 terr-.e
1737 716 1743 740 ;

203 741 347 777 dissipatas
360 742 386 768 in
400 741 603 776 generationem
618 746 646 769 et
660 741 875 777 generationem.
1019 743 1105 770 Dicite
1119 742 1179 769 Iilize
1193 741 1257 770 Si0n
1272 752 1278 769 :

167 777 202 805 Et
214 775 324 805 stabunt
339 775 432 819 alieni,
447 781 474 805 et
491 783 603 813 pascent
617 775 714 812 pecora
735 783 825 806 vestra
844 788 849 804 :
872 780 900 805 et
917 775 967 803 Iilii
1056 779 1126 806 Ecce
1140 778 1340 819 Salvator7tuus
1355 777 1429 806 venit
1444 787 1451 806 :

240 814 456 848 peregrinorum,
1055 821 1119 842 ecce
1134 821 1241 842 merces
1255 814 1314 848 ejus
1329 822 1391 842 cum
1403 821 1447 848 eo,

205 849 331 884 agricola:
342 855 368 876 el
383 849 512 876 vinitores
524 850 604 876 vestri
619 854 709 877 erunt.
1055 855 1082 877 et
1093 857 1161 885 opus
1175 850 1235 884 ejus
1248 857 1340 877 coram
1354 850 1411 877 illo.

168 885 330 923 7V_os_autein
340 884 506 923 Sacerdotes
521 885 626 912 Domini
642 886 805 914 vocabimini
821 896 828 914 :
982 904 1006 923 η
1020 886 1055 914 Et
1065 884 1200 923 vocabunt
1214 893 1279 923 eos,
1288 885 1407 923 Populus
1417 890 1536 919 sanctus,
1550 886 1681 923 redempti
1698 887 1751 922 [ΑΙ.
1772 895 1819 915 re.-

179 904 330 927 Ὕδρην...
340 904 506 927 γυνηυρμυῖι
522 904 626 912 νυ.......
645 904 805 927 pegma...”
822 908 828 914 .
981 904 1006 934 Β
1021 904 1055 914 μ.
1068 904 1200 913 "manu...
1214 904 1273 917 ws,
1289 904 1298 913 .
1310 904 1391 927 υκαι..

168 921 284 948 thstrt
300 921 347 949 Dt‘l
362 925 460 952 nostri.
472 921 577 948 dicetur
590 922 666 948 vobis
681 930 689 950 :
1092 921 1226 956 demptus]
1239 929 1253 948 a
1265 922 1391 948 Domino.

167 957 368 985 Fortitudinem
383 958 501 991 gentium
516 957 675 992 comedetis,
1020 958 1060 986 Tu
1077 961 1167 985 autem
1182 957 1335 991 vocaberis,
1350 956 1469 990 Qtttesita
1483 957 1591 991 civitas,

204 997 232 1021 et
252 993 279 1020 in
295 993 385 1027 gloria
400 1000 493 1020 earum
514 993 689 1028 superbietis.
1057 998 1085 1021 et
1100 1001 1153 1021 non
1166 993 1307 1021 derelicta.

169 1029 224 1067 Pro
236 1029 396 1067 confusione
412 1033 501 1057 vestra
518 1029 617 1064 duplici
632 1034 659 1056 et
669 1029 780 1062 rubore,
1021 1029 1097 1067 [Cap.
1116 1028 1220 1067 LXIIIJ
1233 1029 1359 1067 Quis_es_t
1373 1029 1494 1067 iste,7qui
1510 1030 1628 1059 vcnitdc
1641 1031 1726 1059 Edoni
1744 1039 1750 1056 τ

206 1065 354 1092 laudabunt
373 1071 477 1099 partem
494 1072 588 1092 eorum
604 1074 610 1092 :
1022 1064 1031 1067 ’
1058 1064 1150 1093 tinctis
1163 1065 1283 1093 vestibus
1294 1065 1328 1092 de
1340 1065 1422 1093 Bosra
1434 1066 1446 1092 ?

167 1100 285 1135 Propter
300 1103 351 1128 lioc
369 1101 395 1128 in
412 1105 483 1128 terra
499 1108 545 1128 sua
558 1100 674 1136 duplicia
690 1101 879 1137 possidebunt,
1022 1102 1077 1130 Iste
1092 1101 1229 1128 formosus
1242 1101 1268 1128 in
1284 1101 1354 1128 stola
1375 1109 1433 1134 sua,

207 1137 297 1164 ltctitia
309 1138 477 1171 sempiterna
491 1138 543 1164 erit
559 1138 607 1164 cis.
692 1136 696 1137 ⁷
1058 1137 1185 1172 gradiens
1199 1137 1225 1164 in
1241 1137 1415 1165 multitudine
1426 1136 1594 1165 fortitudinis
1609 1145 1677 1166 suae.

168 1172 240 1207 Quia
254 1180 306 1207 ego
320 1173 452 1200 Dominus
467 1173 583 1208 diligens
594 1172 738 1207 judicium,
1023 1172 1081 1208 Ego
1094 1173 1140 1208 qui
1156 1172 1253 1207 loquor
1266 1172 1413 1207 justitiam,

206 1215 234 1237 et
249 1209 312 1236 odio
328 1208 432 1236 habens
446 1210 568 1242 rapinam
586 1210 612 1236 in
626 1209 786 1237 holocausto
802 1217 809 1235 :
1059 1214 1086 1237 et
1101 1213 1282 1243 propugnator
1295 1216 1354 1235 sum
1369 1209 1403 1236 ad
1419 1208 1591 1236 salvandum.

169 1245 205 1273 Et
218 1245 288 1272 dabo
301 1252 370 1280 opus
384 1252 478 1272 eorum
495 1248 521 1273 In
538 1245 664 1276 veritate.
1024 1245 1112 1280 Quare
1123 1252 1188 1277 ergo
1202 1244 1314 1271 rubrum
1334 1248 1376 1272 est
1389 1244 1576 1272 indumentum
1592 1249 1680 1277 tuttm,

207 1286 234 1308 et
249 1281 336 1308 foedus
350 1285 510 1316 perpetuum
527 1280 621 1308 feriant
638 1281 687 1308 eis.
1060 1285 1088 1308 et
1104 1280 1266 1307 vestimenta
1277 1284 1322 1307 tua
1337 1281 1408 1308 sicut
1421 1280 1583 1308 calcantium
1601 1281 1627 1309 in
1644 1281 1798 1309 torcttlari?

171 1317 205 1345 Et
222 1317 324 1344 scietur
339 1317 365 1344 in
379 1317 506 1352 gentibus
520 1324 612 1344 semen
625 1324 731 1345 eorum.
1025 1316 1155 1345 Torcular
1170 1316 1271 1344 calcavi
1287 1316 1379 1350 solus,
1423 1337 1426 1338 ν
1761 1326 1767 1335 ν

207 1357 234 1380 et
254 1360 365 1387 germen
377 1361 472 1380 eorum
486 1353 512 1380 iu
527 1352 618 1380 medio
633 1353 794 1388 populorum
810 1360 818 1379 :
1061 1358 1086 1380 et
1102 1352 1136 1380 de
1151 1352 1276 1388 gentibus
1292 1360 1348 1379 non
1362 1356 1404 1379 est
1418 1352 1458 1380 vir
1471 1359 1593 1381 mecum:

172 1389 273 1417 Omnes
290 1390 334 1424 qui
355 1389 474 1416 viderint
496 1396 560 1423 eos,
583 1393 750 1423 cognoscent
765 1395 830 1421 eos,
1025 1388 1134 1417 Calcavi
1145 1395 1192 1415 eos
1207 1388 1233 1415 in
1251 1387 1342 1415 furore
1356 1395 1429 1422 meo,

207 1425 269 1460 quia
284 1425 327 1452 isti
343 1430 405 1452 Sunt
425 1432 530 1457 semen,
543 1424 586 1452 cui
602 1425 742 1452 benedixit
753 1425 894 1452 Dominus.
1062 1430 1088 1453 et
1101 1424 1260 1452 conculcavi
1277 1431 1326 1451 eos
1340 1424 1366 1450 in
1381 1424 1421 1451 ira
1435 1431 1494 1451 mea
1510 1432 1517 1450 :

173 1460 300 1488 Gaudens
310 1460 435 1495 gaudebo
450 1461 474 1487 in
488 1461 613 1492 Domino,
663 1473 666 1476 ν
920 1494 934 1496 _
1027 1461 1062 1489 Et
1086 1467 1215 1495 aspersus
1234 1464 1276 1488 est
1299 1460 1409 1496 sanguis
1439 1467 1533 1487 eorum
1559 1467 1642 1496 super
1663 1460 1827 1489 vestimenta

208 1500 236 1524 et
260 1494 482 1532 exstrltabitMl.
499 1496 667 1530 exsultavit]
692 1497 781 1524 anima
803 1503 863 1524 mea
877 1495 903 1523 in
920 1494 976 1523 Deo
1099 1494 1175 1530 mea,

245 1541 326 1560 meo:
422 1531 431 1532 ί
1063 1537 1092 1561 et
1108 1532 1200 1560 omnia
1220 1532 1379 1560 indumenta
1402 1538 1463 1559 mea
1484 1531 1634 1567 inqttinavi.

174 1568 241 1602 Quia
259 1569 344 1595 induit
358 1576 400 1595 me
416 1570 587 1597 vestimentis
603 1569 701 1596 salutis
718 1579 723 1595 :
1028 1569 1092 1597 Dies
1111 1569 1182 1596 enim
1200 1568 1310 1595 ultionis
1330 1568 1356 1595 in
1373 1567 1456 1594 corde
1477 1572 1550 1601 meo,

210 1609 237 1631 et
257 1606 414 1632 indumento
428 1606 539 1639 jnstitim
556 1606 734 1632 circumdedit
751 1613 804 1635 me.
990 1605 1014 1637 C
1066 1612 1153 1632 annus
1164 1604 1362 1639 redemptionis
1377 1611 1445 1631 mea)
1456 1604 1541 1630 venit.

212 1641 286 1676 quasi
299 1648 428 1675 sponsum
441 1642 599 1668 decoratum
616 1649 729 1673 corona,
1028 1640 1225 1675 Circumspexi,
1244 1645 1271 1667 et
1286 1647 1339 1676 non
1352 1643 1410 1667 erat
1424 1639 1570 1676 auxiliator
1588 1648 1595 1666 :

213 1674 238 1704 et
255 1674 330 1711 quasi
343 1685 470 1711 sponsam
486 1683 609 1704 ornatam
627 1678 773 1704 monilibus
786 1678 853 1704 suis.
1065 1674 1187 1712 quaesivi,
1203 1681 1230 1703 et
1244 1684 1296 1702 non
1313 1675 1359 1703 fuit
1370 1675 1422 1712 7qui
1439 1674 1596 1710 adjttvaret:

176 1712 251 1741 Sicut
263 1710 333 1739 enim
350 1710 420 1740 terra
434 1714 534 1747 profert
546 1721 654 1747 germctt
669 1721 758 1745 suum,
1029 1713 1063 1741 Et
1074 1710 1196 1740 ‘salvavit
1216 1711 1285 1739 mihi
1303 1710 1444 1739 brachium
1468 1718 1570 1747 meum,

214 1753 240 1775 et
255 1749 328 1775 sicut.
342 1746 440 1775 hortus
452 1746 634 1775 semensuum
649 1750 783 1782 germinat
799 1757 805 1774 :
1066 1753 1093 1776 et
1110 1748 1258 1783 indignatio
1273 1755 1331 1774 mea
1348 1747 1405 1781 ipsa
1420 1746 1547 1783 auxiliata
1561 1749 1604 1773 est
1618 1746 1695 1774 mihi.

215 1785 253 1812 sic
270 1785 399 1811 Dominus
416 1785 487 1812 Deus
503 1786 666 1819 germinabit
678 1785 811 1819 justitiam
830 1789 858 1812 et
868 1783 977 1811 laudem
1030 1784 1066 1812 Et
1079 1781 1234 1811 conculcavi
1251 1783 1365 1818 populus
1379 1782 1407 1819 in
1427 1781 1521 1819 furore
1543 1789 1616 1813 meo,

250 1828 342 1847 eorum
359 1821 491 1848 universis
504 1817 641 1855 gentibus.
679 1817 685 1819 ⁷
1067 1826 1094 1847 et
1106 1820 1237 1847 inebriavi
1250 1817 1298 1847 eos
1318 1819 1345 1845 in
1363 1817 1552 1855 indignatione
1572 1824 1643 1848 mea,

179 1855 255 1893 [Capt
270 1856 338 1883 LXII
356 1856 361 1891 ]
375 1857 488 1893 Propter
504 1854 567 1884 Sion
586 1865 638 1883 non
656 1857 762 1890 tacebo,
1051 1860 1096 1893 77et
1109 1856 1212 1893 detraxi
1235 1855 1266 1893 iii
1278 1859 1377 1893 terram
1391 1854 1518 1893 virtutem
1535 1859 1639 1880 eorum.

216 1889 241 1919 et
255 1889 364 1925 propter
376 1889 526 1920 Jerusalem
541 1901 594 1919 non
610 1893 756 1926 quiescam,
1033 1891 1236 1920 Miserationum
1253 1890 1357 1918 Domini
1373 1889 1552 1923 recordabor,

216 1923 302 1954 donec
318 1928 473 1963 egrediatur
485 1934 514 1955 ut
531 1923 757 1963 splctttiorjttsltts
767 1928 837 1962 ejus,
1069 1927 1177 1955 Iaudem
1194 1926 1299 1954 Domini
1314 1933 1396 1961 super
1411 1926 1536 1953 omnibus
1548 1931 1608 1960 qua:
1629 1923 1748 1952 reddidit
1759 1924 1838 1953 nobis

219 1968 245 1990 et
260 1962 378 1991 salvator
391 1965 449 1998 ejus
464 1970 491 1991 tit
508 1962 611 1998 lampas
627 1965 802 1991 accendatur.
1106 1962 1249 1996 Dominus,

183 1999 217 2027 Et
233 1999 364 2025 ridebunt
380 1995 584 2033 géntesjustum
603 2004 687 2033 tuum,
1070 2003 1099 2026 et
1123 2006 1206 2033 super
1227 1995 1427 2026 multitudinem
1451 1997 1585 2033 bonorum
1616 1995 1715 2033 domui
1733 1996 1834 2033 Israel,

220 2039 247 2061 et
262 2035 351 2061 (‘tlnt'li
369 2031 446 2067 rcges
462 2031 592 2069 inclytum
608 2031 705 2062 tuum:
1106 2031 1166 2070 qute
1191 2034 1303 2070 largitus
1331 2038 1375 2062 est
1399 2034 1439 2060 eis
1463 2032 1612 2061 secundum
1641 2031 1838 2066 indulgentiam

185 2070 219 2098 Et
236 2071 377 2097 vocabitur
394 2070 441 2096 tibi
458 2077 554 2097 nomen
572 2078 681 2103 novum,
1107 2078 1196 2101 suam.
1665 2102 1671 2103 γ
1818 2070 1822 2075 ’

221 2107 291 2140 quod
305 2115 334 2133 os
348 2106 452 2132 Domini
467 2106 617 2133 nominabit.
632 2106 685 2142 [ΑΙ.
704 2106 874 2141 nominavit].
1073 2111 1100 2135 et
1119 2106 1268 2134 secundum
1290 2104 1491 2134 multitudinem
1512 2102 1761 2131 miseric0rdiarum
1775 2110 1839 2131 sua-

184 2142 219 2170 Et
234 2143 287 2169 eris
301 2149 399 2168 corona
416 2142 508 2176 gloria:
524 2143 547 2169 in
564 2150 643 2169 manu
660 2143 782 2176 Domini,
1110 2151 1179 2170 rum.

222 2184 247 2205 et
260 2178 382 2205 diadema
400 2179 472 2212 regni
486 2179 513 2205 in
531 2187 610 2205 mattu
629 2180 673 2206 Dei
692 2180 740 2206 ttii.
1038 2178 1071 2206 Et
1090 2178 1157 2206 dixit
1174 2188 1181 2206 :

185 2213 243 2242 Non
261 2214 402 2241 \‘Ot'nileris
418 2210 484 2241 ultra
501 2215 636 2242 Derelicta
651 2223 656 2241 ε
1039 2214 1230 2242 Verumtamen
1242 2212 1359 2249 populus
1370 2219 1446 2249 mens
1456 2215 1509 2245 est,
1524 2210 1571 2238 iilii
1584 2217 1637 2237 non
1652 2214 1802 2245 negantes:

221 2255 247 2277 ct
265 2255 335 2276 terra
350 2254 391 2276 tua
408 2258 461 2276 non
478 2251 616 2277 vocabitur
631 2249 749 2285 amplius
760 2250 886 2278 Desolata
905 2259 910 2276 :
1074 2254 1101 2277 et
1121 2249 1206 2277 factus
1226 2255 1269 2276 est
1290 2250 1330 2276 eis
1351 2248 1479 2275 salvator.

188 2285 241 2312 Sed
258 2286 409 2318 vocaberis,
424 2285 550 2312 Voluntas
562 2294 621 2312 mea
639 2286 666 2313 in
679 2281 723 2318 ea,
999 2308 1026 2318 τ,
1039 2285 1069 2313 In
1091 2286 1164 2312 omni
1180 2285 1355 2313 tribulatione
1374 2291 1468 2310 eorum
1484 2289 1537 2309 non
1551 2286 1593 2309 est
1610 2281 1768 2314 tribulattts,

225 2308 251 2358 ξι
265 2308 367 2358 mare;
378 2308 436 2358 ita;
447 2308 666 2358 initiatam:
682 2308 829 2358 ῑῑέυίιηιειι.
999 2308 1028 2339 D
1040 2308 1608 2358 j“et';;;gti.;;“ataigj.ggsuauitas:

189 2356 257 2389 Quia
269 2355 433 2388 complacuit
447 2356 560 2382 Domino
575 2353 642 2384 in'te
660 2367 665 2384 :
810 2353 818 2358 ’
1041 2357 1070 2385 In
1090 2353 1236 2385 dilectione
1256 2363 1316 2389 sua,
1335 2353 1404 2382 etin
1428 2353 1595 2389 indulgentia
1617 2360 1664 2380 sua
1684 2353 1741 2388 ipse
1761 2353 1840 2381 rede-

227 2397 253 2417 ct
268 2396 338 2416 terra
354 2396 396 2417 tua
418 2391 620 2418 iuliabitabitur.
1113 2393 1162 2420 mit
1178 2400 1235 2425 eos,

190 2426 332 2464 Ilaliit7ab7it
350 2426 421 2464 enim
440 2427 547 2464 juvenis
565 2435 624 2454 cum
640 2428 754 2464 virgine,
1077 2433 1104 2457 et
1120 2428 1239 2463 portavit
1254 2434 1313 2461 eos,
1329 2430 1357 2454 et
1375 2426 1474 2454 levavit
1489 2432 1537 2453 eos
1554 2424 1660 2452 cunctis
1674 2424 1769 2452 diebus
1788 2432 1842 2454 sa-

227 2467 256 2489 et
273 2462 429 2489 habitabant
446 2463 471 2489 iu
489 2468 514 2490 te
536 2463 581 2489 filii
599 2465 646 2491 tui.
685 2462 694 2464 ἡ
1113 2462 1178 2492 (ΞιιΙί.

193 2497 227 2526 Et
241 2498 367 2537 gaudebit
377 2507 498 2537 7Spttnitls
514 2507 595 2537 super
616 2508 757 2534 sponsam,
1042 2500 1095 2537 Ipsi
1110 2504 1199 2537 autem
1214 2499 1246 2527 ad
1264 2498 1430 2537 iracundiam
1447 2503 1673 2537 provocaverunt,

228 2537 254 2560 et
269 2534 395 2567 gaudebit
407 2543 488 2568 super
505 2540 530 2562 te
547 2536 615 2562 Deus
630 2540 702 2562 tuus.
1055 2534 1063 2537 “
1081 2542 1107 2564 et
1121 2536 1275 2563 afﬂixerunt
1286 2535 1409 2570 spiritum
1423 2534 1509 2562 sancti
1524 2534 1583 2567 ejus
1600 2542 1607 2560 :

194 2569 281 2602 Super
299 2576 390 2595 muros
405 2574 474 2601 tuos,
493 2570 654 2605 Jerusalem,
668 2571 796 2599 constittti
811 2571 947 2603 custodes.
1046 2573 1080 2600 Et
1092 2578 1242 2600 conversus
1256 2569 1351 2599 cst’eis
1364 2571 1388 2597 in
1405 2570 1555 2603 inimicum,

230 2610 284 2642 tota
306 2604 349 2631 die
373 2608 399 2631 et
425 2609 476 2631 tota
499 2612 578 2631 nocte
602 2608 628 2633 in
656 2611 815 2642 perpetuum
841 2615 894 2635 non
921 2612 992 2635 tacc-
1083 2612 1110 2635 et
1129 2610 1187 2642 ipse
1205 2607 1349 2635 debellavit
1369 2613 1435 2639 eos;

268 2640 333 2666 bunl
349 2649 354 2666 2
658 2640 662 2641 ⁷
706 2640 712 2642 ”
1047 2644 1081 2672 Ει
1099 2640 1255 2671 recordatus
1272 2647 1314 2670 est
1328 2642 1434 2670 dierum
1448 2640 1542 2669 saeculi
1552 2640 1629 2674 Mosi,

195 2677 246 2711 Qui
262 2676 467 2714 reminiscimini
485 2676 602 2707 Domini,
620 2683 653 2704 ne
668 2675 780 2703 taceatis
795 2684 802 2702 :
1083 2680 1173 2714 populi
1191 2679 1232 2706 sui
1247 2687 1255 2707 :

232 2717 258 2739 et
271 2720 304 2739 ne
322 2712 393 2749 detis
414 2714 550 2749 silentium
565 2713 602 2745 ei,
1049 2714 1101 2742 Ubi
1115 2712 1214 2749 estqui
1229 2713 1381 2742 eduxiteos
1396 2713 1430 2741 de
1451 2712 1520 2741 mari
1537 2719 1599 2741 cum
1614 2713 1768 2748 past0ribus
1785 2720 1846 2748 grc-

233 2748 460 2781 donecstabiliat,
570 2784 573 2785 7
636 2784 641 2785 7
691 2783 698 2785 _
760 2784 764 2785 7
1119 2749 1239 2785 gissui?

232 2789 260 2812 et
274 2785 359 2811 donec
375 2789 457 2819 ponat
470 2784 619 2812 .ierusalem
636 2783 743 2812 laudem
758 2784 784 2812 in
798 2788 882 2812 terra.
1050 2785 1102 2814 Ubi
1116 2783 1158 2813 ést
1167 2787 1213 2821 qui
1227 2786 1317 2822 posuit
1329 2786 1355 2813 in
1367 2784 1457 2814 medio
1470 2784 1531 2821 ejus
1551 2784 1675 2820 spiritum
1688 2783 1773 2812 sancti
1785 2785 1848 2812 sui?

203 2929 212 2955 ι
236 2896 250 2910 ἰ
265 2892 317 2955 [go
341 2890 502 2924 Inhabitata,
525 2894 653 2926 corrupte
667 2890 765 2926 legitur
788 2888 815 2917 in
836 2887 947 2917 Conone
961 2887 1221 2924 San-Gcrmanensi,
1236 2893 1265 2918 et
1280 2896 1330 2918 ms.
1346 2888 1506 2918 Colliertino
1524 2887 1675 2922 Aniciensi,
1693 2886 1850 2916 iii/mbiIatu'.

214 2933 254 2955 ur.
299 2935 365 2955 Αιιτ.

214 2933 254 2955 ur.
274 2933 365 2956 MART.

348 2973 487 3005 ΡΑτιιοι.
516 2971 664 3006 XXVIII.
1495 2971 1534 3006 Ξῖ
