4114 6364
343 331 455 398 845

417 468 473 514 et
498 472 607 514 non
639 455 934 513 aseendent
963 470 1127 525 super
1149 471 1261 512 eor.
1295 455 1300 460 ’
1377 455 1404 458 ”

347 529 462 587 Sed
485 529 786 599 gaudebitis
816 539 869 584 et
895 529 1234 585 exsrdtabitis
1259 543 1428 600 usque
1455 527 1507 584 in
1531 531 1942 601 sempiternum,

495 603 549 658 in
574 602 659 658 his
681 616 802 672 quae
831 615 931 671 ego
953 616 1079 656 creo
1107 618 1120 655 :

349 672 486 742 Quia
517 689 646 730 ecce
671 671 773 742 ego
800 688 928 746 creo
958 671 1260 746 Jerusalem
1288 673 1726 746 exsultationem,

421 756 479 801 et
507 747 764 818 populum
793 745 910 818 ejus
948 745 1222 818 gaudium.

347 817 420 872 Et
451 816 738 873 exsu'ltabo
768 818 819 871 in
846 816 1168 885 Jerusalem,

418 900 474 945 et
500 889 749 959 gaudebo
776 889 831 943 in
864 890 1062 958 pepulo
1089 904 1214 945 meo
1245 907 1256 944 :

341 961 412 1017 Et
454 977 562 1017 non
604 961 856 1017 audietur
893 961 946 1016 in
979 969 1004 997 ⁸
1035 976 1101 1017 eo
1131 961 1269 1018 ultra
1301 977 1404 1020 vox
1431 963 1593 1020 ﬂetus
1621 973 1676 1020 et
1703 979 1808 1020 vox
1834 962 1947 1019 cla-

489 1048 678 1089 mOl‘lS.
1261 1077 1270 1083 .

341 1103 462 1160 Non
492 1105 600 1162 erit
629 1105 702 1162 ibi
726 1103 834 1176 [AL
869 1114 1003 1160 tacet
1031 1104 1128 1178 ibi]
1151 1106 1383 1177 amplius
1405 1107 1584 1163 infans
1609 1107 1839 1178 dierum,

421 1186 481 1232 et
508 1193 683 1234 senex
710 1178 803 1247 qui
835 1192 944 1232 non
973 1178 1194 1246 impleat
1219 1181 1336 1234 dies
1364 1195 1492 1235 suos
1518 1199 1531 1234 :

343 1246 617 1316 Quoniam
651 1246 781 1318 puer
807 1259 1028 1304 centum
1055 1265 1321 1306 annorum
1354 1251 1640 1319 morietur,

425 1329 479 1378 et
509 1332 764 1392 peccator
787 1331 1002 1377 centum
1035 1337 1300 1377 annorum
1329 1323 1652 1379 maledictus
1674 1323 1800 1380 erit.

344 1391 420 1448 Et
457 1391 801 1449 :edilicabunt
831 1393 1043 1459 domos,
1076 1405 1129 1448 et
1157 1395 1476 1449 habitabunt
1509 1413 1522 1446 :

423 1473 481 1519 et
509 1464 833 1535 plantabunt
860 1467 1066 1530 vineas,
1089 1476 1144 1521 et
1166 1466 1452 1523 comedent
1480 1466 1719 1522 fructum
1741 1481 1946 1523 earum.

339 1535 470 1592 Non
496 1536 864 1603 :Bdificabunt,
895 1549 947 1592 et
974 1537 1111 1592 alius
1142 1537 1404 1592 habitabit
1433 1554 1446 1592 :

424 1624 531 1663 non
565 1609 905 1676 plantabnnt,
940 1617 996 1665 et
1025 1609 1164 1665 alius
1194 1612 1450 1666 comedet
1482 1629 1496 1666 :

347 1679 667 1736 Secundum
694 1681 836 1736 enim
865 1679 1162 1756 dies_ligni,
1191 1681 1309 1756 dies
1338 1683 1712 1756 eruutpopuli
1747 1683 1880 1756 mei,

422 1762 474 1806 et
505 1767 668 1822 opera
698 1768 952 1807 manuum
984 1750 1013 1790 ι’
1042 1750 1232 1809 eorum
1265 1750 1664 1810 inveterabunt.

339 1823 523 1880 Electi
555 1825 660 1879 mei
687 1840 793 1878 non
827 1824 1146 1880 laborabunt
1173 1825 1395 1891 frustra,

422 1911 602 1965 neque
629 1896 964 1966 generabunt
995 1896 1046 1950 in
1078 1899 1492 1956 contnrbatione
1521 1917 1534 1954 :

336 1966 484 2035 Quia
509 1982 694 2023 semen
726 1967 1137 2023 benedictorum
1173 1969 1386 2027 Domini
1417 1982 1522 2038 est,

423 2049 476 2092 et
512 2051 732 2110 nepotes
761 2054 947 2094 eorum
977 2055 1096 2094 cum
1126 2042 1226 2097 eis.

342 2110 578 2178 Eiitque
609 2122 892 2183 antequam
926 2112 1182 2179 clament,
1214 2128 1314 2183 ego
1344 2116 1628 2173 exaudiam
1654 2134 1665 2170 :

335 2225 357 2261 ._
416 2182 598 2237 adhuc
619 2182 725 2237 illis
748 2183 1118 2253 loquentibus,
1141 2201 1241 2261 ego
1254 2182 1474 2261 audiam
1491 2189 1599 2261 [ΑΙ.
1615 2184 1948 2255 exaudiam].

334 2255 529 2323 Lupus
555 2266 611 2310 et
641 2270 810 2324 agnus
842 2266 1132 2325 pascentur
1155 2258 1338 2326 simul,

420 2331 508 2382 leo
535 2336 590 2382 et
619 2326 716 2380 bos
749 2327 1033 2382 comedent
1074 2329 1278 2397 paleas.

417 2409 474 2452 et
503 2399 738 2468 serpenti
771 2401 951 2469 pulvis
982 2402 1134 2469 panis
1165 2403 1282 2470 ejus
1316 2419 1330 2456 ε
1434 2450 1442 2458 .

337 2471 465 2526 Non
497 2470 784 2533 nocebunt,
815 2486 990 2541 neque
1018 2472 1270 2529 occident
1301 2475 1354 2530 in
1383 2476 1530 2532 omni
1558 2485 1744 2533 monte
1764 2483 1955 2533 sancto

496 2557 640 2606 meo,
683 2541 816 2596 dicit
846 2543 1126 2599 Dominus.-

341 2612 500 2686 [ϐαρ.
534 2612 744 2684 LXVM
775 2614 902 2670 Haec
931 2615 1063 2671 dicit
1094 2617 1373 2676 Dominus.

355 2686 572 2743 Cretum
600 2686 756 2741 sedes
783 2702 924 2756 mea,

424 2770 568 2812 terra
592 2769 772 2814 autem
798 2759 1104 2815 scabellum
1133 2763 1330 2831 pedum
1365 2778 1630 2819 meorum.

343 2829 486 2898 Quae
515 2839 600 2885 est
627 2832 727 2884 ista
757 2833 972 2896 domus,
999 2829 1159 2902 quam
1193 2835 1532 2890 aedificabitis
1559 2833 1735 2890 mihi?

422 2911 480 2956 et
507 2902 627 2972 quis
648 2914 726 2957 est
762 2903 864 2958 iste
893 2904 1044 2958 locus
1075 2907 1270 2972 quietis
1299 2910 1470 2963 meae?

346 2973 544 3029 Omnia
579 2975 694 3030 hazc
725 2990 914 3028 manus
937 2992 1056 3031 mea
1082 2978 1231 3045 fecit,

423 3055 480 3101 et
506 3045 644 3101 facta
671 3057 796 3100 sunt
826 3048 1076 3103 universa
1103 3050 1227 3116 ista,
1256 3050 1389 3104 dicit
1421 3050 1702 3106 Dominus.

349 3117 434 3172 Ad
468 3133 626 3188 quem
658 3128 840 3200 autem
872 3120 1182 3200 respiciam,
1215 3122 1317 3178 nisi
1345 3122 1412 3180 ad
1452 3121 1866 3193 pauperculum,
1902 3131 1956 3178 ct

500 3194 794 3244 enutritum
823 3194 1040 3260 spiritu,

426 3270 482 3315 et
513 3273 834 3317 trementem
867 3277 1150 3318 Sermones
1179 3267 1368 3320 meos?

353 3332 458 3400 Qui
489 3332 733 3406 immolat
759 3333 972 3401 bovem,
1007 3336 1158 3404 quasi
1192 3336 1286 3406 qui
1315 3338 1608 3392 interficiat
1632 3337 1804 3392 virum
1833 3357 1843 3392 :

426 3405 516 3475 qui
537 3413 749 3478 intactat
781 3421 964 3474 pecus,
987 3409 1138 3477 quasi
1166 3405 1256 3478 qui
1283 3410 1600 3464 execrebret
1631 3425 1819 3464 canem
1849 3426 1864 3464 :

356 3477 459 3546 Qui
490 3476 647 3602 offlert
673 3477 1026 3602 {ablationenn
1060 3476 1214 3550 quasi
1243 3484 1333 3552 qui
1375 3481 1693 3552 sanguinem
1737 3482 1953 3536 suillum

503 3560 534 3602 0
578 3564 664 3602 era
724 3567 737 3602 ε
779 3575 784 3582 ‘

503 3558 692 3604 ott'erat
724 3567 737 3603 ε
779 3575 784 3582 '

428 3622 518 3688 qui
558 3621 876 3696 recordatur
914 3623 1111 3690 thuris,
1152 3624 1307 3694 quasi
1346 3626 1438 3696 qui
1469 3623 1756 3681 benedicat
1785 3623 1952 3681 idolo.

358 3691 488 3748 llzec
512 3694 692 3747 omnia
717 3693 998 3764 elegerunt
1023 3696 1076 3750 in
1101 3691 1202 3751 viis
1232 3691 1366 3762 suis,

433 3774 487 3819 et
516 3765 1092 3890 intabominationibtts
1119 3771 1232 3824 suis
1263 3769 1443 3824 anima
1474 3784 1661 3826 eorum
1692 3767 1954 3827 delectata

511 3852 568 3890 cs
603 3879 614 3890 .

511 3852 614 3890 CSl.

362 3905 520 3964 Unde
550 3917 603 3963 et
625 3925 723 3979 ego
755 3910 949 3982 eligam
983 3911 1264 3968 illusiones
1287 3928 1478 3968 eorum
1514 3930 1525 3967 :

436 3989 489 4034 et
517 3996 635 4050 qlia:
668 3983 952 4048 titnebant,
983 3985 1252 4040 adducam
1281 3987 1360 4040 eis
1387 4003 1400 4038 :

361 4051 500 4126 Quia
525 4054 730 4118 vocavi,
761 4062 816 4108 ct
845 4069 952 4108 non
983 4065 1100 4109 erat
1126 4059 1215 4126 qui
1240 4057 1640 4126 responderet:

438 4123 649 4178 locutus
673 4139 815 4191 sum,
841 4135 894 4180 et
919 4141 1026 4182 non
1052 4123 1383 4184 audierunt:
1604 4125 1614 4130 ’

363 4194 742 4269 Feceruntque
772 4199 972 4254 malum
1007 4201 1059 4255 in
1101 4200 1276 4256 oculis
1306 4202 1461 4272 meis,

441 4411 467 4440 α
497 4400 764 4458 Hebraiee
794 4401 1028 4474 sequiori
1059 4412 1142 4457 est
1169 4417 1391 4474 genere,
1424 4403 1475 4456 in
1507 4419 1596 4469 ea,
1626 4412 1703 4460 rt:
1736 4417 1748 4456 :
1781 4400 1968 4471 sicque

368 4474 485 4544 ipse
515 4477 716 4529 rectius
747 4475 874 4544 legit
903 4477 954 4528 in
986 4473 1389 4528 Commentario
1417 4477 1474 4530 S.
1509 4474 1690 4544 Pater.

441 4544 469 4583 ι)
500 4549 639 4608 Alia,
667 4543 856 4616 eaque,
890 4555 949 4599 tit
978 4548 1190 4600 videtur
1219 4547 1541 4600 concinnior
1572 4543 1862 4600 verborum
1887 4559 1974 4616 se-

369 4617 481 4673 ries
513 4628 589 4671 est
624 4620 674 4672 in
697 4615 1135 4685 Cetnmentariis,
1161 4628 1467 4672 vrterascent
1485 4619 1661 4670 electis
1680 4619 1825 4670 meis.
1853 4615 1974 4670 Non

373 4688 700 4796 Ιαὺοιοίλίιιιιι,
743 4701 849 4745 etc.
890 4689 1095 4745 Sensus
1137 4707 1351 4760 quoque
1384 4690 1566 4746 verior
1593 4688 1660 4744 ad
1690 4689 1974 4744 Hebraeum

375 4777 518 4829 'W'l:
545 4777 678 4827 173’-

1534 341 1738 400 LlBER
1775 343 1980 404 ISAIIE
2016 335 2438 402 ΡΒΟΡΠΕΤᾸΞ.

3539 343 3648 403 846

1973 458 2026 522 Α
2066 529 2080 541 Δ
2123 468 2185 541 e‘t.
2203 473 2323 526 quae
2355 456 2579 541 uolui.“c
2611 466 2858 541 egerunt.

2050 529 2247 585 Audite
2268 530 2490 584 verbum
2517 529 2746 594 Domini,

2124 603 2215 671 qui
2243 601 2472 656 tremitis
2499 600 2565 656 ad
2594 601 2818 656 verbum
2850 599 2968 672 ejus
2999 617 3013 656 :

2053 673 2313 729 Dixerunt
2342 673 2532 727 fratres
2556 673 2720 728 vestri
2751 672 2998 728 odientes
3024 688 3141 740 vos,

2125 754 2179 800 et
2198 745 2517 814 abjicientes
2547 754 2768 814 prOpter
2794 758 2990 801 nomen
3017 761 3228 802 meum:

2053 817 2400 874 Glorificetnr
2424 816 2702 884 Dominus,

2123 897 2179 944 et
2208 887 2511 943 videbimus
2543 890 2594 941 in
2627 889 2807 943 lartitia
2837 898 3018 945 vestra
3049 907 3065 944 :

2126 960 2228 1030 ipsi
2257 970 2435 1015 autem
2467 959 2888 1017 confundantur.

2056 1029 2168 1088 Voti
2201 1029 2228 1069 ά
2271 1030 2451 1101 pepuli
2485 1031 2553 1086 de
2577 1032 2816 1099 civitate,

2039 1110 2043 1114 ’
2125 1120 2228 1160 vox
2257 1103 2326 1160 de
2353 1104 2575 1170 templo,

2125 1191 2228 1232 vox
2262 1175 2478 1230 Domini
2505 1175 2782 1232 reddentis
2807 1176 3223 1237 retributionem
3252 1179 3482 1239 inimicis
3508 1181 3642 1240 suis.

2059 1250 2365 1317 Antequam
2396 1248 2714 1319 parturiret,
2748 1251 2959 1320 peperit
2991 1268 3004 1305 :

2126 1330 2411 1396 antequam
2457 1324 2669 1376 veniret
2709 1333 2892 1396 partus
2917 1322 3061 1394 ejus,
3085 1325 3298 1396 peperit
3321 1326 3643 1385 masculum.

2055 1392 2188 1460 Quis
2215 1393 2425 1447 audivit
2444 1407 2698 1461 umquam
2725 1392 2867 1448 tale?

2127 1467 2328 1534 etquis
2356 1465 2486 1519 vidit
2514 1463 2640 1519 huic
2679 1465 2895 1520 simile?

2054 1536 2320 1606 Numquid
2348 1537 2612 1606 parturiet
2637 1546 2780 1591 terra
2811 1538 2863 1592 in
2896 1538 2987 1595 die
3007 1542 3147 1596 una?

2129 1620 2220 1664 aut
2247 1612 2489 1678 parietur
2517 1624 2653 1679 gens
2679 1618 2701 1646 ε
2725 1609 2907 1674 simul,

2130 1682 2253 1752 quia
2278 1682 2563 1748 parturivit
2588 1689 2642 1736 et
2664 1683 2875 1751 peperit
2900 1683 3030 1738 Sion
3066 1684 3209 1741 ﬁlios
3234 1686 3399 1742 suos?

2057 1753 2323 1823 Numquid
2354 1769 2476 1824 ego,
2502 1753 2592 1822 qui
2615 1754 2747 1807 alios
2769 1768 2963 1822 parere
2990 1755 3148 1824 facio,

2130 1826 2246 1894 ipse
2276 1841 2380 1879 non
2411 1824 2655 1894 pariam?
2683 1824 2814 1878 dicit
2841 1825 3126 1882 Dominus.

1981 1876 2027 1937 Β
2054 1896 2111 1952 Si
2130 1876 2252 1965 ego;
2278 1876 2379 1966 qui
2395 1876 3033 1965 aegrotassem};
3047 1876 3260 1965 Tribuo,

2129 1969 2330 2024 sterilis
2362 1970 2493 2024 ero?
2523 1970 2597 2022 ait
2620 1968 2882 2024 Dominus
2911 1969 3055 2026 Deus
3077 1981 3218 2026 tuus.

2056 2039 2341 2095 Lmtamini
2369 2055 2491 2094 cum
2521 2038 2844 2106 Jerusalem,

2129 2109 2473 2185 ctuexsultate
2495 2111 2550 2166 in
2567 2126 2632 2167 ea
2653 2126 2863 2185 omnes,
2889 2113 2978 2183 qui
3005 2113 3227 2185 diligitis
3247 2128 3365 2169 eam
3385 2131 3399 2179 ;

2055 2184 2300 2242 Gaudete
2346 2199 2469 2240 cum
2499 2199 2562 2240 ea
2593 2183 2812 2254 gaudio,
2846 2183 3123 2254 universi,
3147 2187 3238 2257 qui
3268 2186 3460 2258 lugetis
3489 2200 3656 2258 super

2201 2271 2318 2311 eam
2331 2299 2344 2323 ,

2129 2337 2191 2384 ut
2231 2330 2456 2412 sugatis,
2499 2338 2552 2386 et
2595 2329 2912 2400 repleamini
2953 2331 3022 2385 ab
3051 2329 3226 2386 ubere
3265 2329 3658 2386 consolationis

2199 2417 2318 2471 ejus
2351 2419 2364 2455 ;

2128 2483 2186 2529 ιιι
2207 2471 2516 2556 mulgeatis,
2542 2484 2597 2531 et
2618 2472 2830 2532 deliciis
2845 2474 3080 2531 afﬂuatis
3096 2473 3162 2531 ab
3181 2472 3197 2512 ί
3215 2472 3524 2530 ouinimoda
3540 2473 3656 2544 glo-

2198 2562 2276 2600 ria
2299 2562 2436 2616 ejus.

2129 2618 2265 2686 Quia
2295 2617 2412 2674 haec
2435 2617 2566 2674 dicit
2593 2618 2854 2675 Dominus
2881 2638 2892 2673 :

2059 2690 2198 2747 Ecce
2223 2705 2324 2762 ego
2353 2701 2376 2738 κ
2409 2689 2694 2746 declinabo
2721 2707 2883 2760 super
2911 2705 3029 2746 eam
3060 2691 3213 2761 quasi
3236 2690 3460 2745 fluvium
3484 2689 3656 2758 pacis,

2131 2771 2188 2818 et
2223 2763 2379 2832 quasi
2422 2771 2719 2845 torrentem
2747 2763 3102 2820 inundantem
3129 2762 3359 2834 gloriam
3391 2763 3654 2833 gentium,

2201 2850 2362 2902 quam
2390 2843 2598 2904 sugetis
2627 2852 2638 2887 :

2060 2905 2144 2961 Ad
2177 2906 2341 2961 ubera
2374 2907 2742 2976 portabimini,

2132 2986 2188 3034 ct
2214 2992 2381 3048 super
2409 2994 2585 3048 genua
2610 2978 2964 3034 b.andientur
2987 2979 3162 3035 vobis.

2059 3047 2344 3116 Quomodo
2371 3047 2528 3106 sicui
2553 3059 2725 3106 mater
2747 3051 3076 3120 blandiatur,
3108 3052 3180 3106 ita
3213 3064 3313 3122 ego
3335 3047 3664 3106 consolabor

2207 3136 2325 3180 vos.

2134 3204 2189 3248 et
2216 3194 2268 3247 in
2297 3195 2596 3250 Jerusalem
2627 3195 3065 3250 consolabimini.

1985 3280 2031 3343 ρ
2065 3265 2350 3332 Videbitis,
2384 3276 2439 3321 et
2462 3265 3134 3343 gaudebit_e_or_vestrum_,

2135 3349 2189 3391 et
2218 3353 2340 3391 ossa
2372 3334 2548 3393 vestra
2576 3339 2728 3408 quasi
2757 3338 2919 3393 herba
2951 3334 3332 3408 germinabunt
3363 3353 3376 3388 :

2064 3409 2133 3464 Et
2159 3417 2518 3479 cognoscetur
2545 3407 2736 3464 trianns
2765 3407 2978 3465 Domini
3005 3407 3185 3464 servis
3213 3408 3334 3475 ejus

2134 3490 2189 3536 et
2217 3481 2582 3548 indignabitur
2611 3481 2846 3536 inimicis
2875 3483 3012 3536 suis.
3268 3485 3276 3494 '

2062 3552 2194 3620 Quia
2223 3567 2353 3608 ecce
2379 3553 2638 3607 Dominus
2669 3554 2722 3607 in
2751 3554 2873 3624 igne
2892 3553 3094 3621 veniet,

2133 3625 2365 3700 etquasi
2393 3625 2549 3700 turbo
2582 3623 2857 3700 quadrigae
2883 3623 3000 3694 ejus
3037 3641 3048 3676 :

2063 3694 2317 3752 Reddere
2343 3695 2395 3750 in
2426 3695 2795 3764 indignatione
2828 3695 3064 3758 furorem
3090 3709 3271 3762 suum,

2141 3777 2196 3823 et
2225 3767 2646 3838 increpationem
2675 3783 2825 3822 suam
2855 3768 2908 3822 in
2939 3767 3156 3838 ﬂamma
3201 3766 3377 3835 ignis:

2069 3841 2204 3908 Quia
2228 3839 2281 3894 in
2308 3834 2428 3910 igne
2459 3839 2718 3895 Dominus
2746 3839 3012 3908 judicabit
3041 3837 3156 3910 [ΑΙ.
3181 3834 3555 3909 dijudieatur],

2141 3921 2195 3965 et
2227 3912 2278 3966 in
2303 3911 2486 3982 gladio
2517 3926 2620 3966 suo
2651 3910 2716 3965 ad
2745 3927 2961 3966 onmem
3001 3925 3248 3982 carnem,

2143 3993 2200 4039 et
2231 3981 2732 4052 multiplicabuntur
2763 3982 3037 4038 interfecti
3065 3997 3096 4036 a
3126 3981 3378 4038 Domino.

2075 4055 2176 4124 Qui
2203 4056 2708 4122 saltclificabantur,

2144 4139 2199 4184 et
2225 4127 2464 4210 mundos
2489 4142 2548 4184 se
2575 4113 2835 4199 putabant
2865 4127 2920 4183 in
2951 4113 3128 4185 liortis
3157 4134 3282 4198 post
3306 4123 3334 4164 ιι
3379 4139 3540 4182 unam
3583 4124 3672 4182 in-

2220 4208 2509 4270 triusecus,

2072 4399 2196 4468 mel,
2240 4401 2482 4470 proclive
2520 4399 2687 4457 fuerit
2721 4399 2961 4456 librariis
2998 4398 3142 4467 falli,
3187 4396 3350 4468 idque
3391 4409 3557 4466 porro
3600 4395 3676 4453 sit

2075 4475 2566 4529 verosimillimum.

2153 4542 2171 4581 ί
2205 4544 2407 4600 Confer
2437 4546 2496 4600 S.
2524 4544 2703 4598 Patris
2727 4539 3155 4598 Commentarios
3175 4539 3268 4596 ubi
3288 4553 3443 4596 suam
3466 4537 3673 4596 hancce

2081 4616 2586 4686 interpretationem
2621 4624 2818 4669 tuetur.

2156 4701 2179 4733 κ
2212 4682 2268 4743 [ιι
2309 4689 2528 4742 instanti
2560 4687 2720 4741 habet
2752 4687 2801 4739 in
2829 4684 3247 4741 Commentariis
3275 4683 3496 4738 decline.
3529 4682 3670 4738 Heb.

2081 4771 2219 4822 uzn.
2249 4761 2339 4816 Sic
2365 4771 2418 4814 et
2445 4759 2607 4813 tertio
2632 4759 2697 4812 ab
2721 4758 2824 4812 hoc
2851 4773 3034 4823 versu,
3063 4758 3136 4810 Ab
3163 4761 3314 4811 ubere
3336 4757 3462 4824 legit
3489 4769 3583 4824 pro
3609 4754 3678 4808 ad

455 4826 478 4878 ε
508 4826 735 4916 lies-tius,
755 4843 1013 4916 elegerunt
1045 4845 1096 4898 in
1115 4843 1524 4899 Commentario
1553 4841 1685 4913 legit
1712 4841 1769 4897 S.
1789 4830 1976 4896 'lntcr-

2088 4839 2262 4916 algere.
2293 4832 2408 4916 Qua
2438 4831 2504 4886 de
2533 4830 2762 4916 lectione
2789 4829 3146 4916 vidcsisqttte
3168 4829 3409 4916 nobis_et
3439 4826 3680 4882 Victorio

374 4927 500 4982 pres
523 4913 674 4980 juxta
697 4913 985 4971 llebrazum
1016 4927 1176 4978 11m.

444 4980 472 5019 τι
508 4986 604 5038 llic
645 5001 858 5056 quoque
901 4989 1084 5043 verius
1113 4989 1275 5043 habet
1301 4985 1759 5044 Commentarior.
1788 4985 1975 5053 lectio,

377 5056 613 5144 fremitus
644 5074 739 5123 pro
771 5061 1124 5144 pepuli,‘c_uut
1161 5061 1391 5115 Hebraeo

455 5135 478 5162 ε
510 5129 846 5203 Quamquam
887 5141 944 5185 et
982 5132 1103 5186 libri
1138 5147 1347 5200 omnes,
1378 5129 1440 5203 et'
1464 5130 1866 5203 ltieronymiani
1893 5129 1973 5199 ip-

379 5200 610 5254 siusmet
662 5198 1050 5255 Commentarii
1109 5203 1271 5258 tertio
1304 5198 1386 5258 sic
1417 5202 1613 5267 ferant,
1667 5198 1980 5258 rescriben-

381 5271 509 5323 dum
545 5281 721 5324 tamen
751 5285 880 5340 puto
907 5271 996 5325 hic
1023 5269 1178 5326 senui
1210 5288 1304 5341 pro
1335 5275 1511 5325 simul.
1545 5275 1674 5328 Nam
1707 5284 1763 5330 et
1790 5275 1842 5328 in
1877 5274 1980 5327 lle.

383 5343 570 5397 braico
618 5351 842 5403 εει-τηις
879 5353 1021 5410 :yD,
1065 5361 1169 5397 una
1211 5342 1348 5409 rice,
1391 5357 1444 5398 et
1483 5342 1694 5400 Graeco
1740 5346 1984 5413 εισάπαξ,

382 5413 527 5483 quod
559 5423 667 5479 est,
699 5416 854 5486 semel
891 5432 908 5469 :
941 5414 1173 5486 denique
1206 5427 1260 5470 et
1292 5418 1343 5469 in
1391 5414 1583 5470 Latina
1615 5421 1788 5472 veteri
1825 5418 1992 5486 Interf

385 5487 698 5557 pretatione
727 5485 798 5540 ita
827 5485 1098 5557 scriptum
1125 5488 1423 5554 exstitisse,
1459 5495 1685 5542 testatur
1718 5489 1832 5557 ipse
1863 5485 1994 5542 alibi

385 5559 446 5610 S.
495 5555 657 5612 Pater
696 5558 747 5612 in
785 5555 1204 5615 Commentariis
1246 5561 1299 5615 in
1339 5560 1590 5616 Ieremia:
1630 5555 1752 5627 cap.
1780 5561 1870 5624 51,
1903 5557 1995 5611 ubi

387 5629 535 5682 hunc
575 5645 640 5684 ex
693 5629 916 5700 Vulgata
954 5631 1038 5686 sui
1083 5632 1346 5701 temporis
1383 5632 1562 5684 locum
1594 5629 1778 5684 laudat
1809 5647 1821 5683 :
1861 5629 1998 5701 Quia

385 5709 516 5772 nata
555 5709 628 5754 est
674 5717 802 5771 gens
848 5703 1024 5756 semel.
1072 5700 1259 5772 Neque
1292 5701 1427 5756 adeo
1458 5717 1554 5770 par
1581 5713 1665 5754 est
1693 5702 1901 5771 opinari
1931 5700 1999 5753 ab

388 5771 621 5844 llebraao
652 5781 824 5844 textu,
862 5771 1189 5844 receptaque
1234 5775 1284 5828 iu
1320 5773 1549 5840 reliquis
1581 5772 1734 5827 libris
1765 5772 2000 5828 lectione

393 5841 645 5899 voluisse
677 5841 826 5898 illum
859 5841 1010 5900 nulla
1039 5841 1296 5901 de'causa
1324 5844 1605 5899 discedere
1641 5861 1654 5897 :
1687 5858 1806 5897 cum
1838 5857 2004 5898 econ-

395 5912 576 5982 trario
618 5917 670 5969 in
702 5931 962 5989 perquam
995 5919 1158 5976 simili
1200 5916 1392 5976 Latina
1421 5928 1577 5984 voce,
1607 5914 1764 5972 sintut
1793 5929 1892 5988 pro
1923 5928 2006 5971 ae-

2084 4906 2150 4961 ad
2185 4906 2327 4960 hunc
2357 4905 2530 4958 locum
2563 4903 2615 4956 in
2644 4901 3066 4956 Commentariis
3097 4901 3382 4955 observata
3423 4908 3571 4952 sunt.

2158 4975 2185 5014 ιι
2213 4976 2513 5032 Genuinam
2564 4972 2875 5043 ltnjusmodi
2909 4973 3204 5027 lectionem
3255 4969 3454 5024 retinet
3491 4971 3679 5043 Conon

2083 5051 2362 5106 llebraiczn
2414 5040 2692 5110 veritatis,
2735 5060 2798 5100 ac
2846 5053 3025 5098 textus
3063 5057 3219 5099 sacer
3276 5043 3330 5096 in
3379 5040 3684 5096 emendatis

2083 5124 2334 5179 omnibus
2364 5119 2512 5174 libris
2541 5117 2926 5187 manuscriptis
2949 5114 3480 5187 Commentariorum
3515 5112 3688 5187 sancti

2084 5192 2419 5266 Hieronymi.
2472 5189 2669 5266 Multos
2713 5183 2894 5266 autem
2938 5202 3070 5266 mss.
3115 5187 3333 5266 codices
3380 5183 3693 5266 invenimus

2087 5254 2375 5338 corrupios
2423 5263 2754 5338 notariorum
2799 5259 3066 5338 imperitia
3094 5299 3121 5338 ,_
3151 5259 3234 5313 vel
3281 5254 3692 5338 emendatorum

2093 5327 2422 5401 temeritate,
2451 5336 2540 5404 qui
2569 5334 2816 5387 tollentes
2847 5327 3072 5404 verbum
3096 5328 3438 5404 interpretis.
3471 5327 3697 5392 januam

2095 5411 2164 5466 de
2193 5426 2290 5465 suo
2333 5402 2626 5478 posuerunt
2651 5421 2750 5476 pro
2780 5418 2957 5456 unam.
2993 5402 3051 5456 In
3082 5403 3370 5457 Corbeien.
3405 5412 3512 5478 ms.
3545 5411 3704 5478 num:

2101 5483 2168 5538 12
2210 5467 2367 5536 unam
2395 5477 2621 5548 legimus
2652 5467 2705 5530 in
2736 5481 2989 5548 contextu
3018 5487 3178 5548 sacro
3197 5512 3212 5539 ,
3242 5480 3298 5527 et
3320 5486 3352 5525 e
3383 5469 3610 5548 regione
3632 5467 3702 5522 ad

2101 5554 2395 5622 marginem
2419 5539 2718 5622 ,vjauugmt.
2766 5546 3025 5600 llebrmus
3053 5544 3348 5622 hodiernus
3366 5611 3378 5622 ‘
3391 5539 3703 5622 nunnullam

2100 5611 2294 5695 passus
2325 5611 2820 5695 estmutationem;
2854 5631 2979 5695 nam
3003 5626 3138 5695 ττι-ιθ,
3163 5613 3348 5695 althad_
3366 5611 3559 5695 liabet,-
3585 5612 3706 5690 loco

2103 5683 2247 5765 i'ii'ibt,
2299 5689 2520 5765 althatlt,
2573 5700 2629 5743 ut
2672 5697 2858 5744 monet
2898 5685 3022 5765 C_e_ri
3068 5683 3512 5765 bittssoret-hicunl
3548 5683 3710 5765 hujus

2109 5755 2245 5822 Ioci.’
2278 5763 2818 5838 Porro_interpretes
2865 5758 3200 5838 subintelligi
3253 5755 3709 5838 voltintﬂverbum

2110 5838 2354 5909 piscinae,
2385 5833 2471 5890 vel
2503 5824 2735 5909 arboris,
2765 5844 2822 5887 ut
2846 5834 2916 5886 sit
2941 5824 3283 5909 sensus,'_qui_
3303 5824 3717 5881 sanctiiicantur

2113 5899 2227 5982 post
2255 5899 2413 5966 autem
2438 5905 2694 5979 arborem,
2721 5899 2844 5977 quae
2869 5910 2954 5962 est
2985 5903 3038 5964 iu
3064 5901 3246 5960 medio
3270 5899 3593 5963 hortorum;
3623 5911 3696 5954 au
