3994 6342
420 292 532 357 81⁸1

1434 287 1495 347 S.
1535 280 1926 345 HIERONYMI
1963 282 2198 343 DIVINA
2234 280 2715 341 BlBLlOTHECA.

3605 277 3704 341 818

418 402 525 479 Qui
544 406 914 467 comedebant
933 417 1156 466 carnem
1182 401 1427 473 suillam,
1451 411 1509 458 et
1533 400 2024 465 abominationem,
2051 401 2107 461 Α
2201 404 2266 479 et
2283 397 2337 452 iu
2366 388 2558 479 mulis,
2587 404 2645 452 et
2673 394 2728 479 in
2758 392 3033 463 carrucis,

575 488 633 537 et
646 494 871 558 murem
899 498 912 536 :
1152 548 1186 558 __
1225 549 1258 558 __
1283 546 1323 558 Ἀ
1423 544 1437 558 ,

499 551 665 609 simul
686 558 1103 620 consumentur,
1134 548 1263 605 dicit
1283 546 1567 620 Dominus.

425 623 756 697 Egoautem
784 638 953 696 opera
981 616 1196 690 eorum,
1228 626 1286 674 et
1308 616 1667 697 cogitationes
1699 628 1897 697 eorum
1927 627 2022 697 ve:

400 754 406 761 ,
468 687 635 759 Ῐηὶο.
702 706 767 767 ut
804 687 1129 767 congregem
1182 687 1320 747 eum
1368 687 1623 745 omnibus
1669 687 1923 760 gentibus
1968 693 2024 742 et

604 766 804 834 linguis
818 808 836 834 ,

366 907 371 911 ,
430 909 469 911 _
496 847 553 896 et
577 782 804 911 vlelgigeun'f
818 808 881 911 et
903 834 1172 911 videbunt
1193 832 1427 907 gloriam
1464 844 1660 887 meam.

425 909 498 968 Et
521 925 716 981 ponam
746 909 803 965 in
823 908 905 965 eis
931 908 1149 981 signum
1184 923 1198 960 :

492 973 551 1039 et
574 982 784 1039 mittam
812 995 879 1037 ex
908 973 1110 1051 eis'qui
1141 977 1338 1034 salvati
1370 975 1603 1045 fuerint,
1633 973 1702 1030 ad
1741 980 1936 1047 gentes
1971 974 2026 1030 in

568 1068 741 1119 mare,

497 1123 553 1180 in
573 1116 835 1195 Africam,
864 1130 922 1180 et
941 1120 999 1195 in
1028 1120 1252 1195 Lydiam
1285 1129 1311 1159 ι
1333 1118 1625 1177 tendentes
1654 1116 1904 1190 sagittam
1937 1134 1951 1172 :

496 1195 554 1251 in
592 1194 800 1251 Italiam
831 1202 905 1251 et.
926 1193 1193 1251 Graeciam
1221 1235 1238 1261 ,

494 1265 565 1323 ad
587 1266 791 1322 insulas
816 1267 998 1337 longe,
1022 1265 1089 1321 ad
1113 1259 1239 1331 eos,
1265 1264 1355 1334 qui
1380 1276 1488 1319 non
1515 1259 1805 1317 audierunt
1829 1259 1897 1316 de
1920 1273 2029 1328 me,

494 1346 552 1394 et
579 1352 685 1393 non
710 1338 969 1394 viderunt
988 1337 1219 1407 gloriam
1245 1349 1449 1391 meam.

424 1408 495 1466 Et
521 1410 928 1536 attigibunaiabunt
952 1404 1180 1482 gloriam
1212 1421 1389 1464 meam
1412 1407 1661 1478 gentibus
1696 1404 1801 1477 [AL
1825 1404 1878 1460 in
1900 1419 2033 1477 gen-

591 1497 608 1536 ι
647 1496 713 1536 us
762 1524 778 1536 .

566 1490 737 1549 tibusl
762 1524 778 1549 ,

496 1481 852 1609 «23331231.:
874 1566 1071 1609 omnes
1099 1550 1296 1607 fratres
1315 1559 1533 1607 vestros
1561 1548 1631 1605 de
1652 1547 1865 1603 cunctis
1896 1562 2030 1618 gen-

568 1624 715 1681 tibus
742 1624 946 1680 donum
972 1622 1232 1688 Domiuo,
1256 1623 1309 1679 in
1338 1622 1515 1694 equis,
1546 1632 1601 1676 ct
1636 1624 1688 1675 in
1712 1620 2026 1693 quadrigis,

570 1704 627 1753 et
655 1696 709 1753 iu
736 1697 947 1775 lecticis
971 1742 985 1766 ,

2200 466 2268 524 ad
2298 459 2554 525 montem'
2576 477 2825 523 sanctum
2867 459 3049 521 meum
3089 459 3417 531 Jerusalem,
3445 459 3579 517 dicit
3605 460 3704 519 Do-

2268 556 2483 602 minus:

2125 611 2409 682 Quomodo
2432 612 2477 667 si
2502 611 2737 668 inferant
2769 609 2864 682 lilii
2886 606 3065 682 Alsrael
3095 621 3297 664 manus
3318 604 3375 663 in
3402 619 3533 663 vase
3562 619 3709 663 mun-

2269 683 2341 740 do
2361 685 2415 738 iu
2439 682 2658 739 domum
2689 679 2924 737 Domini.

2128 757 2199 814 Et
2221 770 2493 882 assumant
2520 769 2589 811 ex
2621 753 2702 810 eis
2734 752 2789 808 in
2816 750 3133 810 sacerdotes
3154 793 3169 819 ,
3216 759 3278 808 et
3319 750 3516 808 levitas
3537 791 3554 821 ,
3583 747 3708 806 dicit
3752 776 3755 779 -

2321 840 2557 882 ominus.

2321 840 2557 882 ominus.

2201 899 2336 967 Quia
2379 900 2525 954 sicut
2552 895 2678 954 caeli
2709 894 2859 965 novi,
2893 903 2952 952 et
2980 904 3121 953 terra
3169 910 3333 963 nova,
3364 909 3484 966 qua:
3512 907 3616 967 ego
3642 891 3715 949 fa-

2272 971 2359 1028 cio
2389 980 2536 1026 stare
2560 983 2744 1025 coram
2773 983 2886 1033 me,
2922 967 3055 1024 dicit
3086 969 3353 1024 Dominus
3385 985 3398 1020 :

2202 1044 2283 1099 sic
2312 1042 2478 1097 stabit
2507 1056 2692 1097 semen
2722 1050 2988 1109 vestrum,
3014 1049 3071 1097 et
3095 1055 3299 1098 nomen
3332 1047 3597 1096 vestrum.

2135 1115 2208 1172 Et
2230 1115 2337 1170 erit
2361 1113 2567 1169 mensis
2594 1126 2659 1168 es
2691 1127 2913 1181 mense,

2205 1196 2260 1242 et
2288 1185 2571 1240 sabbatum
2599 1199 2666 1240 ex
2700 1184 2926 1240 sabbato
2956 1202 2972 1239 :

2134 1259 2334 1383 Veniat
2362 1256 2543 1341 omnis
2570 1271 2723 1323 caro,
2744 1266 2803 1312 ut
2831 1256 3023 1314 adoret
3053 1266 3236 1314 coram
3264 1254 3405 1312 facie
3429 1267 3572 1321 mea,
3602 1250 3722 1311 dicit

2326 1342 2565 1383 omtuus.

2326 1342 2565 1384 0m1llllS.

2136 1402 2202 1459 Et
2228 1400 2599 1472 egrediantur,
2639 1410 2695 1455 et
2720 1399 2985 1458 videbunt
3012 1401 3278 1458 cadavera
3309 1400 3580 1457 virorum.

2207 1475 2314 1545 qui,
2334 1472 2674 1543 praevaricati
2699 1480 2827 1528 sunt
2850 1472 2903 1545 in
2944 1489 3030 1529 me
3063 1490 3079 1529 :

2135 1544 2350 1602 Vermis
2383 1560 2573 1600 eorum
2615 1560 2722 1599 non
2768 1544 3055 1611 morietur,

2205 1624 2261 1674 et
2290 1615 2430 1688 ignis
2451 1632 2639 1673 eorum
2664 1630 2772 1688 non
2810 1617 3187 1688 exs1inguetur
3208 1634 3226 1688 ς

2205 1697 2262 1745 et
2283 1682 2445 1745 e'runt
2466 1703 2639 1761 usque
2672 1687 2743 1744 ad
2778 1682 3087 1745 satietatém
3114 1687 3346 1745 visionis
3366 1685 3516 1743 omni
3547 1682 3719 1743 carni.

424 1858 546 1922 post
576 1866 759 1919 unam,
788 1850 841 1907 id
874 1859 978 1911 est.
1009 1850 1273 1921 insignem
1308 1850 1570 1921 piscinam
1599 1857 1656 1904 et
1720 1848 2033 1918 rreeipuam,
2067 1852 2117 1914 B
2142 1858 2228 1905 est
2256 1849 2502 1916 dubium,
2571 1866 2693 1907 nam
2729 1860 2785 1908 et
2818 1852 2869 1906 in
2894 1849 3303 1908 Commentario
3335 1849 3532 1920 probat
3558 1847 3618 1905 S.
3640 1847 3735 1903 Pa-

424 1937 547 1978 uuaz
573 1921 628 1978 in
660 1924 779 1978 loco
810 1923 1071 1978 peculiari
1093 1932 1176 1978 est
1201 1925 1252 1977 in
1275 1922 1456 1977 medio
1478 1921 1644 1976 horti.
1672 1864 2037 1978 gvmmachus
2143 1932 2244 1978 ter.
2278 1920 2436 1978 Ouod
2466 1866 2729 1978 lleliraice
2767 1923 2837 1978 ibi
2868 1924 3071 1978 dicitur
3099 1936 3219 1978 nnsi
3240 1921 3450 1978 Achati.
3480 1933 3735 1978 neruuam

2514 1939 2544 1979 8

422 1921 547 1992 qua:
573 1921 628 1978 in
660 1924 779 1978 loco
810 1923 1071 1991 peculiari
1093 1932 1176 1978 est
1201 1925 1252 1977 in
1275 1922 1456 1977 medio
1478 1921 1644 1976 horti.
1672 1921 2037 1992 Symmachus

424 1991 481 2049 et
508 1992 854 2050 Theodotion
886 1995 1030 2050 hunc
1060 1995 1237 2049 locum
1262 1993 1333 2047 ita
1367 1991 1864 2064 interpretati’sunt
1890 1992 2036 2064 apud

423 2064 818 2138 Hieronymum
866 2082 881 2121 :
943 2065 1049 2138 Qui
1092 2064 1495 2138 sancti/immitti
1539 2073 1587 2138 et
1637 2063 1935 2138 lustramini
1981 2064 2037 2119 in

418 2134 609 2202 ltortis,
634 2134 773 2208 alter
800 2146 915 2208 post
945 2135 1189 2208 alterum,
1216 2137 1351 2190 inter
1384 2152 1470 2190 eos
1496 2137 1591 2208 qui
1612 2135 1885 2208 comedunt
1914 2152 2034 2189 car-

419 2223 538 2261 nem
581 2205 820 2273 suillam,
847 2216 954 2263 etc.
985 2208 1040 2263 id
1066 2207 1242 2278 ipsum
1265 2205 1535 2278 expressit
1561 2205 1731 2278 Syrus
1755 2206 2033 2275 lnterpres

423 2278 615 2335 dicens
648 2289 760 2340 :‘t'n
784 2290 909 2338 1m.
947 2290 1042 2346 τη,
1076 2277 1218 2331 hhad
1250 2277 1440 2333 batltar
1468 2280 1631 2344 ΙιΙιαά,
1671 2277 1724 2332 id
1752 2288 1857 2343 est,
1898 2278 2031 2332 alter

419 2358 539 2421 post
566 2347 811 2415 alterum,
843 2352 959 2405 sive
985 2366 1121 2404 unus
1160 2360 1275 2421 post
1316 2366 1510 2421 unum;
1548 2349 1842 2421 Chaldaeus
1870 2348 2034 2405 habet

421 2416 616 2475 eodem
647 2422 732 2476 vel
762 2423 1013 2491 proximo
1042 2416 1231 2486 sensu,
1264 2420 1414 2475 turba
1443 2416 1563 2489 post
1587 2420 1811 2475 turbam.
1844 2420 2025 2476 Maar.

492 2520 569 2532 —
602 2493 774 2548 Antea
810 2491 1044 2563 Yulgati,
1080 2502 1193 2559 post
1222 2493 1478 2561 januam,
1514 2492 1602 2547 cui
1642 2491 1864 2547 lectioni
1897 2506 2033 2546 con-

429 2562 623 2617 cinunt
668 2572 722 2617 et
763 2562 1226 2628 msanonnulli,
1261 2574 1422 2632 atque
1460 2578 1650 2618 ansam
1695 2563 1914 2619 dedisse
1943 2566 2027 2617 vi-

423 2633 625 2712 dentur
653 2632 980 2712 eumuLXX,
1015 2637 1107 2706 qui
1141 2634 1660 2712 interpretatisunt,
1683 2637 1736 2712 ἐν
1765 2642 1873 2695 τοῖς
1898 2656 2030 2712 προς

425 2705 621 2783 adpete.
652 2705 718 2783 in
766 2705 1063 2783 liminibus;
1092 2715 1203 2783 tnm
1234 2707 1535 2783 superioris
1566 2707 1769 2783 _capitis
1794 2705 1951 2783 _t._v_m_,'
1998 2707 2031 2762 8

431 2775 759 2847 versiculus,
780 2777 871 2833 ubi
894 2776 1139 2832 Hebraeis
1160 2778 1460 2845 eXprobrat
1483 2778 1645 2847 Isaias
1667 2777 1809 2846 quod
1828 2777 2029 2832 idolum

427 2857 559 2916 post
587 2846 1045 2902 fores'dominum
1079 2847 1415 2902 collocarent
1448 2868 1462 2903 :
1506 2846 1634 2901 Post
1673 2849 1864 2901 ostium
1892 2857 2031 2902 retro

427 2925 631 2989 postem
660 2918 884 2989 posuisti
914 2919 1216 2989 memoriale
1243 2926 1409 2973 tuum.
1442 2918 1636 2973 Veram
1674 2919 2030 2975 nihilosecius

428 2987 724 3046 lectionem
765 3002 890 3051 esse
918 2988 1267 3061 impressam,
1316 3005 1385 3046 ex
1427 2989 1659 3046 Hebraeo
1706 2999 1867 3053 textu
1893 2991 2027 3047 nihil

2143 1932 2244 1978 ter.
2278 1920 2436 1990 Quod
2466 1920 2729 1980 Hebraice
2767 1923 2837 1979 ibi
2868 1924 3071 1979 dicitur
3099 1936 3219 1986 nnsz
3240 1921 3450 1987 Achati,
3480 1933 3736 1992 perquam

2140 1989 2350 2063 erudite
2399 1992 2607 2063 Echat,
2660 1998 2776 2052 sive
2825 1993 3111 2063 Echatem,
3162 1996 3215 2050 id
3260 2005 3376 2060 est,
3431 1989 3615 2047 unam'
3650 1989 3739 2045 ﬁlii

2138 2062 2464 2121 Criticorum
2511 2067 2965 2138 interpretantur.

2211 2148 2239 2175 ει
2280 2137 2379 2193 llic
2424 2133 2888 2210 quoqne'insedit
2931 2153 3085 2193 error
3114 2134 3645 2205 librariorum,.qui
3691 2133 3739 2188 in

2135 2207 2358 2264 Cauoue
2385 2207 2519 2264 ct’in
2551 2207 2672 2265 aliis
2702 2226 2837 2269 mss.
2872 2210 3155 2266 (odicibus
3189 2217 3491 2276 posuerunt
3515 2214 3740 2262 tenentes

2138 2282 2548 2358 protendentes,
2582 2281 2807 2358 proclivi
2837 2283 3053 2358 quidem
3079 2281 3243 2358 lapsu
3267 2288 3324 2335 et
3352 2279 3739 2358 iiivoluntario.

2137 2351 2189 2405 ui
2224 2350 2413 2418 fallor;
2463 2350 2597 2409 enni
2637 2353 2708 2409 sit
2736 2350 2960 2409 omnino
3004 2354 3317 2409 centrarius
3366 2350 3496 2405 huic
3525 2350 3744 2418 exposi-

2136 2423 2269 2480 tioni
2300 2424 2755 2494 llieronymiaute.
2788 2424 2907 2479 Lud
2935 2435 3110 2479 autem
3139 2421 3314 2494 éydos
3338 2430 3588 2494 vocant“:
3614 2434 3741 2491 quo-

2142 2512 2257 2549 rum
2300 2496 2473 2551 coloni
2505 2491 2782 2563 Hetrusci,
2821 2498 2910 2563 qui
2956 2513 3094 2550 nunc
3139 2491 3333 2549 Tltusci
3386 2491 3741 2565 appellantur,

2133 2569 2396 2638 quondam
2425 2568 2796 2623 mittendorum
2832 2569 3145 2638 sagittarum
3184 2566 3504 2638 peritissimi,
3535 2572 3589 2638 et
3616 2576 3746 2638 nunc

2140 2634 2385 2694 dicuntur
2407 2641 2676 2694 tendentes
2705 2634 2969 2710 sagittam.
3005 2638 3115 2692 Pro
3143 2634 3247 2709 quo
3292 2637 3359 2710 in
3387 2634 3747 2710 Ilebraic_o_le:

2138 2712 2279 2782 gitur
2309 2726 2517 2766 ιιΑςειιε
2543 2702 2944 2799 essentier
2975 2702 3181 2781 urbem)",
3222 2708 3360 2780 quod
3386 2709 3580 2799 absque
3605 2702 3746 2760 LXX

2139 2819 2313 2857 omnes
2364 2802 2608 2858 similiter
2652 2794 3069 2868 transtulerunt,
3124 2800 3389 2856 tendentes
3432 2794 3659 2864 arium;
3701 2806 3747 2852 et

2137 2872 2604 3002 LXIgdposueruut
2648 2876 2848 2949 μεσόχ,
2880 2891 3063 2933 nomen
3093 2890 3188 2944 pro
3210 2872 3361 2928 verba
3401 2872 3749 2942 interpretan-

2139 2956 2233 3001 tes.
2323 2962 2454 3001 an'r.

2139 2956 2233 3001 tes.
2268 2956 2454 3001 MART.

1718 3125 1948 3198 Explicit
1988 3125 2162 3183 Isaias
2189 3128 2461 3199 praplteta.

936 3455 1581 3550 PROLOGUS
1659 3458 2341 3545 HIERONYMI
2416 3460 2538 3544 IN
2612 3457 3260 3543 JEREMIAM.

514 3772 784 3833 Jeremias
806 3774 1097 3848 propheta,
1119 3776 1209 3835 cui
1238 3777 1327 3835 hic
1349 3778 1610 3849 prologue
1633 3779 1915 3847 scribitur,
1940 3794 2046 3836 ser-
2075 3780 2121 3844 C
2160 3779 2337 3835 solum
2365 3764 2581 3850 spiritu,
2616 3779 2711 3835 sed
2737 3788 2793 3836 et
2816 3779 2993 3835 oculis
3022 3777 3205 3835 carnis
3237 3777 3466 3834 intuitus
3487 3786 3597 3835 est.
3633 3776 3752 3831 Jam

444 3882 609 3925 mone
636 3869 854 3940 quidem
885 3870 1025 3941 apud
1056 3870 1313 3928 llebrmos
1335 3872 1471 3928 Isaia
1495 3880 1550 3928 et
1581 3872 1720 3929 Osee
1745 3881 1801 3928 et
1823 3873 2045 3944 quihus-

445 3964 576 4017 dam
628 3960 752 4017 aliis
794 3963 1078 4033 prophetis
1108 3963 1320 4021 videtur
1371 3978 1496 4021 esse
1538 3973 1565 4002 ει
1621 3963 1900 4031 rustieior,
1951 3964 2046 4020 sed

445 4052 702 4111 sensibus
740 4069 841 4124 par
879 4062 965 4111 est
1010 4073 1024 4110 :
1069 4056 1271 4127 quippe
1319 4057 1409 4127 qui
1448 4056 1641 4131 eodem
1682 4057 1876 4128 spiritu
1920 4070 2047 4126 pro-

447 4144 780 4218 phetaverit.
811 4146 985 4202 Porro
1012 4147 1333 4217 simplicitas
1354 4147 1579 4218 eloquii,
1611 4147 1682 4203 de
1733 4149 1856 4203 loco
1896 4149 1944 4202 ei
1989 4147 2045 4202 in

447 4251 560 4308 quo
583 4245 744 4294 natus
763 4246 850 4295 est
879 4240 1097 4295 accidit.
1131 4240 1255 4296 Fuit
1279 4241 1427 4297 enim
1461 4241 1868 4309 Anaihothiles,
1900 4240 1928 4279 δ
1956 4240 2048 4311 qui

451 4338 730 4402 estusque
753 4331 915 4387 hodie
933 4334 1166 4400 viculus,
1193 4334 1363 4389 tribus
1386 4334 1452 4389 ab
1472 4333 1825 4406 Jerosolymis
1842 4333 2048 4390 distans

414 4453 419 4459 ε
449 4422 725 4492 millibus;
755 4425 1013 4483 sacerdos
1032 4442 1096 4483 ex
1114 4428 1517 4498 sacerdotibus,
1543 4438 1595 4484 et
1618 4428 1673 4483 in
1688 4428 1877 4483 matris
1894 4438 2049 4483 utero

451 4516 829 4573 sanctiﬁcatus
874 4535 889 4574 :
936 4519 1254 4592 virginitate
1305 4536 1403 4578 sua
1444 4522 1818 4592 evangelicum
1868 4522 2047 4578 virum

450 4607 659 4665 Christi
708 4611 973 4669 Ecclesiae
1018 4615 1300 4672 dedicans.
1346 4616 1445 4672 Hic
1482 4616 1773 4671 vaticinari
1821 4631 2050 4672 exorsus

457 4710 545 4758 est
573 4717 708 4773 puer
738 4723 751 4761 :
779 4715 832 4761 et
857 4706 1241 4777 captivitatem
1260 4708 1415 4764 urbis
1440 4715 1601 4779 atque
1634 4720 1656 4748 ε
1680 4707 1905 4779 Judtem,
1936 4724 2048 4765 non

522 4915 552 4944 ι
572 4905 807 4982 Nuperis
830 4919 1011 4967 tamen
1035 4909 1251 4967 Criticis
1271 4910 1709 4982 elegantissimus
1725 4912 1945 4981 dicitur,
1973 4928 2037 4971 ac

453 4980 732 5053 praecipue
760 4983 882 5053 styli
906 4983 1243 5039 sublimitate
1278 4980 1506 5053 insignis
1539 5001 1552 5037 :
1583 5000 1814 5050 quorum
1854 4980 2035 5042 tamen

454 5052 781 5125 sententiam
805 5052 922 5107 Ric.
941 5054 1238 5110 “Simonius
1259 5052 1557 5121 contendit,
1577 5070 1609 5111 e
1632 5056 1826 5110 minori
1843 5058 2037 5125 peritia

450 5119 654 5203 linguae.
680 5122 960 5203 Hebraiea:
989 5136 1163 5203 ortam
1192 5140 1338 5192 esse,
1371 5119 1722 5203 quam'laeile
1741 5119 2034 5203 mutarent,

449 5193 499 5272 si
524 5193 577 5272 in
606 5193 726 5261 ejus
750 5193 947 5272 linguae
967 5199 1277 5268 cOguitione
1296 5193 1481 5272 magis
1523 5198 1902 5272 profecissent.
1927 5193 2036 5254 Ve;

449 5266 672 5340 rissime
716 5266 936 5340 grandis
983 5266 1239 5324 sensuum
1296 5266 1582 5337 Propheta:
1629 5271 1887 5340 majestas
1929 5280 2035 5338 est,

453 5345 609 5410 teque
636 5333 693 5410 in
722 5336 1010 5393 verborum
1043 5343 1290 5410 neglectu
1324 5333 1516 5410 posita.

525 5409 550 5440 ι’
573 5403 631 5460 1η
653 5403 1043 5484 Commentarii
1065 5403 1141 5484 at!
1157 5428 1206 5467 c.
1231 5403 1398 5479 25,9,
1429 5409 1597 5484 Certe,
1618 5412 1810 5484 inquit,
1832 5413 2037 5468 nullum

448 5484 578 5556 puto
606 5478 909 5556 sanctiorem
950 5496 1064 5556 esse
1102 5479 1354 5549 Ieremia,
1388 5478 1706 5556 'qttiVirgo;
1742 5484 2031 5556 Pmpheta,

445 5544 923 5629 sancti/iratusque
942 5550 997 5604 in
1027 5544 1564 5629 uteroLipeo'nomine
1598 5544 1902 5629 prazﬁgurat
1927 5544 2036 5611 De;

445 5622 646 5673 minum
678 5622 1023 5676 Saleatorem.
1061 5624 1125 5678 Et
1160 5622 1304 5680 lilios
1348 5634 1528 5678 tamen
1559 5622 1611 5681 ei
1659 5622 1844 5683 tribuit
1872 5629 2035 5683 Para-

440 5688 696 5771 phrastes
720 5690 1028 5771 Chaldreus-
1046 5695 1103 5751 in
1133 5710 1184 5751 c.
1211 5696 1302 5751 ⁸57.
1330 5696 1423 5771 l2.
1455 5696 1726 5771 Cseterum
1750 5697 2034 5771 Evangeli-

434 5776 569 5837 tium_
606 5761 790 5837 Virum
825 5764 1121 5837 {eremiam
1186 5766 1423 5837 appellat
1452 5784 1640 5825 rursus
1679 5769 1738 5830 S.
1783 5761 1942 5828 Patevr
1976 5773 2031 5829 in

438 5829 680 5911 Prologo
708 5834 799 5896 ad.
827 5829 1281 5899 Commentarios.

2157 3873 2349 3928 decem
2383 3873 2555 3928 tribus
2579 3872 2741 3928 Israel
2779 3871 2990 3944 Assyrii
3023 3872 3077 3927 in
3110 3871 3294 3927 Medos
3322 3871 3751 3937 transtulerant:

2144 3964 2256 4035 jam
2300 3972 2474 4020 terras
2522 3979 2734 4031 earum,
2789 3965 3021 4021 coleuia:
3075 3965 3319 4035 gentium
3369 3962 3749 4032 possidebant.

2156 4057 2307 4115 Unde
2355 4061 2408 4114 in
2451 4059 2588 4115 Juda
2635 4068 2865 4127 tantum,
2913 4066 2970 4113 et
3021 4059 3073 4114 in
3126 4058 3411 4128 Beniamin
3464 4055 3757 4127 proinheta-

2153 4151 2276 4209 vit:
2311 4160 2367 4208 et
2408 4153 2644 4207 civitatis
2681 4169 2792 4207 sum
2835 4153 3019 4207 ruinas
3049 4150 3397 4224 quadruplici
3430 4149 3646 4221 planxit
3679 4148 3757 4203 ale

2158 4240 2419 4310 phabeto,
2463 4243 2609 4314 quod
2658 4241 2809 4297 nosd
2865 4258 3141 4299 mensurae
3185 4244 3345 4297 metri
3397 4244 3755 4310 versihusque

2156 4334 2517 4391 reddidimus.
2546 4336 2818 4393 Praeterea
2850 4337 3097 4393 ordinem
3132 4336 3440 4404 Visiouum,
3482 4338 3568 4407 qui
3612 4333 3752 4403 apud

2155 4431 2378 4490 Graecos
2406 4442 2463 4491 et
2492 4436 2717 4492 Latinos
2758 4437 2984 4492 omnino
3025 4433 3287 4492 confusus
3323 4442 3435 4499 est,
3469 4426 3538 4486 ad
3568 4428 3755 4500 pristi-

2153 4540 2279 4581 nam
2330 4526 2493 4583 iidem
2541 4530 2902 4585 correximus.
2948 4528 3172 4584 Librum
3213 4537 3398 4581 autem
3430 4533 3454 4562 ο
3502 4520 3749 4581 Baruch,

2155 4622 2353 4677 notarii
2382 4622 2521 4693 ejus,
2553 4622 2645 4692 qui
2679 4622 2822 4693 apud
2852 4621 3112 4678 Hebraeos
3143 4633 3244 4675 nec
3269 4618 3492 4688 legitur,
3526 4628 3630 4669 nec
3658 4613 3754 4665 ha-
3835 4602 3839 4613 ’

2155 4712 2343 4780 betur,
2375 4713 2827 4784 prmtcrmisimus
2866 4731 2878 4768 :
2913 4729 3013 4785 pro
3051 4713 3136 4768 his
3167 4709 3425 4766 omnibus
3464 4703 3755 4763 maledicta

2216 4929 2239 4994 ’ξ
2266 4918 2322 4974 lu
2340 4918 2586 4994 Palatio.
2618 4936 2747 4986 ms.,
2770 4931 2920 4994 atque
2938 4921 3115 4976 Judaa.

2213 4988 2238 5027 ά
2290 4991 2652 5062 Alphabetuin
2689 4985 3024 5066 quadruplex
3058 4989 3537 5066 Lamentationum
3587 4985 3752 5066 lere-

2143 5066 2297 5131 mim,
2344 5079 2616 5119 mensura:
2669 5062 2830 5121 metri
2881 5062 3116 5121 reddidit
3166 5062 3563 5131 llieronymns;
3619 5062 3748 5126 quia

2143 5135 2341 5189 seriem
2391 5135 2693 5191 litterarum
2744 5137 3164 5199 Hebraicarum,
3208 5147 3272 5186 ac
3302 5142 3747 5199 numerumver-

2144 5218 2300 5258 snum
2343 5206 2397 5260 iu
2445 5220 2542 5261 sua
2571 5207 2922 5262 translatione
2952 5197 3157 5259 Latina
3179 5202 3548 5258 conservavit.
3580 5197 3749 5252 Hanc

2145 5291 2362 5346 quoque
2394 5273 2495 5332 n'bs
2518 5293 2770 5333 versuum
2800 5277 3206 5331 distinctionem
3230 5274 3540 5346 alphabeta,
3575 5279 3637 5325 et
3657 5271 3742 5346 in_-

2067 5337 2378 5419 Dc'isio'ues
2409 5349 2660 5419 religiose
2703 5350 3055 5404 observamus
3100 5347 3153 5402 in
3201 5337 3457 5417 pra-senti
3503 5337 3748 5419 Catienis

2145 5417 2416 5489 editione;
2462 5414 2603 5488 quod
2655 5421 2706 5475 in
2739 5414 3217 5489 consequentibqu
3241 5432 3353 5472 rem
3387 5414 3740 5489 manifestam

2143 5488 2345 5562 facient
2370 5491 2746 5546 distinctiones
2778 5506 2875 5562 per
2905 5488 3147 5546 membra
3176 5488 3386 5544 divisse.
3424 5488 3603 5562 Myrr.

2218 5569 2242 5599 ο
2266 5561 2422 5636 Paria
2447 5562 2606 5636 habet
2631 5564 2680 5617 iu
2705 5555 2930 5636 prologo
2953 5563 3018 5636 ad
3039 5562 3412 5636 Commentar.
3440 5577 3453 5636 ς
3482 5555 3745 5611 Libellum

2141 5640 2312 5687 autem
2333 5632 2579 5706 Boruclt,
2608 5632 2883 5706 qui'rulgo'
2919 5634 3159 5706 editionis
3200 5633 3540 5706 Septuaginta
3574 5641 3745 5695 copu-

2140 5706 2300 5779 latur,
2321 5777 2330 5779 ᾼ
2349 5721 2470 5779 nec_
2494 5701 2708 5779 [iubetur
2760 5701 2899 5779 apud
2929 5705 3177 5759 Hebrwos
3197 5701 3307 5779 ,_et_
3326 5701 3743 5779 ψεῦδετῖὶσγραφον

2142 5777 2414 5855 epistolam
2437 5775 2682 5833 let-emite
2703 5774 3027 5853 nequaquam
3054 5776 3230 5833 censui
3253 5774 3629 5833 disserendum.
