4114 6364
426 339 533 399 849
1560 344 1764 402 LIBER
1803 346 2127 405 JEREMIIE
2166 348 2582 407 PROPHETAE.
2635 352 2639 356 ’
3618 357 3730 418 850

426 462 499 517 ab
520 459 736 517 aemulis
774 458 1178 531 praestolantes,
1211 460 1404 531 quibus
1433 476 1519 518 me
1548 478 1774 520 necesse
1801 473 1885 521 est
1922 480 2017 535 per
2051 470 2095 528 Α
2124 466 2303 522 l‘uerat
2342 468 2565 523 modum
2608 464 2780 528 furori
2823 482 3012 525 eorum
3058 468 3279 526 silentio
3322 486 3444 529 meo
3492 488 3724 542 ponere.

427 557 639 628 singula
667 556 933 627 opuscula
973 555 1333 628 respondere.
1376 557 1443 612 Et
1474 556 1575 613 hoc
1609 560 1805 628 patior,
1841 568 1864 597 ι
1892 560 2017 629 quia
2129 576 2287 631 quam
2326 562 2567 633 quotidie
2595 563 2722 618 novi
2752 563 2957 634 aliquid
2983 564 3379 635 scriptitantem
3411 566 3722 625 invidorum

423 670 525 711 vos
543 653 760 725 cogitis.
788 651 1064 709 Caeterum
1102 652 1171 709 ad
1210 653 1596 740 compendium
1630 654 1780 723 mali,
1816 655 2022 711 rectius
2132 653 2396 710 insaniam
2426 670 2752 727 provocare.

496 801 523 830 ι
550 791 776 848 Paulam
823 790 1077 862 intelligit
1110 798 1166 846 et
1194 788 1567 857 Eustochium,
1601 798 1662 845 ut
1688 797 1914 862 apparet
1939 805 2005 846 ex
2037 787 2354 859 praefatione
2375 788 2430 844 in
2456 788 2669 845 Isaiam.
2694 787 2872 845 Mur.

427 933 3718 963 ww

944 1060 1381 1147 INCIPIT
1456 1060 1806 1145 LIBER
1882 1058 2427 1145 JEREMUE
2503 1059 3189 1143 PROPHET/E.

419 1337 578 1416 [ϐαρἶ
606 1336 673 1409 1.]
717 1334 895 1416 verba
933 1336 1185 1416 Jeremire
1225 1335 1321 1416 filii
1349 1334 1573 1416 llelcim,
1605 1333 1675 1392 de
1701 1335 2004 1393 sacerdoti-
2190 1346 2246 1395 et
2275 1348 2550 1416 surge,__e_t
2588 1336 2811 1411 loquere
2839 1338 2905 1396 ad
2931 1353 3025 1396 eos
3050 1338 3255 1408 omnia,
3303 1355 3424 1414 qua:
3450 1357 3552 1416 ego
3579 1358 3722 1416 pra:-

567 1408 669 1464 bus
697 1410 790 1479 qui
816 1408 1032 1481 fuerunt
1053 1408 1107 1463 in
1134 1408 1430 1477 Anatboth,
2144 1480 2151 1481 7
2266 1408 2407 1481 cipio
2435 1411 2550 1465 tibi.

488 1482 543 1536 in
579 1492 721 1536 terra
750 1480 1055 1550 Benjamin.
2112 1480 2191 1538 Ne
2222 1480 2479 1538 formides
2501 1499 2531 1537 a
2560 1483 2691 1540 facie
2716 1498 2904 1539 eorum
2936 1501 2952 1549 ;

485 1552 640 1622 Quod
674 1552 873 1607 factum
903 1564 986 1607 est
1014 1552 1239 1607 verbum
1285 1551 1498 1607 Domini
1538 1550 1606 1607 ad
1643 1567 1766 1609 eum
1800 1552 1853 1607 in
1883 1551 2005 1609 die-
2191 1570 2290 1609 nec
2319 1556 2462 1610 enim
2493 1554 2686 1611 timere
2715 1566 2764 1611 te
2794 1554 2983 1611 faciam
3012 1558 3218 1615 vultum
3247 1574 3466 1616 eorum.

558 1625 660 1679 bus
682 1625 849 1698 Josize
882 1624 974 1679 filii
1005 1626 1181 1679 Amon
1212 1622 1517 1698 regisJuda
1537 1667 1551 1692 ,
2117 1624 2231 1696 Ego
2255 1628 2454 1697 quippe
2476 1626 2602 1681 dedi
2628 1637 2677 1682 te
2705 1625 2864 1682 hodie
2895 1629 2950 1684 in
2975 1632 3249 1688 civitatem
3280 1630 3573 1698 munitam,

485 1698 539 1751 in
569 1695 953 1767 tertiodecimo
981 1710 1125 1750 anno
1154 1697 1303 1767 regni
1328 1696 1468 1764 ejus.
1507 1766 1525 1767 7
1600 1766 1605 1767 7
1786 1766 1793 1767 7
1854 1765 1873 1767 7
1936 1765 1947 1767 7
2172 1695 2246 1752 iet
2272 1695 2327 1752 in
2351 1698 2658 1753 columnam
2690 1699 2941 1767 ferream,

413 1768 484 1823 Et
514 1769 714 1823 factum
738 1777 823 1822 est
856 1769 907 1821 in
928 1766 1120 1822 diebus
1143 1766 1349 1822 Joacim
1381 1767 1473 1820 lilii
1498 1766 1661 1838 Josiie
1684 1766 1828 1838 regis
1846 1765 2006 1838 Juda,
2190 1776 2247 1823 et
2275 1771 2327 1823 in
2359 1784 2573 1824 murum
2606 1785 2833 1838 azreum,
2925 1765 2935 1825 ί

558 1854 729 1909 usque
761 1839 827 1894 ad
860 1840 1390 1910 consiimmationem
1437 1837 1711 1893 undecimi
1754 1841 1883 1893 anni
1914 1837 2014 1895 Se-
2190 1856 2356 1910 super
2377 1856 2595 1896 omnem
2620 1837 2848 1909 terram,

556 1908 727 1967 decim
759 1910 853 1965 (illi
873 1910 1041 1965 Josire
1072 1911 1215 1979 regis
1242 1908 1401 1981 Juda.
1558 1980 1566 1981 7
1738 1979 1745 1981 7
2190 1908 2409 1981 regibus
2435 1912 2592 1977 Juda,

482 1998 652 2056 usque
682 1983 747 2037 ad
788 1983 1051 2053 transmig
1064 1984 1328 2037 rationem
1358 1980 1687 2048 Jerusalem,
1734 1979 1787 2035 in
1821 1994 2012 2036 mense
2187 1979 2520 2056 principibus
2547 1985 2685 2051 ejus,
2715 1990 2769 2038 et
2794 1986 3192 2056 sacerdotibus,

560 2055 811 2137 quinto._
942 2126 956 2137 ς
1099 2125 1137 2137 Ἀ
1241 2124 1252 2136 .
1300 2125 1310 2135 _
1399 2124 1410 2137 _
1600 2121 1632 2137 ν
1754 2136 1757 2137 7
2041 2076 2091 2137 B
2121 2127 2159 2137 _
2190 2062 2245 2137 e_t
2276 2055 2479 2137 ροριιιο
2513 2064 2694 2137 terrae,

414 2121 708 2201 Etl‘actum
735 2135 819 2183 est
843 2126 1070 2201 verbum
1099 2124 1313 2201 Domini
1345 2124 1412 2179 ad
1447 2121 1768 2201 me,_dicens
1805 2138 1818 2175 :
2041 2121 2091 2137 ”
2117 2127 2187 2183 Et
2209 2121 2485 2201 bellabunt
2513 2128 2797 2182 adversum
2830 2136 2904 2197 te,
2934 2139 2988 2186 et
3018 2146 3129 2187 non
3161 2132 3578 2201 praevalebunt:

411 2200 731 2269 l'riusquam
762 2206 812 2253 te
838 2197 1132 2254 formarem
1167 2197 1220 2251 in
1251 2208 1428 2269 utero,
1459 2195 1660 2269 novite
1693 2209 1707 2245 :
2182 2197 2305 2265 quia
2335 2208 2512 2269 tecum
2543 2212 2643 2269 ego
2673 2212 2811 2267 sum,
2845 2195 2920 2256 ait
2952 2195 3235 2269 Dominus,
3267 2214 3328 2260 ut
3358 2205 3587 2262 liberem
3629 2213 3706 2261 te.

479 2279 534 2326 et
556 2267 842 2345 antequam
868 2272 1049 2345 eaires
1085 2270 1156 2345 d7e_
1181 2267 1734 2345 vulva.__sanctilicavi
1774 2279 1858 2336 te,
2109 2269 2261 2342 [ϐαρ.
2293 2267 2384 2340 ΙΙ.]
2435 2270 2497 2325 Ει
2526 2267 2722 2325 factum
2750 2280 2833 2327 est
2864 2273 3089 2330 verbum
3126 2267 3336 2332 Domini
3373 2277 3443 2332 ad
3478 2292 3589 2345 me,
3619 2277 3707 2333 di-

479 2354 532 2398 et
563 2339 884 2412 prophetam
914 2343 967 2397 iu
990 2341 1244 2412 gentibus
1276 2339 1398 2395 dedi
1434 2348 1506 2395 te.
2112 2339 2127 2341 “
2209 2339 2216 2342 ⁷
2253 2339 2385 2394 cens
2414 2357 2428 2394 :

408 2414 604 2474 Etdixi
629 2432 642 2468 :
671 2416 698 2445 α
718 2415 784 2489 A7,
813 2430 870 2489 a_,
907 2428 957 2475 a.
986 2412 1215 2489 Domine
1246 2412 1389 2467 Deus
1416 2428 1429 2464 :
2116 2485 2155 2489 __
2182 2412 2633 2489 Vade,_et_clania
2665 2413 2719 2469 in
2745 2414 2973 2474 auribus
3002 2417 3334 2489 Jerusalem,
3365 2418 3561 2477 dicens
3590 2437 3604 2475 :

478 2501 605 2541 ecce
628 2486 812 2541 nescio
851 2486 1021 2557 loqui,
1055 2485 1181 2553 quia
1213 2498 1351 2554 puer
1381 2496 1482 2553 ego
1510 2497 1651 2540 sum.
2112 2485 2239 2557 llagc
2266 2482 2397 2557 dicit
2430 2485 2727 2541 Dominus:

415 2557 484 2613 Et
513 2557 647 2629 dixit
673 2553 938 2629 Dominus
964 2556 1029 2610 ad
1052 2571 1140 2612 me
1172 2574 1183 2607 :
1217 2553 1223 2554 “
2178 2553 2514 2613 Recordatus
2578 2571 2699 2613 smn
2764 2560 2872 2629 tui,
2942 2561 3209 2618 miserans
3270 2560 3700 2620 adolescentiam

482 2628 603 2684 Noli
633 2629 815 2685 dicere
845 2647 858 2682 :
887 2628 1027 2684 Puer
1049 2642 1166 2683 sum
1197 2644 1209 2679 :
2251 2637 2418 2693 tuam,

478 2702 730 2771 quoniam
762 2701 828 2756 ad
860 2701 1038 2754 omnia
1067 2714 1187 2770 qtltl‘.
1218 2697 1427 2771 mittam
1461 2706 1536 2765 te,
1568 2698 1674 2771 ibis
1699 2714 1735 2771 :7
1922 2768 1933 2771 _
2176 2707 2233 2754 et
2258 2699 2581 2771 cliaritatem
2613 2699 3052 2771 desponsationis
3085 2712 3208 2770 tute,

477 2768 1556 2851 et_uni\'ersa,quaecnniquemandavero
1582 2768 1989 2840 tibi,loqueris.
2179 2770 2397 2842 quando
2440 2782 2625 2851 secuta
2678 2768 2764 2830 uie
2810 2791 2867 2831 es
2907 2775 2962 2831 in
3008 2768 3249 2845 deserto,
3297 2777 3354 2834 in
3386 2786 3555 2846 terra,
3586 2792 3709 2851 qua:

417 2843 494 2900 Ne
523 2845 713 2899 timeas
753 2858 784 2897 a
810 2845 948 2899 facie
977 2857 1165 2897 eorum
1200 2859 1213 2896 :
2251 2856 2356 2897 non
2385 2844 2705 2901 seminatur.

477 2916 600 2987 quia
648 2924 824 2971 tecum
866 2930 967 2986 ego
995 2930 1112 2969 sum
1140 2960 1154 2985 ,
1208 2922 1264 2969 ut
1292 2928 1481 2970 eruam
1520 2921 1572 2970 te
1598 2955 1614 2981 ,
1647 2911 1779 2968 dicit
1816 2912 2000 2970 Domi-
2108 2916 2342 2973 Sanctus
2369 2912 2536 2992 Israel
2561 2914 2814 2992 Domino,
2848 2917 3344 2992 primititefrugum
3377 2920 3535 2992 ejus:

550 3004 711 3065 t_ius._
819 3059 828 3065 _
1551 3057 1562 3065 _
1605 3055 1618 3065 _
2177 3000 2391 3052 omnes,
2422 2987 2514 3065 qui
2543 2988 2803 3044 devorant
2842 2987 2988 3060 eum,
3020 2987 3343 3061 delinquunt
3380 2987 3488 3065 [ΆΙ.
3521 2991 3700 3049 delin-

409 3057 476 3115 Et
502 3060 649 3114 misit
679 3059 939 3114 Dominus
961 3074 1179 3114 manum
1200 3072 1373 3126 suam,
1400 3067 1456 3115 et
1471 3055 1647 3127 tetigit
1674 3070 1738 3113 os
1780 3072 1996 3113 meum:
2250 3056 2474 3128 quem]:

478 3140 533 3186 et
559 3131 693 3186 dixit
724 3130 989 3186 Dominus
1018 3130 1087 3186 ad
1118 3146 1205 3185 me
1232 3148 1245 3182 :
2123 3201 2128 3202 7
2176 3130 2318 3185 mala
2345 3130 2566 3185 venient
2592 3144 2757 3202 super
2779 3146 2894 3197 eos,
2928 3132 3064 3188 dicit
3095 3133 3385 3191 Dominus.

404 3200 551 3258 Ecce
582 3203 705 3273 dedi
737 3204 902 3258 verba
935 3218 1052 3257 mea
1085 3203 1136 3257 in
1167 3217 1263 3257 ore
1296 3209 1389 3256 tuo
1419 3217 1433 3256 :
1473 3272 1484 3273 7
2104 3201 2304 3257 Audite
2336 3202 2564 3256 verbum
2594 3200 2833 3270 Domini,
2859 3206 3055 3260 domus
3083 3205 3281 3273 Jacob,

475 3288 605 3331 ecce
636 3272 742 3345 [AL
783 3274 912 3329 add.
948 3274 1068 3345 ego]
1098 3274 1357 3329 constitui
1384 3283 1436 3329 te
1471 3272 1637 3328 hodie
1670 3286 1839 3344 super
1871 3286 2002 3343 gen-
2110 3343 2146 3345 7_
2177 3283 2231 3329 et
2260 3286 2452 3345 omnes
2480 3276 2835 3342 cognationes
2856 3276 3051 3332 domus
3082 3272 3285 3333 Israel:

554 3342 663 3411 tes,
697 3354 754 3401 et
782 3361 943 3414 super
965 3342 1163 3416 reg—na,
1744 3342 1754 3344 ἡ
1880 3342 1889 3343 ί
2103 3343 2233 3416 Haec
2259 3343 2389 3416 dicit
2418 3342 2679 3401 Dominus
2703 3364 2717 3400 :

476 3426 539 3474 ut
557 3418 782 3492 evellas,
814 3413 871 3472 et
905 3413 1157 3492 destruas
1180 3458 1195 3482 ,
2025 3473 2070 3492 η
2176 3413 2317 3492 Quid
2351 3416 2677 3492 invenerunt
2697 3427 2881 3489 patres
2910 3418 3077 3475 vestri
3109 3417 3162 3474 in
3195 3435 3283 3477 me
3313 3419 3637 3492 iniquitatis,

477 3473 532 3545 et
559 3473 866 3557 disperdas,
897 3496 952 3544 et
977 3473 1245 3560 dissipes,
2022 3473 2071 3535 C
2172 3473 2299 3557 quia
2325 3473 2714 3560 elongaverunt
2738 3473 2769 3545 a
2794 3473 2903 3557 me,

477 3570 532 3617 et
561 3561 816 3625 aediﬁces,
852 3569 905 3615 et
938 3557 1145 3629 plantes
1186 3577 1200 3613 :
2176 3568 2231 3615 et
2256 3557 2673 3629 ambulaverunt
2697 3570 2820 3629 post
2848 3560 3165 3629 vanitatem,

405 3633 477 3688 Et
497 3632 696 3687 factum
720 3641 804 3687 est
825 3627 1049 3687 verbum
1097 3630 1307 3688 Domini
1332 3630 1401 3687 ad
1431 3644 1520 3687 me
1542 3671 1559 3700 ,
1581 3629 1771 3687 dicens
1801 3644 1817 3685 :
2173 3641 2229 3685 et
2256 3629 2376 3683 vani
2409 3627 2530 3684 facti
2555 3627 2715 3687 sunt?

479 3704 620 3772 Quid
654 3714 707 3759 tu
737 3704 916 3770 vides,
944 3703 1223 3760 Jeremia?
2102 3702 2169 3758 Et
2202 3717 2309 3757 non
2331 3700 2586 3756 dixerunt
2614 3722 2625 3757 :

405 3776 475 3855 [Et
494 3776 603 3832 dixi
641 3796 652 3830 :
704 3848 716 3855 _
760 3847 793 3855 __
1176 3847 1226 3855 __
2174 3772 2287 3855 Ubi
2294 3780 2395 3855 ‘est
2420 3772 2700 3855 Dominus,
2728 3778 2821 3850 qui
2843 3777 3141 3836 ascendere
3164 3792 3266 3835 nos
3288 3776 3415 3835 fecit
3441 3775 3515 3834 de
3545 3782 3689 3832 terra

412 3848 633 3920 Yirgam
666 3847 978 3920 vigilantem
1006 3863 1107 3919 ego
1141 3847 1318 3903 video.
1386 3864 1389 3869 λ
2243 3843 2500 3920 Aﬂgypti;

408 3919 476 3975 Et
502 3915 637 3974 dixit
679 3915 941 3975 Dominus
972 3915 1157 3974 ad'me
1193 3934 1209 3971 :
1746 3986 1757 3989 7
2173 3917 2268 3987 qui
2301 3915 2609 3975 transduxit
2636 3936 2735 3977 nos
2762 3936 2859 3989 per
2885 3921 3187 3986 desertum,

482 3992 623 4048 Bene
659 3991 868 4058 vidisti,
902 3991 1027 4057 quia
1061 3990 1294 4062 vigilabo
1321 4004 1423 4061 ego
1453 4002 1618 4059 super
1645 3986 1815 4044 verbo
1851 4003 1993 4056 meo,
2172 3986 2270 4057 per
2300 3998 2501 4042 terram
2529 3986 2935 4062 inliabita'bilem
2966 4002 3021 4047 et
3052 3993 3293 4056 inviam;

553 4064 823 4119 ntl'aciam
855 4062 1036 4118 illud.5
1070 4133 1098 4136 _
1121 4059 1136 4062 ⁷
1215 4132 1225 4136 7
1272 4132 1283 4136 _
1362 4059 1378 4061 ⁷
1500 4131 1512 4136 _
1622 4130 1636 4136 _
1787 4130 1820 4136 __
1966 4080 1975 4089 ·
2174 4074 2270 4129 per
2301 4068 2501 4114 terram
2526 4059 2666 4136 sitis,
2702 4073 2755 4119 et
2782 4064 3330 4136 imagineminortis;

409 4135 475 4189 Et
498 4134 691 4191 factum
716 4147 798 4191 εει
819 4136 1048 4191 verbum
1070 4132 1288 4191 Domini
1310 4131 1551 4191 secundo
1572 4130 1640 4187 ad
1662 4145 1751 4188 me
1770 4130 1957 4188 dicens
1977 4148 1992 4190 :
2172 4146 2271 4201 per
2299 4139 2524 4207 terram,
2556 4132 2612 4188 in
2638 4150 2745 4207 qua
2776 4130 3208 4192 non'ambulavit
3232 4135 3335 4204 vir,

407 4208 546 4271 Quid
580 4218 634 4261 tu
667 4206 852 4263 vides?
2170 4217 2347 4271 neque
2372 4202 2633 4262 habitavit
2656 4202 2860 4263 homo?

408 4276 479 4332 Et
503 4279 614 4335 dixi
645 4297 659 4335 ;
2099 4274 2169 4331 Et
2191 4274 2374 4330 induxi
2396 4292 2493 4333 vos
2523 4279 2576 4333 in
2605 4287 2805 4334 terram
2830 4277 3095 4347 Carmeli,

409 4348 588 4425 Ollam
614 4365 932 4425 succensam
963 4366 1063 4425 ego
1087 4351 1297 4425 video,
1385 4422 1394 4425 7
2175 4349 2621 4425 utconiederetis
2651 4354 2885 4406 fructum
2910 4352 3052 4421 ejus,
3077 4359 3136 4408 et
3158 4350 3364 4422 optima
3388 4348 3500 4421 [ΑΙ.
3528 4348 3698 4419 bona]

482 4430 537 4477 et
566 4421 757 4495 faciem
786 4424 904 4493 ejus
929 4440 957 4477 a
992 4418 1129 4481 facie
1157 4422 1450 4495 aquilonis.
2100 4489 2141 4495 κ
2198 4490 2207 4495 _
2244 4418 2425 4495 illius;

411 4493 477 4565 Et
507 4494 643 4548 dixit
667 4489 927 4551 Dominus
957 4498 1023 4551 ad
1065 4511 1150 4552 me
1185 4489 1222 4549 ε’
1612 4564 1619 4565 7
1920 4563 1929 4565 7
1976 4564 1989 4565 7
2099 4489 2169 4544 Et
2197 4490 2427 4565 ingressi
2455 4494 2868 4549 contaminastis
2898 4501 3099 4565 terram
3123 4507 3321 4558 meam,

412 4564 497 4618 Ab
518 4565 771 4632 aquilone
804 4568 1068 4639 pandetur
1098 4569 1297 4623 malum
1331 4566 1436 4639 [ΑΙ.
1473 4564 1794 4636 aperientur
1824 4563 1991 4633 mala]
2104 4632 2132 4639 _
2170 4562 2614 4639 etltaereditatem
2628 4580 2805 4639 meam
2832 4564 3092 4639 posuistis
3116 4561 3696 4639 in_abo7mina7tionem.

553 4649 715 4701 super
736 4632 926 4693 omnes
948 4638 1278 4695 habitatores
1302 4632 1479 4693 terrae.
1512 4632 1524 4636 ”
2100 4632 2423 4690 SacerdOIes
2451 4635 2554 4691 noii
2586 4632 2845 4691 dixerunt
2869 4654 2881 4689 :
2919 4634 3015 4690 Ubi
3044 4646 3127 4692 est
3159 4635 3422 4691 Dominus
3455 4635 3479 4686 ’ἐ
3612 4692 3615 4697 λ

414 4704 552 4771 Quia
578 4721 709 4761 ecce
738 4711 1174 4784 egoconvocabo
1200 4724 1388 4784 omnes
1415 4710 1773 4784 cognationes
1794 4720 1992 4777 regno-
2169 4713 2225 4759 et
2271 4713 2517 4763 tenentes
2560 4708 2734 4778 legem
2787 4706 2875 4779 [Al
2918 4705 3043 4760 add.
3098 4706 3330 4779 meam],
3379 4703 3696 4761 nescierunt

560 4793 680 4832 runt
713 4780 1001 4849 aquilonis,
1033 4782 1107 4836 ait
1145 4782 1404 4836 Dominus
1435 4796 1446 4833 :
1487 4780 1508 4784 '
2241 4792 2358 4844 me.

485 4850 800 4929 et_ve_nient_
840 4861 896 4906 et
925 4862 1128 4921 ponent
1168 4851 1541 4929 unusquisque
1586 4852 1784 4908 solium
1832 4863 1987 4903 suum
2022 4869 2074 4929 ι)
2170 4855 2226 4929 et
2256 4861 2501 4929 paStores
2530 4849 2872 4929 prmvaricati
2899 4852 3267 4929 sunt7in_me_:

555 4921 611 4976 in
642 4922 862 4977 introitu
897 4920 1171 4994 portarum
1203 4920 1528 4982 Jerusalem.
2022 4920 2066 4929 ’⁷
2170 4928 2225 4973 ει
2252 4922 2528 4994 ριῖυριιειω
2552 4920 3010 4991 Ρτοριιθιδνθιύηι
3035 4924 3088 4979 in
3116 4923 3264 4989 8³³1»

486 5002 539 5049 et
562 5009 725 5063 super
753 4992 941 5050 omnes
974 5011 1157 5050 muros
1194 4997 1313 5065 ejtts
1346 4999 1398 5049 in
1428 4995 1694 5064 circuitu,
2104 5062 2131 5065 _
2172 5000 2227 5045 et
2260 4992 2402 5049 idola
2433 4994 2609 5049 secuti
2637 5004 2783 5047 sunt.

487 5075 541 5119 et
570 5061 734 5133 super
762 5067 1040 5123 universas
1069 5061 1238 5123 urbes
1256 5066 1415 5122 Juda.
1680 5061 1688 5064 ⁷
2104 5062 2397 5134 Propterea
2452 5065 2628 5121 adhuc
2655 5064 2861 5135 judicio
2907 5068 3233 5123 contendam
3268 5062 3575 5129 vobiscum,
3624 5061 3701 5117 ait

415 5133 483 5191 Et
517 5137 921 5207 quuarjudicia
953 5154 1073 5211 mea
1114 5155 1233 5193 cum
1261 5142 1358 5203 eis,
1405 5156 1571 5211 super
1597 5142 1745 5197 omni
1789 5137 2001 5195 malitia
2252 5137 2534 5205 Dominus,

558 5224 769 5275 eorum,
801 5212 890 5279 qui
932 5210 1341 5277 dereliquerunt
1379 5210 1495 5279 me,
2108 5278 2150 5281 _
2178 5216 2380 5263 etcum
2414 5212 2540 5264 liliis
2568 5210 2769 5267 vestris
2799 5210 3135 5281 disceptabo.

487 5288 543 5336 et
566 5278 883 5336 libaverunt
913 5282 1017 5335 diis
1046 5282 1263 5349 alienis,
1480 5278 1486 5279 7
2108 5278 2364 5336 Transite
2393 5283 2458 5337 ad
2491 5282 2694 5337 insulas
2724 5278 2965 5349 Cethim,
2990 5291 3046 5337 et
3076 5280 3254 5337 videte
3284 5299 3296 5334 :

488 5364 544 5408 et
576 5352 939 5410 adoraveruut
963 5366 1101 5421 Opus
1129 5369 1386 5411 manuum
1413 5370 1655 5412 suarum.
2182 5361 2238 5406 et
2264 5352 2319 5407 in
2350 5352 2523 5408 Cedar
2552 5355 2773 5420 mittite,
2809 5365 2859 5407 et
2890 5353 3233 5408 considerate
3256 5350 3610 5409 vehementer
3628 5357 3653 5407 ’ς

419 5424 499 5480 Tu
528 5442 659 5496 ergo
686 5426 909 5496 accinge
940 5425 1151 5481 lumbos
1183 5435 1325 5496 tuos,
2184 5433 2240 5479 et
2269 5425 2446 5481 videte
2472 5426 2518 5480 si
2540 5424 2737 5481 factum
2768 5432 2853 5481 est
2882 5423 3280 5496 hujuscemodi,

495 5582 522 5610 ιι
557 5575 611 5629 1η
645 5573 876 5629 llebrteo
899 5572 1161 5642 scriptum
1193 5582 1274 5630 est
1301 5585 1435 5633 ﬁrm.
1461 5572 1653 5643 triplex
1680 5591 1710 5626 a
1736 5574 1885 5644 juxta
1905 5586 2030 5642 pro-
2209 5600 2279 5611 -—
2320 5569 2729 5644 Uno_7scriptum
2760 5568 3020 5644 llebraiee
3048 5574 3133 5623 est
3158 5564 3345 5630 verbo,
3374 5575 3540 5644 ξιτεδ..
3575 5563 3718 5633 quod

421 5646 819 5701 nuntiationem
854 5633 1188 5715 Hieronymi,
1220 5645 1311 5715 qui
1342 5633 1553 5714 legebat
1582 5633 1821 5714 alepli'et
1849 5633 1919 5698 Ite'
1935 5660 2031 5713 per
2140 5658 2237 5714 per
2258 5650 2369 5697 tres
2391 5633 2807 5715 eﬂerri'litteras
2830 5640 3051 5715 vocales
3081 5656 3113 5693 a
3139 5644 3352 5715 potest:
3374 5633 3603 5715 Palatin.
3637 5644 3723 5715 _ta—

418 5736 450 5771 a
499 5717 737 5773 litteram
784 5705 1450 5772 vocaletn.'Uiide'Caiiovn
1476 5705 1753 5773 llebrai'cm
1784 5705 2031 5772 veritatis
2142 5705 2266 5768 inen
2292 5730 2393 5768 ius.
2425 5712 2881 5782 quemadmodum
2912 5713 3001 5767 alii
3046 5705 3503 5782 pen—esublartian.
3544 5706 3611 5759 ah
3637 5705 3720 5782 le-

422 5790 623 5859 retinet
649 5790 713 5855 Α,
742 5806 793 5852 a,
819 5806 871 5842 a.
902 5789 1096 5859 Cmteri
1125 5803 1257 5842 mss.
1289 5788 1580 5846 Biblioruui
1606 5788 1823 5847 codices
1852 5788 2034 5859 legunt
2144 5797 2317 5859 gunt;
2353 5777 2581 5859 fortasse
2624 5784 2829 5843 rectius
2865 5801 2877 5841 :
2912 5792 2997 5842 est
3025 5777 3172 5841 enim
3212 5779 3304 5836 illa
3332 5777 3727 5851 conquerentis

425 5860 493 5913 Ita
520 5858 588 5913 ha
615 5859 713 5927 lia,
742 5859 829 5917 vel
856 5861 923 5915 ah
961 5858 1028 5913 ah
1060 5859 1147 5915 ah.
1175 5860 1356 5917 MART.
1908 5856 1928 5859 ⁷
2145 5856 2470 5927 interjectio.
