4114 6364
414 316 520 386 853

485 442 540 492 et
558 434 680 493 vide
710 435 800 492 ubi
829 449 937 493 non
962 409 1230 506 prostrata
1259 434 1364 492 sis:

314 553 335 570 .
413 505 473 563 In
498 509 600 564 viis
621 509 876 576 sedebas,
906 505 1228 580 exspectans
1245 522 1340 564 eos
1372 506 1528 580 quasi
1552 507 1694 565 latro
1723 509 1776 568 in
1806 509 2004 568 solitu-

554 581 717 638 dine:

484 661 540 708 et
579 653 818 728 polluisti
859 664 1062 728 terram
1099 654 1152 709 in
1184 651 1631 728 fornicationibus
1674 654 1785 728 [Αι.
1827 654 2003 727 malis]

556 725 686 796 tuis,
719 727 844 782 etin
876 726 1094 781 malitiis
1123 726 1248 782 tuis.

411 793 583 862 Quam
614 793 685 852 ob
709 813 819 852 rem
853 798 1137 869 prohibita:
1167 805 1291 861 sunt
1313 798 1474 854 stillae
1504 797 1833 870 pluviarum,

483 877 538 923 et
559 871 835 925 serotinus
859 871 1031 926 imber
1063 887 1168 924 non
1193 869 1293 924 fuit
1324 889 1335 924 :

411 937 586 996 Frons
616 943 861 998 mulieris
892 942 1196 1005 meretricis
1226 942 1365 1004 facta
1395 951 1477 1000 est
1505 941 1635 1012 tibi,

483 1012 704 1068 noluisti
735 1014 1077 1070 erubescere.

409 1081 557 1154 Ergo
583 1085 774 1140 saltem
803 1086 998 1152 amodo
1027 1101 1158 1154 voca
1198 1101 1325 1143 me:
1358 1085 1521 1142 Pater
1551 1101 1724 1155 meus,

407 1185 451 1227 -__
480 1155 587 1211 dux
610 1157 932 1227 virginitatis
953 1173 1088 1214 meae
1114 1169 1169 1214 tu
1199 1173 1256 1214 es
1287 1177 1297 1210 :

406 1225 677 1296 Numquid
698 1225 961 1283 irasceris
985 1231 1035 1282 in
1062 1239 1402 1300 perpetuum,

480 1308 574 1354 aut
601 1300 973 1369 perseverabis
996 1301 1047 1355 in
1071 1301 1268 1357 finem?

406 1370 548 1426 Ecce
583 1372 756 1426 locuta
787 1387 876 1441 es,
905 1380 961 1427 et
990 1371 1166 1428 fecisti
1202 1374 1340 1428 mala
1359 1415 1376 1440 ,
1400 1381 1454 1430 et
1479 1372 1726 1441 potuisti.

405 1442 473 1515 Et
498 1442 633 1498 dixit
665 1445 922 1515 Dominus
947 1445 1012 1500 ad
1047 1461 1132 1500 nte
1165 1447 1218 1500 in
1247 1445 1442 1501 diebus
1461 1445 1625 1515 Jositc
1653 1445 1798 1515 regis
1838 1463 1851 1499 :

403 1513 678 1587 Numquid
701 1515 878 1570 vidisti
905 1531 1024 1587 quae
1055 1517 1250 1572 fecerit
1276 1519 1574 1573 aversatrix
1608 1513 1820 1572 Israel?

410 1585 559 1647 Abiit
587 1588 806 1644 sibimet
835 1585 999 1658 super
1025 1603 1240 1644 omnem
1273 1599 1512 1648 montem
1543 1587 1815 1645 excelsum
1836 1631 1851 1658 ,

475 1667 530 1714 et
555 1659 655 1714 sub
672 1660 818 1715 omni
848 1661 991 1731 ligno
1013 1658 1270 1716 frondoso
1286 1701 1302 1728 ,

475 1740 530 1785 et
561 1730 821 1787 fornicata
845 1730 928 1788 est
954 1732 1048 1787 ibi.

404 1799 474 1856 Et
499 1800 608 1857 dixi
635 1819 756 1859 cum
787 1803 1003 1859 fecisset
1031 1803 1147 1860 hcce
1171 1803 1352 1860 omnia
1396 1821 1412 1863 ;

474 1872 557 1929 Ad
585 1890 673 1931 me
702 1884 986 1932 revertere
1025 1893 1039 1931 :

472 1953 530 2000 et
550 1960 657 2001 non
681 1957 764 2002 est
791 1962 1032 2004 reversa.

399 2015 467 2072 Et
483 2016 615 2073 vidit
636 2020 1038 2088 praevaricatrix
1059 2034 1217 2076 soror
1237 2019 1354 2091 ejus
1377 2017 1514 2076 Juda
1537 2061 1552 2085 ,

470 2094 594 2162 quia
620 2105 717 2160 pro
740 2106 806 2147 eo
831 2092 975 2162 quod
1007 2088 1279 2150 moechata
1305 2102 1449 2149 esset
1477 2089 1776 2148 aversatrix
1803 2088 1992 2161 Israel,

539 2161 869 2218 dimisissem
892 2179 1033 2227 eam,

473 2243 527 2288 et
552 2233 818 2290 dedissem
851 2236 901 2290 ei
933 2235 1171 2290 libellum
1192 2235 1404 2306 repudii
1434 2253 1446 2289 :

468 2315 523 2360 et
549 2319 657 2378 non
688 2307 862 2378 timuit
890 2308 1294 2376 praevaricatrix
1317 2307 1343 2362 .l
1352 2306 1452 2362 uda
1474 2320 1629 2362 soror
1649 2305 1766 2378 ejus
1781 2348 1798 2375 ,

468 2377 566 2449 sed
593 2377 754 2449 abiit,
787 2388 843 2434 et
866 2381 1126 2434 fornicata
1155 2389 1239 2435 est
1263 2381 1427 2434 etiam
1456 2380 1592 2449 ipsa.

398 2447 468 2503 Et
519 2447 782 2507 facilitate
832 2450 1206 2510 fornicationis
1261 2466 1374 2507 suae
1430 2447 1821 2508 contaminavit
1878 2458 1992 2508 ter-

539 2536 679 2576 ram.

465 2600 523 2667 et
541 2593 808 2667 mmcbata
829 2604 913 2650 est
937 2610 1061 2651 cum
1085 2594 1266 2667 lapide
1293 2604 1346 2651 et
1370 2609 1493 2649 cum
1524 2593 1693 2667 ligno.

397 2663 470 2718 Et
511 2664 564 2720 in
615 2666 868 2721 omnibus
922 2668 1004 2722 his
1064 2663 1169 2722 non
1216 2677 1300 2722 est
1344 2663 1673 2722 reversa—ad
1715 2680 1802 2722 me
1847 2681 1989 2736 pra:-

537 2738 827 2793 varicatrix
849 2754 1007 2794 soror
1035 2739 1152 2808 ejus
1178 2739 1313 2794 Juda
1345 2739 1398 2794 in
1433 2746 1544 2794 toto
1571 2737 1734 2794 corde
1764 2752 1897 2807 suo,

466 2808 560 2862 sed
596 2810 647 2863 in
681 2811 987 2879 mendacio,
1029 2812 1105 2866 ait
1133 2812 1414 2866 Dominus.

393 2879 457 2934 Et
481 2879 614 2935 dixit
641 2881 901 2936 Dominus
928 2883 994 2937 ad
1021 2899 1106 2936 tne
1143 2901 1156 2936 :

467 2951 792 3008 Justilicavit
816 2955 1050 3010 animam
1073 2969 1230 3010 suam
1253 2955 1558 3010 aversatrix
1581 2954 1748 3012 Israel
1769 2995 1786 3023 ,

421 3092 437 3102 _
465 3026 874 3102 comparatione
898 3026 1346 3102 prazvariratricis
1369 3026 1544 3086 Juda}.

393 3093 662 3222 Vade,'clt
691 3100 865 3156 clama
901 3093 1185 3154 sermones
1216 3099 1348 3154 istos
1395 3108 1584 3154 contra
1629 3097 1942 3169 aquilonem
1971 3141 1988 3168 ,

535 3179 590 3222 et
651 3184 797 3222 tces:

535 3179 590 3226 et
612 3179 759 3224 dices
785 3187 797 3224 ἶ

465 3239 778 3311 Revertere,
821 3242 1119 3298 aversatrix
1150 3241 1347 3310 Israel,
1379 3241 1456 3296 ait
1489 3241 1772 3312 Dominus,

465 3321 520 3385 et
546 3327 652 3367 non
675 3325 918 3370 avertam
946 3314 1138 3369 faciem
1171 3328 1347 3369 meam
1372 3311 1579 3385 avobis
1611 3330 1625 3368 :
1756 3311 1805 3385 ⁷,,

393 3382 529 3448 Quia
561 3395 781 3439 sanctus
804 3402 904 3457 ego
930 3401 1048 3457 sum
1071 3428 1085 3452 ,
1111 3386 1243 3440 dicit
1275 3384 1552 3450 Dominus,

467 3466 526 3511 et
554 3472 659 3510 non
691 3456 896 3513 irascar
927 3456 982 3512 in
1017 3471 1356 3530 perpetuum.

396 3527 600 3584 Tamen
629 3530 768 3583 scito
796 3527 1131 3600 iniquitatem
1165 3541 1344 3594 tuam,

467 3600 590 3670 quia
618 3601 670 3655 in
703 3603 987 3657 Dominum
1015 3601 1184 3656 Deum
1220 3614 1369 3656 tuum
1409 3601 1759 3671 prtevaricala
1782 3615 1842 3656 es
1878 3617 1892 3657 :

470 3681 524 3727 ct
555 3672 872 3745 diSpersisti
922 3674 1037 3730 vias
1085 3683 1206 3730 tuas
1254 3673 1445 3732 alienis
1493 3675 1592 3730 sub
1644 3673 1794 3728 omni
1843 3673 1987 3745 ligno

543 3744 823 3809 frondoso.

470 3825 526 3872 et
545 3832 730 3873 vocem
760 3832 936 3873 meam
960 3832 1072 3873 non
1095 3816 1318 3882 audisti,
1350 3816 1424 3872 ait
1446 3817 1720 3873 Dominus.
1873 3823 1882 3849 ‘

399 3886 784 3945 Convertimini
849 3889 966 3961 [AL
1007 3889 1133 3943 add.
1181 3889 1248 3943 ad
1278 3889 1400 3961 me]
1453 3888 1572 3954 filii,
1620 3895 1986 3958 revertentes,

541 3961 672 4016 dicit
704 3962 961 4016 Dominus
997 3981 1011 4016 :

470 4035 594 4104 quia
626 4048 726 4103 ego
753 4034 838 4088 vir
860 4043 1042 4089 vester
1071 4051 1084 4087 :

400 4103 472 4159 Et
491 4103 762 4160 assumam
785 4121 882 4161 vos
911 4121 1073 4160 unum
1104 4104 1171 4161 de
1200 4105 1449 4176 civitate,

473 4186 528 4232 et
555 4177 692 4232 duos
713 4177 780 4234 de
807 4178 1130 4248 cognatione
1146 4223 1160 4246 ,

473 4259 529 4304 et
551 4249 885 4306 introducam
915 4265 1009 4306 vos
1039 4253 1091 4306 in
1117 4251 1266 4306 Sion.

403 4319 468 4374 Et
489 4320 627 4376 dabo
657 4323 811 4378 vobis
840 4333 1088 4393 pastores
1114 4322 1267 4394 juxta
1299 4335 1395 4377 cor
1417 4335 1638 4394 meum;

481 4401 536 4447 et
563 4402 784 4462 paseent
809 4411 905 4450 vos
935 4393 1165 4450 scientia
1195 4404 1252 4450 et
1269 4393 1535 4450 doctrina.
1808 4450 1809 4453 η

405 4462 649 4533 Cumque
690 4466 1034 4535 multiplicati
1079 4466 1314 4532 fueritis,
1359 4475 1418 4520 et
1453 4463 1736 4521 creveritis
1766 4464 1819 4520 in
1849 4471 1994 4520 terra

553 4537 604 4588 in
637 4535 827 4592 diebus
859 4538 997 4604 illis,
1040 4538 1116 4593 ait
1145 4537 1406 4594 Dominus
1443 4554 1457 4590 :

479 4619 586 4659 non
606 4606 789 4662 dicent
811 4608 946 4664 ultra
979 4610 1154 4664 :Arca
1186 4607 1494 4665 testamenti
1515 4607 1730 4665 Domini
1764 4623 1779 4663 :

483 4691 660 4745 neque
689 4679 944 4734 ascendet
970 4695 1134 4749 super
1155 4695 1274 4747 cor,

481 4761 654 4817 neque
683 4751 1114 4806 recordabuntur
1141 4753 1284 4806 illius
1314 4769 1329 4806 :

481 4833 583 4875 nec
611 4819 936 4891 visitabitur,
969 4837 1070 4878 nec
1101 4822 1193 4878 fiet
1223 4825 1381 4880 ultra.

411 4890 472 4945 In
497 4899 737 4962 tempore
765 4892 864 4948 illo
898 4890 1169 4949 vocabunt
1191 4893 1494 4952 Jerusalem
1522 4894 1719 4950 solium
1752 4893 1996 4950 Domini:

484 4974 538 5018 et
579 4967 1154 5038 congregabuuturgad
1193 4983 1312 5022 eam
1354 4981 1544 5022 omnes
1573 4977 1764 5038 gentes
1804 4970 1860 5023 in
1901 4981 2000 5022 no-

555 5035 703 5091 mine
732 5036 947 5094 Domini
970 5037 1024 5092 in
1044 5036 1344 5094 Jerusalem
1363 5079 1378 5104 ,

486 5115 543 5162 et
591 5121 700 5163 non
751 5109 1108 5165 ambulabunt
1156 5120 1278 5180 post
1309 5109 1634 5180 pravitatem
1685 5109 1874 5166 cordis
1918 5109 2003 5166 sui

413 5327 472 5376 ut
492 5319 650 5390 vulgo
676 5318 904 5386 obtinet,
927 5325 1199 5384 revertere,
1223 5314 1501 5374 invitantis
1523 5316 1706 5380 modo,
1731 5315 1824 5373 sed
1838 5313 1994 5390 quasi

415 5387 752 5461 obiurgantis
802 5390 1137 5446 efferendum
1166 5401 1271 5454 est,
1307 5397 1477 5444 tamen
1505 5391 1774 5444 reverteris
1801 5405 1820 5444 :
1849 5387 1994 5457 quod

416 5474 528 5528 est,
561 5464 724 5516 audes
769 5464 971 5516 reuerti.
1014 5463 1216 5532 Estque
1253 5461 1388 5516 adeo
1430 5464 1624 5517 mirutn
1666 5461 1770 5516 hoc
1808 5462 1994 5529 ,magis

415 5534 557 5601 quod
620 5533 687 5589 de
747 5535 828 5589 sui
883 5536 1148 5602 temporis
1209 5534 1443 5588 llebrteo
1487 5532 1786 5600 exemplari
1837 5532 1998 5586 tradit

415 5605 474 5663 S.
511 5606 688 5666 Pater,
721 5620 752 5658 a
787 5621 893 5674 quo
925 5605 1173 5661 Grzecum
1203 5607 1565 5674 apograpbum
1605 5613 1712 5659 tam
1751 5605 1912 5674 longe
1945 5610 2002 5658 et

416 5679 705 5735 verborum
736 5679 1111 5734 imminutione
1136 5687 1190 5733 et
1225 5693 1386 5733 sensu
1417 5677 1725 5732 abluderet.
1763 5675 1834 5732 Ut
1871 5689 2001 5730 vero

419 5748 491 5804 sit
518 5751 636 5818 ejus
673 5751 1040 5805 testimonium
1071 5749 1219 5805 omni
1259 5749 1434 5818 majus
1460 5750 1780 5818 exceptione
1817 5767 1830 5804 :
1870 5747 2000 5802 mihi

422 5820 637 5890 quidem
668 5822 768 5874 hoc
799 5821 916 5888 ipso
945 5822 1198 5890 probatur
1229 5831 1566 5889 argumento,
1604 5820 1749 5889 quod
1778 5821 1831 5877 in
1857 5819 2003 5875 Lati-

423 5908 526 5948 nos
559 5890 772 5948 codices
798 5891 1002 5952 additio
1024 5893 1112 5950 illa
1140 5908 1246 5950 non
1265 5893 1491 5968 fluxerit
1518 5908 1583 5949 cx
1611 5890 1790 5962 LXX,
1825 5892 1916 5964 qui
1953 5898 2009 5947 ct

1549 317 1753 375 LIBER
1790 318 2113 382 JEREMIAS
2149 319 2564 383 PROPHETA‘I.

2035 443 2086 506 Α

2015 3273 2062 3338 C

3593 325 3700 382 854

2257 456 2498 508 pessum.
2703 456 2706 457 '
2809 459 2811 461 ‘

2113 511 2172 567 In
2210 512 2403 568 diebus
2436 514 2545 571 illis
2572 513 2669 572 ibit
2697 514 2893 570 domus
2913 513 3052 570 Juda
3082 513 3150 569 ad
3174 512 3395 570 domum
3423 511 3626 582 Israel,

2181 594 2237 640 et
2273 588 2490 642 venient
2532 587 2694 658 simul
2733 588 2800 642 de
2847 595 2990 642 terra
3036 586 3342 658 aquilonis,
3375 586 3444 640 ad
3489 595 3692 644 terram

2250 673 2410 727 quam
2442 657 2565 713 dedi
2604 659 2842 728 patribus
2872 659 3083 714 vestris.

2107 728 2222 801 Ego
2251 737 2431 873 ante?
2463 727 2621 785 dixit
2655 729 2938 798 Quomodo
2963 745 3159 801 ponam
3208 737 3261 786 te
3305 729 3360 785 in
3401 727 3542 784 filios
3583 727 3695 800 [ΑΙ.

2270 817 2372 856 IIIS
2403 842 2417 864 ,
3484 833 3492 839 ι

2270 817 2417 864 IIIIS],
3484 833 3492 839 ι

2175 880 2232 928 et
2259 872 2488 928 tribuam
2512 872 2607 930 tibi
2638 881 2835 929 terram
2861 873 3302 936 desiderabilem,

2152 943 2547 1001 .haareditatem
2580 948 2897 1014 praeclaram
2927 946 3267 1002 exercituum
3297 942 3592 1016 gentium»?

2105 1017 2171 1073 Et
2191 1015 2304 1072 dixi
2331 1034 2344 1069 :
2383 1017 2598 1072 Patrem
2622 1017 2840 1072 vocabis
2868 1033 2978 1083 me,

2175 1099 2230 1160 et
2259 1096 2380 1158 post
2402 1104 2489 1146 me
2518 1088 2725 1160 ingredi
2759 1104 2864 1145 non
2887 1088 3153 1144 cessabis.

2101 1159 2207 1216 Sed
2232 1162 2505 1230 quomodo
2530 1159 2918 1218 si’contemnat
2948 1161 3144 1217 mulier
3169 1166 3470 1217 amatorem
3492 1171 3651 1216 suum
3674 1198 3688 1223 ,

2174 1229 2265 1304 sici
2282 1233 2610 1304 contempsit
2647 1247 2734 1287 me
2767 1232 2961 1288 domus
3005 1231 3204 1299 Israel,
3238 1229 3314 1286 ait
3348 1231 3624 1288 Dominus.

2102 1301 2218 1357 Vox
2255 1303 2307 1358 in
2333 1305 2433 1360 viis
2460 1301 2644 1359 audita
2675 1312 2794 1371 est,
3162 1329 3167 1334 ·

2174 1376 2416 1444 ploratus
2441 1388 2496 1432 et
2524 1377 2764 1432 ululatus
2805 1375 3038 1432 filiorum
3070 1374 3240 1430 Israel
3276 1393 3290 1429 :

2100 1445 2365 1513 Quoniam
2398 1448 2635 1518 iniquam
2668 1448 2909 1503 fecerunt
2935 1449 3080 1504 viam
3111 1460 3265 1503 suam
3285 1489 3300 1517 ,

2172 1518 2324 1574 obliti
2352 1531 2476 1576 sunt
2506 1518 2713 1575 Domini
2740 1520 2830 1575 Dei
2860 1520 2964 1573 sui.

2099 1587 2492 1646 Convertimini
2511 1635 2526 1659 ,
2559 1591 2674 1656 filii,
2701 1599 3035 1647 revertentes
3051 1635 3065 1659 ,

2171 1670 2227 1718 et
2247 1663 2450 1716 satiabo
2471 1665 2787 1719 aversiones
2818 1672 3047 1719 vestras.

2100 1733 2240 1788 Ecce
2269 1750 2373 1788 non
2397 1736 2639 1790 venimus
2666 1734 2732 1789 ad
2764 1744 2818 1789 te
2847 1753 2859 1789 :

2181 1813 2236 1858 ttt
2263 1807 2405 1860 enim
2431 1821 2491 1862 es
2519 1806 2777 1860 Dominus
2804 1805 2948 1860 Deus
2980 1812 3187 1861 noster.

2030 1871 2079 1932 B
2107 1875 2247 1933 Vere
2270 1878 2556 1934 mendaces
2587 1886 2742 1933 erant
2767 1877 2936 1933 colles
2955 1917 2972 1944 ,

2177 1949 2463 2006 multitudo
2485 1950 2752 2004 montium
2777 1963 2793 2001 :

2101 2019 2242 2075 Vere
2275 2022 2325 2076 in
2357 2022 2583 2076 Domino
2606 2021 2718 2076 Deo
2747 2027 2935 2075 nostro
2956 2018 3102 2075 salus
3136 2016 3327 2074 Israel.

2100 2091 2367 2149 Confusio
2414 2093 2650 2148 comedit
2702 2091 2944 2147 laborem
2994 2101 3208 2162 patrum
3264 2093 3589 2145 nostrorum
3627 2085 3698 2141 ab

2243 2165 2614 2220 adolescentia
2641 2172 2826 2220 nostra
2853 2203 2868 2228 ,
3270 2199 3298 2223 λ

2169 2251 2365 2307 greges
2395 2253 2582 2292 eorum
2611 2278 2626 2303 ,
2655 2246 2709 2292 et
2735 2244 2981 2292 armenta
3011 2249 3226 2291 eorum.

2171 2307 2309 2363 filios
2331 2325 2520 2364 eorum
2537 2351 2552 2376 ,
2577 2316 2635 2365 et
2652 2308 2789 2362 filias
2817 2323 3032 2362 eorum.

2098 2379 2441 2436 Dormiemus
2465 2379 2519 2435 in
2547 2379 2864 2436 confusione
2894 2387 3082 2434 nostra
3111 2394 3126 2432 :

2169 2460 2223 2506 et
2249 2453 2455 2522 operiet
2477 2468 2574 2508 nos
2602 2450 2892 2522 ignominia
2921 2459 3110 2506 nostra
3145 2465 3160 2503 :

2098 2518 2364 2591 Quoniam
2397 2518 2765 2580 Domino'Deo
2797 2530 2984 2577 nostro
3017 2518 3361 2590 peccavimus
3392 2532 3491 2574 nos
3511 2559 3525 2582 ,

2168 2603 2220 2652 et
2247 2603 2430 2666 patres
2457 2595 2658 2665 nostri,
2701 2595 2769 2649 ab
2798 2585 3164 2651 adolescentia
3192 2601 3376 2647 nostra
3424 2602 3600 2660 usque
3628 2585 3697 2643 ad

2240 2669 2378 2724 hanc
2407 2667 2549 2723 diem
2585 2686 2598 2722 :

2167 2747 2224 2794 et
2257 2756 2361 2794 non
2393 2739 2695 2795 audivimus
2722 2752 2913 2795 vocem
2944 2737 3156 2793 Domini
3189 2734 3283 2792 Dei
3313 2731 3483 2790 nostri
3514 2743 3528 2790 :

2101 2809 2255 2883 [Cap.
2281 2811 2394 2883 IV.]
2424 2812 2482 2867 Si
2506 2821 2530 2849 θ
2559 2811 2895 2867 converteris
2923 2809 3044 2882 [Δί.
3094 2805 3441 2877 reverteris],
3489 2800 3698 2872 Israel,

2166 2884 2241 2938 ait
2275 2883 2534 2938 Dominus
2551 2925 2564 2948 ,

2237 2954 2314 3011 ad
2334 2971 2422 3011 me
2449 2963 2771 3011 convertere
2817 2971 2833 3010 :

2093 3026 2149 3082 Si
2170 3007 2802 3083 abstiul—eris'o—ficn'dicula
2819 3007 2922 3084 tua
2951 3041 2984 3082 a
3005 3024 3143 3082 facie
3171 3007 3288 3079 mea
3304 3061 3320 3086 .

2238 3114 2344 3174 non
2375 3096 2853 3174 commoveberisa
3004 3170 3015 3174 -
3195 3167 3207 3174 .
3279 3172 3284 3174 Α
3456 3159 3527 3174 .ο
3608 3159 3622 3172 -

2094 3168 2163 3224 Et
2208 3171 2418 3242 jurabis
2456 3188 2470 3226 :
2505 3170 2650 3227 Vivit
2699 3170 2962 3228 Dominus
3002 3170 3057 3225 in
3095 3167 3325 3224 veritate
3351 3205 3365 3232 ,
3418 3167 3472 3218 et
3514 3167 3569 3217 in
3606 3167 3694 3231 ju-

2235 3242 2406 3308 dicio,

2163 3325 2218 3370 et
2247 3314 2300 3389 in
2329 3314 2577 3389 justitia;
3016 3385 3027 3389 Α
3327 3380 3341 3389 ,
3435 3378 3452 3389 .
3492 3378 3506 3389 .
3609 3384 3621 3389 Α
3688 3379 3695 3389 .

2162 3393 2218 3441 et
2247 3378 2571 3443 benedicent
2596 3401 2720 3443 eum
2762 3395 2980 3459 gentes,
3014 3385 3297 3459 ipsumque
3327 3378 3646 3459 laudabunt.
3688 3379 3694 3442 ἶ

2091 3457 2218 3513 llaec
2249 3460 2391 3514 enim
2423 3459 2555 3514 dicit
2585 3452 2846 3515 Domitius
2873 3459 2991 3514 viro
3011 3452 3148 3513 Juda
3175 3452 3230 3512 et
3258 3452 3565 3511 Jerusalem
3595 3467 3611 3504 :
3663 3467 3668 3493 τ

2163 3530 2367 3585 Novate
2395 3532 2548 3586 vobis
2579 3532 2771 3586 novale
2786 3576 2800 3599 ,

2162 3612 2218 3657 et
2246 3602 2413 3659 nolite
2442 3618 2627 3658 serere
2656 3617 2819 3672 super
2847 3600 3030 3672 spinas
3064 3617 3080 3657 :

2091 3670 2548 3730 Circumcidimini
2581 3670 2834 3742 Domino,

2165 3755 2220 3800 et
2247 3745 2458 3803 auferte
2481 3747 2745 3816 prtepntia
2776 3735 3020 3801 cet-dium
3048 3753 3378 3809 vestrorum,
3400 3737 3503 3798 viri
3530 3735 3692 3806 Juda,

2237 3828 2287 3872 et
2321 3817 2653 3873 habitatores
2673 3817 2974 3874 Jerusalem
3005 3835 3019 3872 :

2092 3888 2170 3944 Ne
2194 3889 2329 3945 forte
2352 3889 2660 3960 egrediatur
2681 3901 2738 3944 ut
2767 3889 2905 3960 ignis
2932 3886 3231 3960 indignatio
3252 3899 3372 3940 mea
3393 3927 3408 3951 ,

2165 3973 2220 4016 et
2244 3957 2620 4030 succendatur,
2649 3969 2704 4016 et
2730 3957 2836 4015 non
2860 3961 2930 4014 sit
2957 3961 3046 4029 qui
3077 3957 3420 4027 exstinguat,

2167 4044 2386 4103 propter
2412 4035 2672 4087 malitiam
2703 4031 3091 4104 cogitationum
3115 4039 3446 4085 vestrarum.

2097 4105 2425 4160 Annuntiate
2455 4106 2506 4158 in
2534 4104 2670 4160 Juda
2687 4146 2702 4172 ,

2166 4187 2222 4232 et
2250 4177 2301 4232 in
2322 4175 2619 4232 Jerusalem
2649 4175 2894 4231 auditum
2921 4173 3118 4229 facite:

2098 4252 2107 4265 '
2172 4249 2490 4320 loquimini,
2519 4259 2574 4303 ct
2597 4249 2776 4303 canite
2803 4247 2928 4303 tuba
2960 4247 3012 4301 in
3049 4253 3191 4300 terra
3224 4258 3240 4297 :

2099 4320 2336 4376 Clamate
2359 4320 2592 4384 fortiter,

2169 4391 2333 4448 dicite
2361 4410 2373 4447 :
2401 4391 2815 4463 Congregamini
2838 4436 2852 4460 ,

2171 4472 2228 4519 et
2255 4457 2885 4532 ingredian'tur'civitates
2916 4457 3176 4527 munitas,

2101 4535 2300 4590 Levate
2322 4537 2534 4605 signum
2559 4537 2610 4589 in
2633 4535 2788 4590 Sion.

2101 4606 2491 4663 Cettfortatnini
2513 4647 2528 4673 ,
2560 4605 2729 4661 nolite
2757 4612 2905 4661 stare
2930 4644 2944 4670 ,
2979 4613 3010 4644 η

2021 4671 2076 4732 D
2171 4681 2296 4750 quia
2327 4664 2527 4732 malum
2557 4693 2658 4748 ego
2684 4677 2896 4733 adduco
2931 4664 3002 4731 ab
3041 4671 3296 4745 aquilone
3326 4677 3381 4728 et
3415 4664 3701 4726 contritio-

2247 4763 2369 4804 nem
2403 4764 2672 4818 magnam.

2104 4820 2364 4878 Ascendit
2395 4821 2480 4875 leo
2501 4821 2568 4876 de
2593 4821 2756 4877 cubili
2785 4835 2884 4877 suo
2901 4860 2916 4887 ,

2177 4905 2231 4948 et
2259 4893 2444 4964 praedo
2473 4894 2713 4964 gentium
2742 4908 2802 4949 se
2828 4889 3031 4948 levavit
3065 4904 3082 4945 :

2106 4967 2370 5036 Egressus
2399 4974 2486 5020 est
2510 4964 2579 5020 de
2607 4966 2728 5021 loco
2759 4979 2879 5032 suo,
2988 5034 3000 5036 4
3105 5031 3120 5036 _
3185 5029 3199 5036 _
3630 5021 3668 5036 ..

2181 5021 2240 5093 ut
2282 5046 2448 5162 pqnat
2485 5045 2685 5182 tJerram
2719 5021 2877 5093 tuam'
2892 5036 2946 5093 in
2971 5029 3369 5092 desolationem
3408 5025 3516 5101 [AL
3567 5021 3704 5080 soli-

2255 5119 2332 5164 ιιι(
2353 5125 2493 5165 tnem
2552 5125 2566 5163 3

2255 5119 2516 5165 tudineml
2552 5125 2566 5163 :

2101 5315 2318 5392 penitus
2341 5327 2460 5371 eam
2482 5313 2756 5392 ignorant,
2782 5314 3038 5392 et_locum
3055 5311 3212 5392 plane
3237 5308 3512 5392 contrario
3540 5319 3706 5392 sensu

2101 5379 2354 5454 sfferunt,
2387 5379 2562 5456 neque
2591 5379 3015 5444 adeo'videatur
3051 5379 3299 5457 potuisse
3339 5383 3442 5438 nisi
3483 5394 3548 5436 ex
3599 5379 3714 5433 lle-

2104 5459 2251 5514 braeo
2277 5458 2534 5514 derivari.

2179 5531 2314 5605 lflia
2344 5541 2630 5605 utrumque
2659 5531 2939 5601 exemplar
2966 5528 3226 5596 Canonis,
3267 5535 3321 5605 et
3358 5539 3491 5605 mss.
3520 5534 3712 5605 omnes

2105 5601 2323 5658 codices
2357 5593 2674 5667 Bibliorum,
2705 5593 3065 5670 nno'excepto
3107 5593 3421 5660 recentiori,
3455 5593 3544 5661 qui
3583 5593 3714 5670 legit

2107 5675 2397 5729 reverteris.
2428 5674 2484 5728 In
2514 5663 2934 5731 Commentariis
2958 5663 3173 5744 quoque
3193 5670 3414 5744 verbum
3443 5663 3717 5744 reverteris

2112 5747 2370 5816 scriptum
2402 5745 2629 5802 habetur
2656 5767 2667 5801 ’.
2694 5747 2790 5802 sed
2821 5747 3047 5817 perinde
3075 5743 3193 5809 est;
3227 5743 3388 5812 eligat
3428 5743 3722 5817 tt_nttsquis-_-

2113 5809 2400 5888 que-quod
2452 5820 2720 5889 voluerit;
2782 5809 3000 5891 quando
3051 5818 3105 5873 itt
3163 5809 3326 5873 sensu
3382 5809 3588 5866 nullum
3635 5814 3721 5862 est

2116 5893 2396 5948 damnum.
2421 5891 2602 5948 Mur.
2627 5939 2634 5945 .
