4114 6364
357 300 554 367 “855

452 425 720 486 Civitates
744 431 851 482 tuae
872 422 1247 486 vastabuntur,
1690 429 1720 456 ε

394 502 397 505 ’
595 504 945 554 remanentes
973 495 1176 564 absque
1205 487 1529 564 habitatore.

449 570 628 638 Super
658 569 761 638 hoc
789 566 1055 636 accingite
1085 559 1183 619 vos
1211 559 1403 616 ciliciis
1422 600 1439 628 ,

526 640 766 714 plangite
804 647 860 694 et
887 638 1090 693 ululate
1129 651 1163 714 :_
1259 702 1280 714 _
1409 701 1422 714 _
1476 700 1515 714 Ἀ
1617 699 1630 714 ,
1674 700 1687 713 ,

527 700 787 784 ἱιυὶεινηοη
810 718 911 784 est
923 705 1232 784 aver§_a_iran
1256 701 1455 784 furoris
1476 700 1689 758 Domini
1710 716 1743 759 a
1770 701 1947 760 nobis.

455 784 526 841 Et
546 774 657 839 erit
687 784 738 837 iu
767 783 856 836 die
880 780 1003 844 illa,
1038 777 1167 833 dicit
1198 774 1460 830 Dominus
1492 790 1506 827 :

527 854 736 911 Perihit
756 868 852 909 cor
882 850 1056 919 regis,
1085 855 1139 904 et
1160 862 1258 919 cor
1286 846 1589 916 principum
1621 860 1637 899 :

533 933 591 982 et
617 918 1005 995 obstupeseent
1033 918 1346 995 sacerdotes
1367 961 1382 986 ,

532 1005 587 1053 et
617 990 896 1066 propheta:
917 990 1433 1066 conste_rnabu_ntur_.

456 1068 527 1124 Et
546 1060 656 1123 (Ιίἱί
687 1060 864 1122 τἨειι
883 1105 898 1131 ,
923 1064 1029 1120 heu
1050 1104 1066 1129 ,
1099 1062 1203 1117 beu
1230 1102 1243 1124 ,
1277 1060 1505 1116 Domine
1544 1060 1724 1126 Deus,

459 1139 675 1211 Ergone
716 1136 981 1207 deeepisti
1020 1132 1280 1206 populum
1310 1133 1473 1188 istum
1501 1140 1557 1188 et
1576 1131 1882 1190 Jerusalem
1910 1172 1925 1200 ,
1960 1131 2052 1188 di-

599 1223 730 1266 cens
770 1226 784 1263 ε

529 1280 645 1338 Pax
666 1281 772 1337 erit
791 1279 945 1336 vobis
965 1297 976 1332 :
1345 1316 1352 1323 .

526 1362 585 1410 et
611 1367 740 1409 ecce
766 1350 1014 1421 pervenit
1033 1348 1242 1420 gladius
1264 1363 1436 1419 usque
1458 1346 1527 1421 ad
1559 1347 1833 1421 animam?

456 1422 521 1496 in
550 1419 792 1496 tempore
819 1423 916 1481 illo
944 1419 1157 1496 dicetur
1181 1421 1381 1491 popqu
1408 1419 1534 1496 huic
1556 1428 1613 1496 et
1638 1419 2002 1496 Jerusalem”;

458 1490 676 1553 Ventus
703 1509 867 1550 urens
897 1496 949 1549 in
976 1492 1102 1558 viis,
1146 1490 1269 1561 quae
1307 1500 1437 1547 sunt
1461 1492 1516 1546 in
1547 1490 1771 1547 deserto
1793 1491 1893 1546 vim.
1932 1491 2058 1545 filim

594 1564 714 1639 Γ[ΑΙ.
746 1565 861 1639 filii]
894 1563 1100 1639 populi
1115 1564 1258 1629 mei,

534 1631 644 1694 non
702 1638 772 1693 ad
823 1631 1197 1693 ventilanduni
1229 1642 1285 1690 et
1337 1633 1404 1688 ad
1437 1631 1545 1705 [ΑΙ.
1601 1647 1712 1689 non
1771 1632 1859 1706 ad]
1916 1648 2060 1705 pur-

604 1708 863 1764 nandum.

641 1724 863 1764 annum.

604 1725 863 1780 ganoum.

468 1779 706 1852 Spiritus
736 1781 928 1850 plenus
954 1793 1026 1834 ex
1050 1777 1134 1832 his
1149 1777 1333 1852 veniet
1371 1775 1500 1831 mihi
1546 1793 1559 1830 :

535 1862 591 1907 et
619 1845 761 1907 nunc
792 1866 895 1921 ego
925 1852 1116 1922 loquar
1141 1848 1342 1922 judicia
1366 1863 1485 1902 mea
1516 1862 1640 1922 cum
1671 1845 1771 1902 eis.
1804 1874 1809 1879 -

467 1923 614 1980 Ecce
639 1924 789 2005 quasi
818 1921 1310 1987 nubesascemlet,
1344 1930 1400 1975 ct
1423 1921 1583 1990 quasi
1618 1927 1917 1989 tempestas
1940 1933 2067 1976 cur-

612 2011 704 2049 l‘lls‘
740 2009 858 2049 CIIIS
886 2014 899 2048 ἶ

612 2012 704 2049 ΓιΙρ
740 2012 769 2049 0
798 2012 858 2047 IIS
886 2014 899 2048 ἶ

543 2012 853 2122 velocimJ-es
888 2064 1084 2136 aquilis
1110 2064 1234 2133 equi
1266 2064 1450 2120 illius:

540 2152 625 2192 vae
653 2137 836 2199 nobis.
861 2137 1119 2205 quoniam
1146 2137 1340 2191 vastati
1365 2149 1571 2189 sumus.

473 2207 617 2265 Lava
669 2224 699 2262 a
757 2204 963 2263 malitia
1006 2220 1105 2261 cor
1155 2216 1346 2274 tuum,
1408 2204 1753 2275 Jerusalem,
1806 2213 1865 2259 ut
1917 2205 2068 2262 salva

616 2280 714 2336 ﬁas
753 2298 767 2333 :

545 2365 825 2423 usquequo
856 2349 1217 2423 morabuntur
1240 2350 1296 2423 i_n
1330 2357 1385 2423 te
1410 2345 1769 2420 cogitationes
1800 2347 2022 2403 noxiae?

476 2421 595 2478 Vox
614 2418 759 2478 enim
784 2421 1159 2477 annuntiantis
1183 2437 1213 2474 a
1239 2418 1385 2489 Dan',

546 2503 606 2549 et
634 2501 819 2548 notum
850 2491 1101 2549 facientis
1131 2491 1341 2548 idolum
1369 2492 1439 2549 de
1465 2500 1650 2549 monte
1678 2489 1960 2563 Ephraim.

480 2564 653 2648 Dicite
683 2574 709 2602 ι
737 2563 1007 2648 gentibus
1038 2582 1053 2648 ξ

478 2636 623 2693 Ecce
648 2633 889 2691 auditum
930 2644 1014 2692 est
1043 2636 1097 2691 in
1121 2634 1445 2707 Jerusalem,
1489 2633 1742 2692 custodes
1768 2634 1960 2691 venire
2003 2634 2073 2692 de

620 2714 766 2779 terra
794 2707 1125 2779 longinqua,
1209 2778 1215 2779 ί
1470 2776 1534 2779 Α
1637 2754 1643 2761 .

454 2822 459 2831 .
550 2788 609 2834 et
627 2778 762 2835 dare
790 2776 1221 2851 [Alidederunt]
1248 2793 1410 2850 super
1432 2776 1684 2835 civitates
1712 2776 1851 2835 Juda
1881 2792 2074 2835 vocem

622 2863 774 2906 suam
783 2887 799 2904 ο

482 2919 648 2990 Quasi
685 2921 941 2977 custodes
985 2934 1241 2993 agrorum
1290 2920 1420 2978 facti
1458 2928 1586 2978 sunt
1629 2935 1796 2994 super
1850 2936 1970 2978 eam
2018 2921 2075 2979 in

696 3006 817 3049 I'O:

552 3007 887 3132 quiayrtiiead
915 3063 1248 3121 iracundiam
1275 3064 1593 3135 provocavit
1618 3108 1633 3134 ,
1661 3065 1736 3119 ait
1763 3063 2048 3121 Dominus.

482 3132 597 3191 Via!
622 3144 728 3192 tua:
745 3178 761 3204 ,
778 3144 849 3207 et
874 3135 1233 3207 cogitationes
1256 3132 1363 3192 tua:
1384 3132 1632 3192 fecerunt
1655 3135 1779 3193 iure
1806 3136 1900 3192 tibi
1934 3153 1948 3190 :

552 3207 655 3290 ἱειέ
683 3206 889 3290 velitis
920 3206 1042 3290 ιίξεν
1066 3208 1191 3290 quia,
1214 3222 1430 3290 amara»

551 3278 679 3349 quia
705 3276 813 3351 [AL
845 3286 978 3333 tacet
1004 3276 1151 3350 quia]
1179 3278 1349 3349 tetigit
1376 3293 1475 3334 cor
1497 3288 1669 3335 tuum.

482 3346 745 3406 Ventrem
773 3363 953 3421 meum
972 3389 990 3417 ,
1020 3346 1261 3421 ventrem
1278 3346 1463 3405 ineum
1494 3351 1682 3421 doleo,

553 3434 748 3477 sensus
766 3420 948 3478 cordis
971 3420 1081 3481 mei
1107 3421 1307 3478 turbati
1326 3430 1457 3478 sunt
1480 3422 1535 3477 in
1559 3437 1647 3479 me
1670 3420 1701 3475 ':

483 3490 606 3550 Non
631 3492 842 3560 tacebo,

555 3563 810 3635 quoniam
843 3578 1032 3622 vocem
1072 3562 1315 3623 buccinae
1340 3564 1552 3621 audivit
1575 3564 1755 3623 anima
1785 3578 1905 3622 mea
1926 3605 1942 3633 ,
1970 3564 2084 3621 cla-

628 3649 835 3691 morem
867 3635 1059 3706 praelii.

486 3704 754 3763 Contritio
780 3704 948 3777 super
973 3707 1355 3763 contritionem
1380 3716 1574 3765 vocata
1601 3716 1715 3777 est,

559 3785 616 3834 et
635 3785 846 3833 vastata
869 3787 952 3834 est
971 3778 1148 3834 omnis
1176 3788 1320 3835 terra
1351 3797 1364 3832 :

487 3848 733 3919 Repente
763 3858 974 3905 vastata
1005 3859 1131 3906 sunt
1161 3850 1510 3908 tabernacula
1532 3865 1649 3909 mea
1669 3891 1686 3919 ,

561 3918 740 3975 subito
761 3919 935 3990 pelles
961 3936 1117 3977 meae.

486 3988 782 4063 Usquequo
806 3990 1001 4047 videbo
1028 3992 1322 4063 fugientem
1349 4037 1364 4061 ,

559 4061 778 4135 audiam
809 4061 1323 4135 vocembu'ccinae?
1377 4122 1389 4135 ,

487 4131 629 4207 Quia
640 4133 843 4207 _st_ult_us_
866 4134 1098 4204 populus
1121 4151 1276 4193 meus
1303 4131 1392 4190 me
1419 4150 1527 4192 non
1548 4137 1801 4207 cognovit
1825 4155 1837 4190 :

559 4202 653 4259 lilii
685 4202 1007 4274 insipientes
1034 4215 1191 4275 sunt,
1220 4216 1276 4263 et
1308 4208 1573 4264 vecordes
1615 4202 1629 4261 ἐ

485 4273 773 4343 Sapientes
796 4273 928 4332 sunt
948 4318 969 4347 ν,
1020 4288 1078 4332 ut
1121 4273 1320 4333 faciant
1347 4279 1487 4335 mala
1512 4320 1529 4347 ,

560 4346 700 4403 bene
727 4355 908 4403 autem
934 4346 1116 4404 facere
1146 4350 1479 4406 nescierunt.

486 4415 689 4487 Aspexi
715 4425 916 4490 terram
940 4458 956 4486 ,
981 4428 1038 4476 et
1056 4432 1185 4475 ecce
1208 4434 1374 4476 vacua
1397 4430 1516 4477 erat
1538 4461 1555 4490 ,
1582 4428 1641 4479 et
1666 4420 1834 4490 nihil;

558 4497 612 4544 et
641 4489 829 4554 ctelos,
856 4499 1040 4546 etnon
1070 4498 1187 4546 erat
1215 4491 1307 4546 lux
1335 4491 1387 4547 in
1410 4494 1511 4548 eis.

490 4558 613 4615 Vidi
644 4570 891 4628 montes,
921 4569 977 4615 et
1004 4575 1134 4616 ecce
1153 4563 1547 4620 movebantur:

556 4639 613 4686 et
631 4644 824 4687 omnes
843 4631 1012 4687 colles
1036 4634 1346 4689 conturbati
1369 4646 1516 4691 sunt.

476 4701 707 4758 lntuitus
736 4717 856 4757 sum
875 4744 890 4771 ,
927 4711 984 4759 et
1009 4718 1116 4758 non
1140 4713 1260 4761 erat
1285 4705 1448 4762 homo
1482 4726 1496 4760 :

564 4782 620 4830 et
637 4788 799 4829 omne
820 4773 1042 4830 volatile
1071 4776 1195 4832 coeli
1218 4778 1470 4834 recessit.

488 4842 726 4914 Aspexi,
753 4852 809 4901 et
828 4859 954 4901 ecce
973 4842 1254 4903 Carmelus
1281 4848 1530 4908 desertus
1563 4869 1578 4905 :

560 4925 619 4972 et
642 4931 832 4989 omnes
859 4917 1023 4974 urbes
1053 4919 1174 4989 ejus
1206 4919 1501 4980 destructa:
1537 4929 1663 4980 sunt
1693 4937 1723 4978 a
1772 4920 1915 4980 facie
1969 4922 2080 4981 Do-

630 5003 761 5043 milli
787 5030 803 5053 ,
1310 5053 1313 5055 ,

555 5068 614 5115 et
639 5073 670 5113 a
699 5058 957 5135 facieuira:
972 5060 1185 5135 furoris
1214 5063 1367 5135 ejus,

484 5128 614 5186 Haec
642 5131 785 5186 enim
813 5132 945 5187 dicit
970 5128 1254 5191 Dominusl

488 5201 716 5258 Deserta
743 5202 852 5259 erit
874 5205 1053 5261 omnis
1083 5215 1250 5261 terra.

560 5273 658 5329 sed
683 5281 864 5330 tamen
887 5277 1410 5332 consummationem
1439 5292 1548 5335 non
1568 5277 1786 5336 faciam.

479 5343 715 5418 Lugebit
744 5354 891 5422 terra
910 5392 924 5414 ,
958 5355 1014 5402 et
1038 5348 1502 5422 mmrebuutcugli
1521 5352 1757 5422 desuper
1786 5368 1797 5404 :

434 5434 437 5439 ί
553 5432 623 5474 eo
648 5417 792 5489 quod
817 5418 1029 5475 locutus
1052 5433 1171 5474 sum
1195 5418 1302 5490 [AL
1331 5420 1487 5493 sim];

554 5566 585 5597 ⁸
611 5558 773 5637 Miror
798 5560 935 5637 quid
968 5574 1144 5637 causae
1187 5561 1497 5629 exstiterit,
1528 5571 1605 5637 ut,
1635 5579 1733 5636 pro
1764 5565 1918 5621 dicite
1936 5583 2073 5637 gen-

478 5632 636 5698 tibus,
669 5633 876 5704 legatur
924 5632 975 5686 in
1014 5632 1257 5699 Conone,
1305 5643 1361 5690 et
1399 5636 1610 5690 caeteris
1636 5632 1763 5691 Rus.
1817 5632 2072 5694 concitare

478 5712 656 5772 gentes
704 5720 720 5759 :
761 5704 1002 5759 maxime
1044 5719 1170 5759 cum
1222 5705 1274 5759 in
1320 5705 1479 5760 editis
1508 5715 1563 5762 et
1592 5722 1694 5761 ms.
1731 5707 1886 5764 libris
1907 5710 2072 5765 Cum-

476 5775 864 5850 montariorum
891 5774 1247 5850 Hieronymus
1264 5776 1425 5850 legat,
1438 5778 1593 5831 dicite
1610 5779 1864 5850 gentibus.
1885 5781 2064 5838 Mur.

549 5845 579 5885 δ
604 5845 782 5906 Illius
805 5844 944 5904 bene
992 5844 1189 5905 lectum
1218 5848 1274 5909 in
1314 5844 1750 5921 Commentario,
1798 5851 1931 5907 inter
1959 5867 2070 5908 mo-

1450 294 1512 353 S.
1555 291 1943 353 HIERONYMI
1982 289 2216 351 DIVlNA
2255 285 2732 351 BIBLIOTHECA.

2067 414 2123 474 Α
2218 408 2449 482 cogitavi
2475 450 2490 475 ,
2535 416 2592 466 et
2628 423 2738 464 non
2767 404 3020 482 paenituit
3059 418 3187 473 me,

2136 506 2145 509 -
2220 480 2321 538 nec
2353 496 2575 538 aversus
2597 494 2714 535 sum
2745 480 2814 533 ab
2835 495 2925 533 eo.

2142 554 2191 610 A
2220 568 2352 609 voce
2373 553 2567 623 equitis
2595 561 2650 609 et
2676 550 2940 608 mittentis
2968 548 3217 620 sagittam
3238 588 3253 614 ,
3289 546 3423 621 fugit
3444 547 3623 605 omnis
3670 548 3751 605 ci-

3638 283 3755 347 856

2287 641 2423 679 vuas
2448 644 2460 679 ἶ

2287 641 2318 676 ν
2448 644 2460 679 ἶ

2216 634 2447 766 ingiiagi
2478 704 2605 751 sunt
2626 694 2792 750 ardua
2813 735 2829 760 ,
2864 702 2918 749 et
2940 690 3309 748 ascenderunt
3336 704 3541 763 rupes:

2148 768 2428 826 Universae
2452 767 2612 823 urbes
2632 766 2903 822 derelicta:
2927 774 3085 832 sunt,

2219 849 2276 895 et
2303 856 2406 894 non
2437 840 2645 893 habitat
2671 840 2722 892 in
2755 839 2835 893 eis
2878 839 3062 893 homo.

2148 910 2229 968 'l’u
2256 920 2433 966 autem
2462 908 2817 981 vastata‘quid
2850 907 3060 964 facies?

2222 982 2625 1044 eumvestieris
2653 992 2706 1037 te
2734 982 2978 1038 coccino.

2222 1069 2345 1111 cum
2372 1064 2564 1110 ornata
2595 1053 2761 1109 fueris
2784 1050 2976 1107 monili
3001 1066 3191 1120 aureo,

2225 1135 2281 1182 et
2329 1126 2572 1235 pinxeris
2624 1124 2786 1182 stibio
2829 1125 3019 1179 oculos
3058 1132 3183 1180 tuos
3209 1162 3225 1191 ,
3278 1119 3484 1180 frustra
3525 1136 3762 1195 compo-

2296 1212 2443 1235 nam:

2296 1212 2444 1253 DBI‘IS
2467 1212 2484 1252 ἶ

2156 1267 2611 1339 ϐοηῑθηιρθοτιιηῑ
2636 1276 2688 1325 te
2710 1276 2980 1323 amatores
3000 1267 3077 1322 tui

2230 1342 2465 1396 animam
2491 1350 2635 1395 tuam
2663 1349 2930 1409 quaerent.

2160 1412 2362 1468 Vocem
2385 1412 2533 1467 enim
2561 1410 2717 1483 quasi
2747 1410 3097 1481 parturientis
3124 1409 3341 1477 audivi,

2233 1486 2513 1556 angustias
2541 1492 2600 1556 ut
2630 1498 2912 1556 puerpera:
2955 1502 2969 1536 :

2162 1550 2471 1612 Vox'tlliae
2524 1550 2656 1611 Sion
2714 1550 3229 1611 b'intermorientis
3290 1550 3772 1625 expaudentisque

2405 1645 2503 1682 lillS
2531 1645 2656 1683 SliaS
2697 1645 2714 1684 ζ

2405 1646 2433 1681 η
2564 1648 2589 1678 li
2697 1645 2714 1684 ζ

2236 1643 2557 1824 νωωῗιέἱῖιῗῗ
2591 1643 2717 1771 gina
2761 1696 2963 1754 defecit
3006 1697 3186 1754 anima
3237 1711 3358 1752 mea
3408 1707 3642 1770 propter
3690 1697 3772 1753 in-

2316 1781 2392 1824 ter
2420 1780 2588 1824 t’CiOS.
2826 1794 2831 1801 ‘

2316 1780 2588 1826 terli-ctos.
2826 1794 2831 1801 ‘

2091 1805 2142 1866 Β
2172 1805 2717 1914 [εαρίῦῆιΐδῖῗξιιῑιθ
2747 1843 2862 1897 vias
2884 1841 3189 1898 Jerusalem
3209 1882 3226 1908 ,

2242 1924 2298 1970 et
2323 1913 2577 1983 aSpicite,
2609 1922 2665 1970 et
2691 1915 3067 1980 COIISitiel'ale,

2240 1995 2294 2041 et
2318 1985 2547 2056 qumrite
2575 1985 2628 2040 in
2660 1985 2855 2055 plateis
2874 1987 3029 2051 ejus,

2243 2073 2311 2112 an
2335 2053 2631 2111 inveniatis
2661 2053 2837 2113 virum
2890 2057 3178 2113 facientem
3204 2053 3468 2128 judicium
3491 2095 3505 2123 ,
3537 2063 3591 2111 et
3624 2069 3776 2126 qum-

2315 2138 2523 2184 rentem
2551 2129 2711 2184 fidem
2744 2148 2755 2181 :

2241 2209 2298 2256 et
2328 2200 2598 2271 propitius
2627 2201 2893 2272 ernejus.

2171 2268 2400 2342 Quodsi
2433 2274 2626 2342 etiam,
2664 2268 2805 2328 Vivit
2833 2270 3129 2341 Dominus,
3171 2270 3414 2328 dixerint
3444 2287 3457 2324 :

2244 2354 2299 2399 et
2328 2344 2429 2400 hoc
2455 2341 2595 2399 falso
2627 2344 2908 2414 jurabuut.

2173 2414 2426 2482 Domine,
2457 2416 2601 2486 oculi
2632 2413 2707 2471 tui
2738 2417 3041 2486 respiciunt
3065 2413 3227 2471 fidem
3263 2432 3276 2469 :

2244 2485 2563 2557 percussisti
2595 2501 2693 2544 eos
2716 2527 2732 2556 ,
2763 2485 2956 2543 etnon
2982 2486 3281 2543 doluerunt
3312 2502 3328 2538 :

2245 2555 2506 2615 attrivisti
2565 2573 2704 2629 eos,
2760 2572 2817 2614 et
2875 2565 3177 2615 renuerunt
3230 2555 3483 2628 accipere
3537 2555 3783 2627 discipli-

2319 2645 2442 2685 nam
2469 2647 2484 2689 ζ

2176 2701 2576 2775 Induraverunt
2598 2701 2764 2758 facies
2786 2717 2913 2759 suas
2943 2716 3110 2774 super
3137 2712 3347 2775 pelram
3368 2743 3384 2772 ,

2249 2784 2307 2831 et
2327 2773 2618 2830 noluerunt
2648 2778 2871 2831 reverti.

2183 2844 2295 2917 Ego
2323 2854 2500 2901 autem
2529 2845 2641 2901 dixi
2675 2863 2691 2900 :
2997 2879 3004 2886 -

2251 2916 2498 2973 Forsitan
2532 2931 2798 2987 pauperes
2828 2924 2956 2973 sunt
2982 2926 3037 2975 et
3061 2916 3251 2983 stulti,

2252 2986 2562 3060 ignorantes
2591 2991 2731 3045 viam
2755 2989 2999 3056 Domini,
3029 2989 3295 3060 judicium
3322 2987 3418 3043 Dei
3447 2986 3551 3042 sui.

2177 3058 2466 3131 lbo‘igitur
2492 3061 2558 3116 ad
2591 3064 2883 3131 optimates
2905 3102 2920 3126 ,
2948 3072 3004 3115 et
3030 3058 3223 3132 loquar
3248 3058 3330 3132 eis
3365 3075 3405 3132 εΔ
3470 3130 3499 3132 Η
3544 3131 3551 3132 7
3613 3093 3618 3096 -

2255 3126 2360 3203 ἱρέί
2387 3133 2531 3215 enim
2550 3126 2922 3206 cognoverunt
2944 3134 3085 3189 viam
3107 3126 3360 3197 "Domini,
3386 3128 3657 3201 judicium
3687 3126 3782 3184 Dei

2323 3219 2433 3261 Slll.

2185 3274 2256 3332 Et
2281 3290 2413 3333 ecce
2442 3276 2613 3349 magis
2643 3276 2699 3333 hi
2729 3276 2890 3334 simul
2920 3275 3312 3350 confregerunt
3333 3275 3558 3348 jugum,

2213 3417 2239 3421 η
2256 3356 2521 3421 ruperunt
2548 3350 2783 3408 vincula.

2183 3416 2392 3475 Idcirco
2420 3422 2689 3490 percussit
2717 3436 2811 3477 eos
2835 3422 2921 3479 leo
2949 3421 3018 3478 de
3045 3421 3181 3477 silva
3203 3460 3220 3488 ,

2258 3491 2419 3563 lupus
2443 3490 2511 3547 ad
2541 3507 2822 3563 vesperam
2846 3494 3077 3549 vastavit
3105 3507 3203 3548 eos
3226 3537 3243 3562 ,

2256 3562 2460 3633 pardus
2487 3562 2721 3635 vigilans
2746 3580 2911 3636 supra
2940 3564 3192 3621 civitates
3217 3577 3409 3636 eorum
3443 3578 3457 3616 :

2184 3631 2409 3701 omnis,
2444 3631 2993 3705 qui'egresms'fuerit
3022 3652 3087 3692 ex
3118 3635 3200 3690 eis
3224 3677 3239 3701 ,
3268 3634 3515 3703 capietur
3546 3650 3560 3685 :

2257 3705 2384 3777 quia
2414 3705 2782 3778 multiplicata:
2811 3716 2937 3763 sunt
2969 3708 3448 3778 praevaricationes
3473 3716 3665 3761 eorum
3695 3740 3711 3768 ν

2259 3778 2578 3833 confortata:
2599 3788 2726 3834 sunt
2749 3780 3065 3834 aversiones
3093 3792 3306 3834 eorum.

2187 3845 2364 3922 Super
2392 3851 2789 3922 quoipropitius
2820 3851 2911 3906 tibi
2939 3866 3063 3907 esse
3094 3851 3321 3922 potero?

2260 3919 2356 3975 filii
2386 3921 2460 3975 tui
2488 3919 2895 3990 dereliquerunt
2920 3938 3007 3978 me
3027 3963 3043 3987 ,

2260 3991 2519 4065 etjurant
2548 3992 2602 4047 in
2627 3994 2709 4047 his
2737 3993 2830 4065 qui
2860 4009 2968 4065 non
2994 4003 3119 4049 sunt
3149 3992 3223 4049 dii
3256 4009 3269 4047 :

2187 4062 2593 4135 Satur-avieos,
2626 4074 2681 4120 et
2715 4062 2972 4130 mrechati
3004 4074 3165 4135 sunt,
3222 4074 3227 4079 '

2260 4145 2316 4190 et
2343 4135 2395 4189 iu
2427 4134 2591 4190 domo
2618 4137 2922 4192 meretricis
2955 4134 3388 4192 luxuriabautur.

2192 4204 2330 4265 Equi
2363 4216 2635 4263 amatores
2670 4219 2691 4246 ο
2724 4217 2780 4263 et
2813 4208 3087 4265 emissarii
3120 4209 3247 4263 facti
3274 4216 3421 4263 sunt.

2314 4277 2650 4348 nusquisque
2676 4278 2745 4334 ad
2775 4294 3000 4335 uxorem
3029 4280 3261 4349 proximi
3289 4279 3373 4333 sui
3405 4273 3709 4349 hiuuicbat.

2188 4346 2461 4419 Numquid
2486 4346 2651 4419 super
2677 4350 2761 4405 his
2783 4367 2890 4406 non
2920 4346 3185 4406 visitabo?
3208 4349 3339 4406 dicit
3364 4347 3648 4404 Dominus.

2261 4430 2317 4476 et
2346 4424 2399 4475 in
2428 4430 2589 4489 gente
2617 4422 2708 4477 tali
2738 4438 2845 4477 nou
2879 4422 3172 4478 ulciscetur
3196 4422 3384 4478 anima
3413 4419 3578 4476 mea?

2190 4491 2485 4547 Ascendite
2512 4508 2696 4548 muros
2721 4492 2840 4564 ejus
2865 4535 2880 4559 ,
2911 4503 2968 4550 et
2996 4493 3258 4560 dissipate
3277 4535 3293 4557 ,

2110 4581 2168 4644 ι)
2208 4632 2221 4644 _
2262 4565 2787 4644 consummationem
2810 4575 2990 4644 autem
3016 4566 3186 4621 nolite
3213 4564 3394 4621 facere
3426 4578 3441 4617 :

2191 4632 2418 4690 Auferte
2450 4637 2774 4706 prOpagines
2796 4637 2944 4707 ejus,

2264 4707 2387 4776 quia
2410 4722 2516 4762 non
2542 4718 2668 4764 sunt
2695 4710 2929 4764 Domini.

2191 4772 2653 4905 PrzetiaricTione
2696 4781 2845 4835 enim
2887 4780 3239 4852 prmvaricata
3267 4778 3435 4837 estin
3460 4789 3549 4834 me
3588 4772 3779 4831 domus

2358 4864 2479 4905 srae
2520 4891 2535 4905 .
3000 4874 3003 4877 λ
3260 4868 3264 4872 ·

2358 4864 2500 4906 srael
2520 4891 2535 4916 ,
3000 4874 3003 4877 λ
3260 4868 3264 4872 ·

2261 4930 2318 4977 et
2346 4921 2540 4977 domus
2568 4924 2707 4980 Juda
2736 4964 2750 4989 ,
2780 4923 2856 4978 ait
2884 4923 3166 4980 Dominus.
3218 4970 3229 4984 .

2189 4990 2534 5062 Negaverunt
2564 4995 2887 5063 Dominum,
2921 5005 2977 5050 et
3004 4995 3265 5052 dixerunt
3298 5012 3313 5050 :

2259 5065 2379 5121 Non
2404 5073 2490 5121 est
2515 5066 2632 5135 ipse
2653 5065 2760 5138 [AL
2793 5066 2920 5120 add.
2948 5066 3137 5138 locuti]
3165 5083 3183 5122 :

2261 5152 2440 5207 neque
2467 5138 2650 5192 veniet
2671 5152 2834 5206 super
2857 5152 2957 5194 uos
2985 5138 3187 5192 malum
3220 5153 3238 5192 :

2254 5209 2490 5278 gladium
2517 5220 2572 5264 et
2602 5207 2801 5264 famem
2829 5224 2934 5264 non
2954 5209 3278 5266 videbimus.

2181 5277 2473 5349 Propheta:
2500 5280 2712 5336 fuerunt
2744 5281 2800 5334 in
2831 5288 3048 5336 ventum
3075 5322 3090 5347 ,

2253 5363 2308 5422 et
2331 5366 2653 5422 responsum
2676 5367 2781 5407 non
2815 5351 2913 5406 fuit
2940 5352 2995 5407 in
3026 5352 3107 5408 eis
3134 5369 3149 5407 :

2252 5420 2370 5479 haec
2394 5420 2523 5494 ergo
2552 5425 2807 5481 evenient
2831 5422 2965 5481 illis.

2179 5568 2367 5623 riemes
2390 5569 2860 5640 expandentesque,
2892 5578 3000 5625 etc.
3023 5571 3031 5585 ‘

2253 5651 2276 5679 ο
2308 5637 2541 5718 Additur
2583 5637 2961 5718 incolumem.
3000 5642 3054 5697 in
3082 5640 3332 5718 (munus,
3357 5649 3412 5696 et
3445 5639 3496 5693 in
3523 5637 3629 5692 fine
3654 5642 3770 5718 ver;

2177 5727 2294 5786 sus,
2321 5712 2480 5779 mihi,
2506 5728 2570 5786 ex
2594 5712 2770 5776 LXX;
2804 5728 2983 5786 neque
3009 5715 3159 5772 enim
3190 5722 3389 5773 sonant
3411 5726 3494 5769 eae
3523 5722 3683 5768 voces
3708 5712 3759 5762 in

2179 5783 2409 5842 Hebraeo
2438 5784 2760 5856 archetypo.
