4114 6364
312 459 446 517 Hzec
467 458 598 517 dicit
619 457 883 516 Dominus
904 459 1051 514 Deus
1076 456 1417 515 exercituum
1449 473 1463 512 :

391 533 526 601 Quia
554 534 718 588 locuti
747 534 877 585 estis
905 532 1128 586 verbum
1159 530 1303 585 istud
1336 545 1352 583 :

394 599 523 661 ecce
543 619 645 674 ego
672 604 740 657 do
771 604 933 658 verba
961 620 1077 658 mea
1109 603 1284 658 inore
1310 601 1487 674 tuoin
1520 599 1696 674 ignem
1717 642 1732 666 ,

396 685 452 733 et
479 670 736 747 populum
788 675 948 731 istum
981 677 1121 745 ligna
1153 674 1261 748 [AL
1299 675 1354 729 in
1393 673 1595 745 ligna],
1627 681 1684 728 et
1704 670 1916 728 vorabit

466 764 584 806 COS.

319 819 466 878 Ecce
493 837 597 894 ego
638 822 904 894 adducam
946 836 1109 894 super
1133 835 1231 894 vos
1277 826 1492 890 gentem
1518 814 1588 874 de
1618 815 1915 887 longinquo

467 892 664 949 do'mus
688 893 892 959 Israel,
925 893 1000 947 ait
1024 892 1283 947 Dominus
1310 908 1325 956 ;

394 976 612 1037 gentem
641 967 920 1021 robustam
939 1007 951 1025 .
985 973 1197 1037 gentem
1227 963 1533 1034 antiquam,

395 1036 642 1107 gentem,
673 1039 827 1106 cujus
853 1037 1124 1106 ignorabis
1153 1036 1424 1106 linguam,

399 1124 500 1165 nec
525 1109 790 1178 intelliges
817 1107 946 1167 quid
972 1109 1246 1178 loquatur.

318 1178 588 1236 Pharetra
619 1180 735 1252 ejus
761 1180 916 1252 quasi
945 1180 1252 1250 sepulcrum
1281 1188 1474 1250 patens
1497 1217 1512 1243 ,

398 1253 638 1308 universi
663 1251 853 1307 fortes.

320 1323 395 1378 Et
419 1324 669 1380 comedet
691 1334 904 1388 segetes
937 1332 1056 1377 tuas
1079 1365 1094 1388 ,
1125 1331 1181 1377 et
1208 1335 1401 1392 panem
1428 1329 1580 1376 tuum
1614 1338 1628 1374 :

397 1396 681 1452 det-orabit
711 1395 850 1451 ﬁlios
872 1406 1030 1462 tuos,
1066 1403 1122 1450 et
1152 1395 1288 1449 tilias
1322 1406 1439 1449 tuas
1471 1414 1482 1449 :

397 1469 648 1524 comedet
676 1483 896 1537 gregem
930 1479 1078 1522 tuum
1106 1511 1120 1534 ,
1150 1478 1200 1522 et
1234 1474 1477 1520 armenta
1506 1473 1593 1518 ttta
1624 1482 1637 1518 :

399 1540 649 1596 comedet
670 1541 882 1595 vineam
915 1547 1056 1593 tuam
1077 1581 1090 1603 ,
1120 1547 1174 1592 et
1198 1541 1353 1592 ﬁcum
1389 1547 1530 1589 tuam
1567 1555 1576 1588 :

395 1620 447 1666 et
469 1621 714 1667 conteret
742 1613 904 1667 urbes
928 1613 1161 1666 munitas
1191 1620 1309 1664 tuas
1329 1651 1344 1676 ,
1372 1609 1424 1663 in
1450 1609 1644 1679 quibus
1667 1617 1722 1663 tu
1748 1605 1918 1661 habes

469 1681 719 1738 ﬁduciam
749 1725 762 1744 ,
797 1683 996 1754 gladio.

320 1754 712 1811 Verumtamen
741 1751 1017 1810 iu'diebus
1048 1753 1190 1820 illis,
1222 1753 1299 1806 ait
1329 1751 1590 1806 Dominus
1610 1791 1626 1818 ,

399 1842 505 1880 non
535 1827 723 1882 faciam
753 1843 850 1880 vos
877 1827 928 1881 in
961 1829 1504 1880 consummationem.

320 1897 479 1966 Quod
510 1901 554 1953 si
581 1899 828 1954 dixeritis
862 1915 874 1951 :
904 1899 1084 1965 Quare
1113 1895 1243 1951 fecit
1265 1895 1527 1951 Dominus
1559 1893 1700 1948 Deus
1728 1900 1916 1948 noster

469 1971 624 2025 nobis
655 1969 771 2026 haec
794 1971 1010 2026 omnia?

397 2040 547 2098 dices
575 2043 640 2095 ad
672 2058 804 2099 eos:

320 2112 478 2169 Sicut
497 2113 868 2184 dereliquistis
890 2128 1002 2182 me,
1031 2119 1086 2168 et
1107 2110 1347 2168 servistis
1360 2108 1464 2165 deo
1487 2106 1668 2165 alieno
1689 2106 1743 2163 in
1773 2115 1914 2164 terra

467 2194 644 2242 vestra
671 2227 685 2250 ,

395 2259 474 2312 sic
504 2258 757 2313 servietis
787 2258 979 2313 alienis
1004 2257 1056 2312 in
1084 2269 1226 2312 terra
1253 2270 1365 2311 non
1394 2261 1595 2308 vestra.

318 2329 656 2385 Annuntiate
689 2331 791 2385 hoc
817 2331 1000 2385 domui
1023 2328 1212 2393 .lacob,

375 2410 448 2455 .et
471 2403 709 2457 auditum
741 2403 901 2456 facile
932 2403 984 2456 itt
1017 2401 1153 2456 Juda
1182 2442 1196 2465 ,
1227 2399 1472 2453 (licentes
1502 2414 1517 2452 :

320 2471 466 2528 Audi
493 2517 508 2542 ,
545 2475 738 2542 popule
766 2475 932 2529 stulte
951 2515 964 2538 ,
992 2473 1082 2543 qui
1106 2488 1211 2527 non
1244 2470 1416 2543 habes
1437 2484 1530 2525 cor
1563 2485 1577 2522 :

392 2544 483 2614 qui
511 2547 771 2601 habentes
798 2542 1026 2606 oculos,
1053 2558 1158 2598 non
1199 2542 1394 2598 videtis
1427 2557 1441 2595 :

379 2626 450 2684 ,et
479 2631 665 2682 aures,
690 2626 744 2672 et
771 2634 874 2670 non
903 2615 1121 2671 auditis.

318 2687 406 2742 Me
432 2702 561 2752 ergo
590 2704 692 2742 non
727 2689 985 2746 timebitis
1009 2729 1024 2754 ,
1059 2687 1136 2740 ait
1165 2685 1429 2740 Dominus
1457 2701 1472 2738 :

391 2771 446 2812 et
477 2774 507 2813 a
534 2759 672 2814 facie
704 2776 821 2815 mea
851 2776 956 2818 non
986 2757 1283 2814 dolebitis?

316 2827 421 2897 Qui
448 2831 601 2898 posui
632 2847 850 2886 arenam
882 2833 1174 2886 terminum
1205 2829 1376 2894 mari,

391 2913 724 3027 primiceptum
787 2905 1223 2974 sempiternmn,
1288 2899 1432 2972 quod
1490 2913 1599 2955 non
1664 2897 1915 2969 prmtcri-

505 2983 582 3027 :t:

319 3043 392 3099 Et
419 3047 921 3112 eummovebuutur,
954 3056 1009 3102 et
1037 3063 1144 3101 non
1178 3053 1435 3111 poterunt
1465 3059 1480 3097 :

391 3118 862 3244 et.lilntlumescent
911 3118 1104 3174 ﬂuctus
1151 3117 1311 3188 ejus,
1357 3126 1556 3172 etnon
1607 3111 1912 3169 transibunt

463 3204 476 3242 ι
527 3205 556 3244 ιι
623 3206 638 3244 :
920 3237 924 3240 .

463 3204 592 3244 ΙΙΙυο
623 3206 638 3245 2

316 3237 764 3330 Populo—ament
817 3237 946 3318 huic
991 3261 1189 3318 factum
1221 3270 1306 3318 est
1347 3276 1443 3318 eor
1491 3256 1829 3317 incredulum
1857 3263 1912 3313 et
1937 3241 1984 3305 C

462 3348 794 3400 exasperatis
819 3374 834 3400 ,

387 3416 736 3461 recesserunt
765 3418 821 3462 et
849 3407 1120 3461 abierunt.

316 3473 386 3529 Et
417 3493 522 3530 non
554 3477 809 3534 dixerunt
848 3478 899 3533 in
931 3477 1099 3533 corde
1127 3490 1265 3532 suo:

389 3548 1002 3626 Melitamtts_l_)um_intttn
1035 3549 1202 3603 Deum
1235 3555 1478 3602 nostrum
1513 3587 1529 3612 ,
1751 3615 1779 3626 γ’

389 3622 479 3692 qui
512 3620 605 3675 dat
629 3621 783 3676 nobis
817 3622 1052 3691 pluviam
1098 3629 1502 3692 temporaneam
1533 3626 1587 3674 et
1615 3620 1912 3672 serotinam

461 3691 514 3746 iu
545 3701 790 3762 tempore
816 3708 915 3749 suo
936 3733 951 3757 ,

389 3763 780 3892 plebuitudmem
838 3780 1035 3821 annuae
1094 3763 1291 3819 messis
1353 3761 1754 3817 custodientem
1812 3776 1913 3817 no-

502 3850 564 3891 is.

502 3850 564 3891 IS.

317 3905 633 3977 luiquitates
661 3917 687 3945 α
719 3917 916 3964 vestrae
951 3909 1364 3965 declinaverunt
1391 3905 1508 3959 hmc
1539 3921 1554 3959 :

390 3975 442 4056 et
473 3989 704 4056 peccata
723 3989 900 4035 vestra
929 3980 1324 4056 prohibuerunt
1347 3978 1543 4056 bonum
1577 3991 1610 4056 a_
1636 3975 1794 4056 vobis
1828 3991 1840 4028 :

323 4047 706 4119 Quia'inventi
747 4062 875 4107 sunt
925 4047 978 4108 in
1010 4052 1208 4124 populo
1238 4064 1362 4106 meo
1398 4047 1548 4120 impii
1596 4047 1917 4104 insidiantes

463 4125 618 4195 quasi
649 4139 886 4193 aucupes
907 4167 922 4192 ,
1177 4194 1182 4195 ί
1289 4131 1296 4136 ’

393 4190 615 4266 laqueos
661 4190 925 4268 ponentes
981 4204 1037 4253 et
1087 4194 1307 4266 pedicas
1357 4192 1424 4249 ad
1472 4190 1772 4263 capiendos
1829 4190 1917 4246 vi-

462 4283 571 4324 1⁸08.

321 4335 472 4412 Sicut
500 4340 747 4411 decipula
780 4341 939 4412 plena
970 4341 1193 4412 avibus,

390 4410 472 4485 sic
499 4410 689 4467 domus
719 4410 906 4485 eorum
935 4416 1110 4485 plena!
1138 4411 1304 4485 dolo;

393 4483 514 4537 ideo
548 4483 875 4553 magniﬁcati
904 4483 1028 4539 sunt
1054 4493 1108 4540 et
1137 4483 1312 4537 dilati.

318 4553 609 4608 lucrassati
641 4563 764 4608 sunt
790 4568 844 4610 et
873 4553 1195 4626 impiuguati
1222 4570 1236 4607 ε

391 4635 443 4678 et
487 4625 863 4694 praeterierunt
884 4622 1166 4682 sermones
1197 4640 1346 4680 meos
1378 4622 1633 4694 pessime.

315 4695 550 4750 Causam
573 4692 600 4731 δ
633 4709 736 4748 non
762 4696 1173 4761 iudicaverunt,

388 4780 608 4820 causam
643 4767 826 4835 pupilli
860 4783 968 4822 non
997 4768 1344 4832 direxerunt,

389 4846 445 4892 et
468 4837 731 4903 judicium
768 4854 1068 4908 pauperum
1103 4857 1206 4895 non
1232 4840 1634 4910 judicaverunt.

317 4908 592 4980 Numquid
625 4925 788 4980 super
816 4913 898 4965 his
926 4925 1033 4989 non
1065 4908 1334 4989 visitabo?
1361 4911 1492 4966 dicit
1514 4909 1799 4989 Dominus.
1870 4976 1882 4989 ε

389 4990 482 5036 aut
513 4997 681 5052 super
705 4991 920 5056 gentem
946 4983 1318 5053 hujuscemodi
1347 4999 1453 5038 non
1477 4983 1772 5037 ulciscetur
1795 4983 1916 5037 ani-

462 5069 546 5108 ma
576 5055 733 5109 mea?

318 5123 521 5194 Stupor
549 5135 603 5180 et
633 5127 901 5182 mirabilia
931 5125 1072 5182 facta
1103 5136 1231 5182 sunt
1262 5127 1314 5180 in
1349 5133 1495 5182 terra
1521 5145 1534 5180 :

388 5196 676 5265 Propheta:
708 5198 1107 5268 prophetabant
1136 5198 1474 5252 mendacium
1499 5243 1512 5267 ,

390 5278 444 5324 et
471 5267 780 5325 Sacerdotes
810 5267 1206 5340 applaudebant
1236 5269 1483 5324 manibus
1523 5267 1658 5324 suis.

322 5340 389 5394 Et
418 5343 644 5412 populus
671 5357 828 5398 meus
858 5341 1048 5397 dilexit
1077 5342 1198 5397 talia
1228 5359 1242 5394 :

392 5491 419 5520 ³
446 5484 800 5555 Manuscripti
839 5500 1029 5541 omnes
1078 5484 1292 5539 codices
1337 5483 1633 5540 Bibliorum
1687 5497 1786 5552 pro
1827 5496 1915 5538 se-

317 5555 492 5610 cunda
546 5572 772 5624 persona
813 5558 1041 5626 primam
1099 5557 1320 5622 habent,
1373 5570 1570 5624 nempe
1613 5555 1911 5624 iniquitates

318 5639 511 5682 ηοεινίε
540 5644 558 5681 :
598 5629 756 5696 idque
805 5629 1127 5683 manifestus
1166 5638 1247 5682 est
1289 5643 1444 5682 error
1469 5629 1910 5694 exscriptorum:

316 5699 400 5769 uti
425 5713 490 5753 ex
512 5702 971 5769 consequentibus
1001 5699 1157 5755 facile
1191 5699 1404 5768 probari
1437 5708 1628 5766 potest.
1657 5698 1835 5752 Mser.

334 5821 344 5837 ,
390 5768 418 5806 b
444 5769 643 5826 Nomen
671 5768 859 5834 vidum,
884 5770 1028 5841 quod
1047 5770 1134 5827 hic
1155 5773 1208 5827 in
1228 5770 1623 5842 exemplaribus
1647 5769 1907 5833 (Sationis.

319 5841 484 5912 inque
531 5843 802 5896 nonnullis
848 5843 971 5898 aliis
999 5858 1129 5897 mss.
1172 5841 1448 5900 codicibus
1469 5842 1728 5912 scriptum
1753 5857 1910 5905 repe-

320 5911 480 5984 ritur,
508 5912 663 5970 abest
689 5913 743 5970 in
774 5921 922 5971 textu
947 5913 1209 5974 Hebraico
1241 5932 1256 5972 :
1295 5929 1394 5973 nec
1425 5913 1559 5972 illud
1584 5911 1910 5986 repraesen-

1443 343 1647 401 LlBER
1683 339 2010 401 JEBEMUE
2051 340 2468 404 PROPHETIE.

1941 461 1992 518 Α

3513 346 3618 407 858

2092 459 2219 529 quid
2248 460 2410 524 igitur
2439 461 2529 517 ﬁet
2556 461 2608 517 in
2638 461 2935 519 novissimo
2957 461 3110 530 ejus?

2022 528 2184 608 [capi
2210 531 2322 603 VL]
2359 533 2786 608 _Conl‘ortamini,
2839 535 2936 591 lilii
2971 528 3255 608 Benjamin
3280 575 3295 602 ,
3341 535 3396 593 in
3437 534 3619 594 medio

2158 604 2460 658 Jerusalem
2488 647 2503 672 ,

2090 687 2144 728 et
2173 675 2226 729 in
2255 675 2478 750 '[hecua
2505 677 2742 746 clangite
2772 678 2998 736 buccina
3017 720 3033 747 ,

2090 756 2145 816 et
2173 747 2334 816 super
2363 747 2754 805 Bethacharetn
2787 750 2960 806 levate
2990 751 3242 806 vexillum
3271 770 3285 807 :

2017 815 2150 886 Quia
2175 815 2574 895 malumvisutn
2607 832 2691 878 est
2714 824 2781 878 ab
2803 823 3090 895 aquilone,

2091 899 2147 944 et
2174 891 2428 947 contritio
2453 907 2666 961 magna.
2853 891 2868 895 ⁷
2940 956 2943 960 ,

2018 961 2291 1030 Speciosae
2320 971 2376 1018 et
2397 963 2649 1021 delicatae
2674 966 2970 1022 assimilavi
3001 967 3162 1022 ﬁliam
3191 965 3343 1023 Sion.

2019 1033 2244 1109 Ad_eam
2273 1037 2493 1109 venient
2514 1047 2792 1106 pastores,
2825 1046 2882 1093 et
2905 1054 3099 1109 greges
3125 1054 3314 1094 eorum
3345 1055 3359 1092 :

2090 1104 2330 1162 ﬁxerunt
2355 1107 2408 1163 in
2437 1122 2498 1162 ea
2514 1104 2760 1164 lentoria
2791 1109 2846 1164 in
2876 1104 3108 1166 circuitu
3143 1126 3157 1164 :

2089 1187 2292 1304 pascett
2337 1179 2706 1251 unusquisque
2764 1197 2906 1249 eos;
2974 1183 3067 1253 qui
3127 1181 3230 1238 sub
3285 1196 3449 1237 manu
3513 1194 3610 1236 sua

2161 1263 2264 1303 Sllll
2298 1288 2311 1304 ο
2833 1278 2836 1282 ’

2022 1318 2368 1377 Sanetiﬁcate
2391 1336 2555 1393 super
2575 1339 2694 1379 eam
2726 1324 2924 1381 bellum
2955 1343 2970 1380 :

2091 1396 2401 1464 consurgite
2419 1435 2434 1457 ,
2467 1404 2523 1449 et
2546 1398 2905 1452 ascendamus
2931 1395 2986 1451 in
3013 1395 3281 1453 meridie:

2019 1462 2113 1518 νω
2144 1462 2338 1532 nobis,
2371 1466 2497 1536 quia
2531 1467 2828 1524 declinavit
2855 1468 3002 1532 dies,

2090 1537 2215 1611 quia
2245 1536 2516 1607 longiores
2551 1543 2699 1594 lactze
2723 1550 2850 1595 sunt
2873 1541 3082 1597 umbrae
3112 1539 3352 1611 vesperi.

2019 1606 2235 1676 Surgite
2253 1650 2266 1666 .
2288 1606 2360 1680 et
2379 1611 2734 1666 aseeudamus
2765 1615 2815 1666 iu
2849 1623 3006 1668 nocte
3022 1655 3037 1680 ,

2091 1688 2146 1752 et
2169 1679 2494 1752 dissipemus
2516 1685 2706 1737 domos
2735 1685 2877 1752 ejus.

2020 1749 2153 1818 Quia
2185 1749 2300 1806 hzec
2323 1751 2453 1806 dicit
2483 1755 2742 1810 Dominus
2763 1749 3097 1811 exercituum
3121 1771 3136 1808 :

1945 1851 1992 1914 Β
2093 1820 2700 1914 (ia;dite.lignume'jus,

2090 1905 2143 1948 et
2169 1893 2537 1969 funditecirca
2566 1893 2872 1969 Jerusalem
2900 1912 3156 1969 aggerem
3184 1915 3195 1951 :

2021 1965 2146 2020 Haec
2176 1975 2259 2021 est
2287 1967 2479 2022 civitas
2508 1968 2874 2036 visitationis,

2089 2036 2266 2092 omnis
2289 2038 2562 2111 calumnia
2595 2041 2650 2096 in
2682 2041 2861 2096 medio
2887 2040 3022 2111 ejus.

2016 2108 2171 2183 Sicut
2199 2110 2448 2183 frigidam
2488 2111 2613 2168 t'aeit
2643 2113 2874 2168 cis-terna
2899 2108 3095 2183 aquam
3119 2125 3308 2182 suam,

2090 2181 2168 2235 sic
2196 2181 2440 2251 frigidam
2475 2183 2600 2238 fecit
2628 2184 2887 2238 malitiam
2913 2181 3068 2238 suam
3103 2201 3118 2240 :

2019 2252 2278 2323 lniquitas
2301 2261 2359 2308 et
2389 2256 2614 2310 vastitas
2637 2255 2886 2311 audietur
2911 2256 2965 2310 in
2986 2271 3050 2310 ea
3070 2296 3086 2320 ,

2161 2339 2342 2400 coram
2369 2342 2455 2381 me
2483 2343 2702 2398 semper
2731 2328 3020 2383 inﬁrmitas
3049 2335 3105 2383 ct
3135 2327 3310 2400 plaga.

2020 2395 2284 2460 Erudire,
2310 2395 2644 2466 Jerttsaletti,

2089 2482 2158 2521 ne
2187 2468 2325 2523 forte
2353 2471 2573 2525 recedat
2601 2471 2780 2525 anima
2823 2484 2939 2524 mea
2964 2483 2993 2523 a
3021 2478 3105 2538 te,

2088 2553 2157 2592 ne
2182 2539 2321 2595 forte
2347 2556 2537 2605 ponam
2563 2553 2613 2596 te
2630 2543 2926 2609 desertam,

2090 2619 2287 2665 terram
2315 2611 2738 2671 inhabitabilem.

2018 2681 2144 2736 Haec
2167 2681 2296 2737 dicit
2321 2684 2578 2740 Dominus
2599 2687 2938 2742 exercituum
2971 2703 2984 2740 :

2091 2753 2270 2824 Usque
2295 2755 2362 2829 ad
2394 2772 2665 2814 racemum
2713 2758 2968 2829 eolligent
3010 2755 3165 2828 quasi
3205 2754 3259 2812 itt
3290 2754 3448 2811 vinea
3479 2753 3611 2810 reli-

2163 2831 2314 2895 qttias
2344 2827 2506 2884 Israel
2535 2848 2547 2883 :
2848 2827 2863 2829 “
3028 2827 3042 2828 ί
3296 2870 3298 2873 .

2017 2899 2286 3024 Convlerle
2322 2915 2540 2956 manum
2565 2910 2710 2957 tuam
2738 2901 2895 2974 quasi
2925 2899 3289 2957 vindemiator
3326 2897 3393 2954 ad
3415 2897 3615 2954 cartal-

2186 2986 2294 3024 tun.

2186 2986 2294 3027 υιη.

2017 3040 2115 3097 Cui
2143 3042 2371 3110 loquar?

2089 3124 2143 3168 et
2165 3129 2326 3185 quem
2356 3117 2725 3182 contestabor,
2759 3126 2817 3170 ιιι
2842 3116 3068 3171 audiat?

2019 3184 2162 3241 Ecce
2183 3184 2592 3244 incircumcisaa
2622 3205 2782 3245 aures
2809 3204 2997 3244 eorum
3027 3231 3042 3257 ,

2089 3268 2143 3313 et
2169 3259 2356 3315 audire
2381 3276 2487 3315 non
2518 3270 2742 3321 possunt
2773 3278 2784 3314 :

2018 3327 2161 3385 Ecce
2225 3331 2445 3387 verbum
2505 3333 2718 3388 Domini
2773 3333 2974 3388 factum
3040 3339 3125 3388 est
3186 3329 3266 3387 eis
3317 3329 3369 3383 itt
3421 3340 3616 3398 oppro-

2162 3401 2338 3457 brium
2356 3449 2370 3471 ,

2089 3483 2142 3527 et
2169 3489 2274 3528 non
2307 3475 2607 3542 suseipient
2634 3475 2786 3531 illud.

2017 3541 2222 3618 Idcirco
2255 3545 2434 3603 furore
2452 3541 2662 3603 Domini
2689 3551 2881 3618 plenus
2906 3560 3025 3601 sum
3046 3585 3062 3613 ,

2092 3617 2328 3673 laboravi
2357 3621 2634 3674 sustinens
2659 3637 2671 3674 :

1952 3731 1953 3738 η
2020 3686 2246 3744 Είΐυηᾱε
2273 3703 2436 3760 super
2455 3691 2736 3761 parvulum
2766 3689 2930 3754 loris,

2091 3771 2146 3814 et
2173 3759 2349 3832 super
2370 3759 2655 3818 consilium
2691 3759 3141 3832 juvenum‘simul
3173 3778 3185 3812 :

2019 3829 2118 3886 Vir
2139 3829 2283 3888 enim
2312 3848 2435 3888 cum
2459 3829 2972 3903 muliere—capietur,

2091 3917 2256 3959 senex
2285 3921 2408 3960 cuin
2444 3907 2602 3975 pleno
2641 3905 2878 3960 dierum.

2020 3973 2092 4028 Et
2123 3973 2650 4032 Iransibuntdomus
2671 3993 2857 4033 eorum
2886 3975 2953 4033 ad
2983 3975 3194 4032 alteros
3215 4015 3230 4043 ,

2092 4049 2207 4117 agri
2235 4057 2290 4102 et
2317 4063 2516 4103 uxores
2548 4047 2750 4116 pariter
2783 4067 2796 4102 :
2855 4061 2860 4066 ‘

2020 4113 2156 4186 Quia
2189 4121 2480 4181 extendam
2523 4113 2742 4176 manum
2773 4136 2950 4176 meam
2982 4135 3146 4190 super
3170 4113 3481 4172 habitantes
3516 4120 3624 4165 lcr-

2166 4206 2314 4256 ram,

2092 4261 2225 4317 dicit
2254 4263 2537 4320 Dominus.

2021 4333 2068 4389 Α
2098 4337 2309 4390 minore
2335 4337 2534 4407 quippe
2566 4351 2736 4407 usque
2763 4336 2827 4391 ad
2861 4336 3127 4406 majorem
3153 4343 3346 4387 omnes
3375 4333 3622 4382 avaritiae

2163 4409 2383 4462 student
2410 4426 2422 4460 :

2090 4485 2146 4534 et
2163 4493 2205 4605 (iit
2236 4479 2496 4604 propheta
2539 4494 2714 4550 usque
2742 4480 2810 4535 ad
2841 4477 3182 4535 sacerdotem
3214 4470 3391 4527 cuncti
3419 4467 3625 4524 faciunt

2203 4568 2232 4603 o
2260 4567 2368 4605 um.
3187 4573 3189 4576 ‹

2203 4552 2368 4605 olum.
3187 4573 3189 4576 ‘

1939 4643 1994 4703 Ι)
2025 4621 2088 4676 Ει
2114 4623 2373 4703 curabant
2393 4624 2787 4703 eontritionem
2815 4622 2942 4677 ﬁlice
2966 4618 3150 4699 populi
3178 4615 3284 4673 mei
3314 4627 3438 4670 cum
3472 4611 3626 4682 ῑεηυ-

2164 4693 2329 4748 minia
2347 4736 2361 4760 ,
2393 4694 2635 4753 dicentes
2672 4712 2687 4750 :

2092 4764 2233 4830 Pax,
2269 4782 2368 4832 pax
2397 4783 2412 4831 ;

2092 4845 2154 4909 et
2181 4851 2286 4892 non
2310 4846 2430 4892 erat
2449 4853 2574 4909 pax.

2020 4907 2245 4964 Confusi
2277 4918 2398 4963 sunt
2423 4951 2438 4976 ,

2093 4980 2220 5044 quia
2246 4980 2704 5037 abominationem
2740 4981 2985 5037 fecerunt
3013 4998 3024 5033 :

2021 5050 2161 5117 Quin
2198 5053 2372 5120 potius
2401 5055 2720 5110 confusione
2754 5070 2862 5108 non
2890 5059 3017 5108 sunt
3037 5046 3285 5112 confusi,

2093 5132 2148 5177 et
2167 5125 2491 5180 erubescere
2520 5131 2856 5182 nescierunt.

2019 5195 2189 5262 Quam
2217 5196 2287 5251 ob
2319 5213 2430 5250 rem
2466 5197 2663 5252 cadent
2685 5199 2824 5252 inter
2854 5204 3076 5252 ruentes
3110 5211 3124 5246 :
3300 5261 3332 5266 η
3374 5259 3385 5266 _
3441 5259 3475 5266 ,
3585 5255 3597 5266 ,

2091 5268 2144 5321 iu
2183 5276 2429 5338 tempore
2462 5271 2786 5325 visitationis
2813 5283 2931 5324 sua:
2958 5271 3216 5323 corruent
3237 5305 3251 5330 ,
3280 5259 3414 5318 dicit
3441 5259 3627 5314 Domi-

2168 5355 2290 5395 nus.

2021 5482 2462 5554 tavitSpcculum
2497 5483 2672 5538 sancti
2703 5480 3016 5556 Augustini,
3069 5494 3169 5556 nec
3217 5473 3621 5556 Commentaria

2019 5547 2556 5628 sancti'llicronymi
2581 5557 2728 5628 vocis
2776 5547 2936 5624 h'ujus
2982 5552 3300 5606 meminere.
3336 5547 3617 5628 ᾼιιδοὶιιξιη

2022 5637 2173 5695 puto,
2227 5629 2340 5683 sive
2378 5618 2618 5682 additum
2666 5618 3226 5690 librariorumierrore
3267 5637 3280 5674 :
3334 5618 3438 5674 hoc
3469 5618 3614 5696 enim

2024 5686 2304 5775 manifeste
2338 5700 2566 5775 probant
2592 5699 2836 5775 quaedam
2869 5686 3198 5775 exemplaria
3216 5705 3513 5775 sacrorum

2018 5759 2388 5840 bliorum,ubi
2422 5759 2710 5827 recentiori
2759 5785 2921 5826 manu
2962 5759 3371 5840 superadditum
3417 5759 3616 5832 deprc-

2018 5839 2306 5900 hendiutus
2332 5843 2556 5901 verbum
2598 5843 2710 5914 jam
2739 5842 2967 5900 dictum.
2999 5839 3180 5896 MART.
