4114 6364
313 283 420 344 861

1427 281 1632 341 LIBER
1668 282 1991 362 JEREMIE
2031 281 2443 344 PROPHET/E.

3514 284 3620 344 869.

390 414 421 454 a
450 396 538 455 die
568 411 669 474 qua
701 397 1078 474 egressisunt
1104 405 1284 474 patres
1316 413 1506 457 eorum
1538 398 1606 457 de
1639 408 1784 456 terra
1814 398 1906 454 ίΕ-
1938 401 1992 462 Α
2019 399 2210 474 Nullus
2241 410 2328 457 est
2355 401 2445 472 qui
2470 407 2592 473 agat
2622 400 2996 472 pmnitentiam
3025 415 3188 474 super
3210 406 3436 473 peccato
3464 414 3565 460 suo
3590 444 3605 472 ,

463 471 644 543 gypti,
675 485 846 540 usque
873 470 939 523 ad
967 470 1108 526 diem
1142 471 1300 528 hanc.

313 543 384 600 Et
413 542 536 615 miSi
568 542 632 596 ad
666 556 761 596 vos
791 557 980 598 omne;
1025 557 1213 598 servos
1258 559 1406 599 meos
1448 543 1782 614 prophetas,
1812 559 1910 615 per

463 614 604 669 diem
633 627 970 686 consurgens
1001 615 1239 670 diluculo
1259 659 1274 683 ,
1305 625 1358 670 et
1387 617 1629 672 mittens.

315 688 387 743 Et
411 702 516 741 non
538 686 824 752 audierunt
854 708 960 756 me,
980 703 1076 741 nec
1100 687 1502 742 inclinaverunt
1522 702 1708 742 aurem
1734 702 1907 744 suam:

313 758 426 816 Sed
461 758 850 812 induraverunt
872 759 1136 813 cervicem
1165 757 1267 827 [Αἱ.
1299 760 1424 812 add.
1467 759 1641 828 suam]
1676 776 1689 812 :

390 839 447 886 et
475 833 625 900 pejus
649 829 858 900 operati
878 840 1033 896 sunt,
1064 845 1223 899 quam
1257 842 1437 898 patres
1463 846 1671 886 eorum.

313 900 392 957 Et
421 900 660 1028 Ιοὲυειέἰῗ
703 899 769 954 ad
813 914 908 955 eos
946 902 1130 955 omnia
1156 902 1321 956 verba
1371 902 1524 970 brec,
1571 910 1625 957 et
1663 917 1772 958 non
1817 918 1912 959 auo

502 989 584 1027 ten
665 986 734 1027 e:

502 973 612 1027 ient
643 980 694 1027 te
720 990 734 1025 :

391 1053 446 1101 et
478 1043 698 1117 vocabis
728 1058 853 1114 eos,
887 1052 1077 1100 etnon
1112 1044 1522 1117 respondebunt
1555 1044 1650 1102 libi
1681 1063 1695 1101 :

309 1117 385 1174 Et
417 1117 566 1172 dices
591 1115 656 1170 ad
683 1130 778 1171 eos
803 1132 815 1169 :

392 1189 628 1272 litecest
651 1201 784 1258 gens
802 1228 816 1254 ,
839 1201 960 1258 qum
987 1203 1095 1244 non
1119 1188 1322 1245 audivit
1352 1204 1542 1247 vocem
1565 1188 1783 1246 Domini
1816 1191 1912 1248 Dei

461 1276 541 1315 SUI
559 1302 575 1323 ,

391 1348 493 1389 nec
521 1333 725 1404 recepit
748 1330 1089 1404 disciplinam
1125 1349 1137 1386 :

311 1405 490 1461 Periit
517 1405 648 1458 fides
666 1446 680 1468 ,

392 1486 446 1532 et
472 1478 649 1531 ablata
683 1483 768 1530 est
796 1476 863 1532 de
888 1490 983 1531 ore
1002 1490 1213 1532 eorum.

311 1548 505 1604 Tonde
532 1549 784 1619 capillum
821 1557 968 1603 tuum
995 1592 1008 1617 ,
1041 1558 1092 1619 et
1119 1548 1326 1619 projice
1354 1590 1370 1616 ,

389 1631 444 1674 et
470 1635 624 1675 sume
652 1623 703 1675 in
735 1617 1003 1675 directmn
1031 1617 1309 1686 planctum
1343 1636 1358 1674 :

308 1690 735 1816 Quiarprojecit
761 1691 1052 1774 .Dominus
1077 1732 1091 1758 ,
1137 1700 1192 1746 et
1234 1690 1455 1764 reliquit
1499 1690 1909 1762 generationem

491 1779 664 1816 uroris
693 1777 776 1816 sm
810 1780 824 1816 :

491 1779 664 1817 lll‘Ol‘lS
693 1777 776 1817 Slll
810 1780 824 1818 τ

2159 473 2346 528 dicens
2380 494 2392 528 :

2085 544 2220 613 Quid
2260 544 2402 599 feci?

2017 615 2216 672 Omnes
2243 617 2492 672 conversi
2522 623 2651 672 sunt
2679 616 2746 672 ad
2777 631 2999 674 cursum
3033 632 3188 673 suum
3210 659 3225 685 ,

2088 689 2237 760 quasi
2268 704 2440 758 equus
2470 689 2673 757 impetu
2701 689 2901 744 vadens
2924 688 2976 742 in
3004 690 3210 760 prtelio.

2021 759 2214 814 Milvus
2241 761 2292 814 in
2322 761 2461 818 etelo
2489 760 2744 831 cognOvit
2772 759 3171 831 tempus-Suum
3197 778 3214 831 ;

2089 840 2262 885 turtur
2282 874 2296 897 ,

2088 910 2143 958 et
2181 902 2441 975 hirundo,

2087 984 2142 1030 et
2180 977 2385 1031 ciconia
2411 1017 2427 1044 ,

2086 1047 2459 1103 custodierunt
2487 1057 2700 1116 tempus
2726 1047 2991 1104 adventus
3015 1047 3096 1102 sui
3129 1065 3142 1102 :

2017 1116 2253 1186 Portulus
2283 1127 2464 1176 autem
2491 1135 2646 1176 meus

2090 1205 2195 1244 non
2229 1193 2483 1261 cognovit
2511 1191 2773 1262 judicium
2806 1189 3041 1248 Domini.

2015 1262 2299 1328 Quomodo
2330 1265 2507 1319 dicitis
2534 1282 2548 1318 :
2583 1264 2870 1332 Sapientes
2903 1277 3002 1318 nos
3029 1276 3215 1319 sumus
3237 1307 3253 1334 ,

2086 1344 2137 1388 et
2162 1333 2248 1389 lex
2283 1334 2494 1390 Domini
2526 1336 2806 1392 nobiscum
2835 1335 2962 1389 est?

2016 1404 2156 1460 Vere
2184 1407 2527 1464 mendacium
2559 1418 2811 1477 operatus
2831 1415 2913 1462 est
2934 1405 3108 1477 stylus
3137 1407 3369 1466 mendax
3392 1409 3602 1466 scriba-

2157 1494 2301 1544 rum,

2017 1547 2240 1603 Confttsi
2269 1559 2397 1605 sunt
2420 1551 2716 1622 sapientes,

2084 1623 2358 1690 perterriti
2386 1631 2440 1678 et
2468 1625 2606 1693 capti
2638 1630 2764 1679 sunt
2797 1640 2812 1678 ε

2015 1691 2250 1746 Verbum
2285 1696 2432 1748 enim
2467 1691 2676 1748 Domini
2711 1693 3088 1764 projecerunt,

2088 1772 2141 1818 et
2168 1764 2431 1832 sapientia
2453 1767 2597 1820 nulla
2626 1776 2707 1820 est
2739 1767 2791 1819 in
2819 1766 2922 1822 eis.

387 1835 511 1906 quia
560 1834 806 1888 fecerunt
851 1832 946 1888 filii
992 1832 1128 1889 Juda
1175 1835 1375 1892 malum
1419 1834 1472 1890 in
1504 1834 1679 1890 oculis
1728 1834 1866 1890 meis
1890 1875 1906 1902 ,
1939 1804 1985 1866 Β
2017 1804 2318 1901 Propter-'0;
2336 1804 2484 1891 dabo.
2506 1804 2761 1892 mulieres
2791 1804 2977 1892 eorum
3005 1837 3226 1906 exteris,

463 1905 596 1962 dicit
630 1906 906 1962 Dominus.

314 1977 626 2032 Posucrunt
657 1977 980 2032 offendicula
1012 1992 1105 2032 sua
1139 1979 1193 2034 in
1229 1978 1424 2047 domo,
1461 1977 1513 2034 in
1545 1991 1652 2050 qua
1689 1977 1912 2036 invoca-

458 2059 570 2105 tum
597 2057 681 2104 est
704 2064 898 2105 nomen
933 2064 1110 2105 meum
1131 2092 1146 2118 ,

385 2129 444 2175 ut
470 2121 770 2190 polluerent
793 2136 910 2175 eam
944 2137 955 2174 :
1585 2145 1588 2150 -

307 2193 380 2248 Et
401 2193 809 2319 mtll'iﬁcp‘vcrunt
830 2193 1044 2250 excelsa
1071 2193 1364 2266 ThOpheth
1383 2235 1398 2262 ,
1431 2207 1554 2265 quae
1580 2199 1665 2250 est
1691 2191 1743 2248 in
1765 2192 1908 2252 valle

473 2283 486 2318 1
517 2281 550 2318 Il
603 2280 794 2319 annom
825 2283 839 2319 ἴ

473 2265 550 2318 ilii
585 2266 794 2320 Ennom
825 2283 839 2319 :

380 2345 443 2391 ut
470 2336 821 2392 incenderent
850 2336 989 2391 filios
1019 2352 1166 2404 suos,
1199 2346 1254 2394 et
1275 2337 1412 2394 filias
1434 2351 1571 2409 suas
1607 2335 1713 2406 igni
1744 2355 1758 2393 :
1787 2353 1908 2409 quae

453 2424 559 2463 non
583 2410 841 2479 pix-ccepi,
867 2424 963 2464 nec
988 2410 1218 2480 cogitavi
1244 2411 1296 2465 in
1318 2408 1482 2465 corde
1510 2424 1653 2464 meo.

303 2479 434 2536 Ideo
458 2495 585 2536 ecce
614 2480 728 2536 dies
757 2482 1010 2548 venient,
1044 2479 1173 2538 dicit
1199 2482 1488 2550 Dominus,

381 2562 436 2607 et
455 2567 584 2630 __non
616 2553 824 2608 dicetur
859 2553 1127 2630 amplius,
1157 2551 1445 2625 Tliopheth
1467 2592 1483 2620 ,
1528 2558 1585 2608 et
1613 2550 1771 2608 vallis
1811 2551 1905 2608 filii

452 2623 663 2679 Ennom
697 2642 711 2678 :

380 2696 473 2750 sed
506 2697 660 2752 vallis
687 2696 1074 2752 interfectionis
1104 2716 1116 2752 :

303 2766 374 2823 Et
405 2767 667 2841 sepeliant
690 2767 795 2841 [ΑΙ.
825 2768 1180 2841 sepeliantur]
1213 2768 1264 2824 in
1294 2767 1579 2840 Thopheth
1599 2808 1614 2834 ,

377 2854 444 2895 eo
473 2840 614 2911 quod
650 2840 754 2895 nun
780 2841 850 2896 sit
875 2843 1022 2895 locus
1055 2859 1067 2894 :

303 2909 374 2966 Et
402 2909 505 2967 erii
530 2912 873 2966 morticinum
905 2913 1088 2983 populi
1116 2912 1276 2984 hujus
1302 2912 1354 2968 in
1379 2911 1561 2968 cibum
1591 2909 1904 2966 volucribus

450 2985 572 3040 caeli
593 3027 606 3049 ,
633 2993 687 3038 et
717 2984 900 3039 bestiis
931 2993 1121 3051 terrm,

380 3063 434 3110 ct
462 3072 563 3111 non
589 3057 691 3110 erit
721 3058 808 3126 qui
835 3056 1038 3124 abigat.

308 3123 376 3180 Et
401 3127 686 3196 quiescere
727 3123 914 3182 faciam
934 3123 1010 3181 ide
1050 3127 1274 3182 urbibus
1302 3126 1474 3194 Juda,
1504 3135 1558 3183 et
1600 3125 1668 3182 de
1707 3123 1903 3194 plateis

447 3198 744 3253 Jerusalem
767 3241 780 3262 ,
805 3214 992 3252 vocem
1017 3199 1234 3269 gaudii,
1265 3210 1318 3254 et
1348 3213 1540 3253 vocem
1565 3197 1768 3253 laetitia:
1793 3239 1807 3264 ,

375 3284 562 3341 vocem
593 3271 774 3340 sponsi
802 3312 817 3336 ,
848 3279 1112 3325 etvocem
1144 3285 1398 3341 sponsae:

377 3339 436 3395 In
466 3339 858 3396 desolationem
888 3343 1030 3397 enim
1063 3339 1361 3398 erit'terra.

305 3411 457 3484 [ϐαρ.
492 3413 655 3485 \’lll.]
688 3414 740 3468 In
774 3413 865 3468 illo
893 3423 1172 3481 tempore,
1196 3415 1270 3466 ait
1295 3412 1554 3469 Dominus
1585 3429 1600 3485 ς

381 3479 610 3553 tijicient
639 3479 761 3540 ossa
787 3501 972 3553 regum
1005 3479 1165 3553 Juda,
1190 3495 1244 3540 et
1273 3500 1394 3540 ossa
1424 3484 1728 3556 principum
1760 3479 1902 3553 ejus,

377 3564 433 3612 et
457 3571 577 3612 ossa
608 3556 952 3612 sacerdotum
977 3601 991 3625 ,

376 3637 431 3682 ct
459 3641 580 3684 O~‘S:t
613 3630 1035 3696 prophetarum,
1390 3647 1398 3653 ·

377 3707 432 3754 et
464 3715 586 3808 os'sa
609 3714 796 3784 eorum
824 3702 912 3771 qui
939 3699 1317 3758 habitaverunt
1344 3699 1682 3768 Jerusalem,
1715 3697 1784 3754 de
1815 3711 1896 3754 se-

489 3788 653 3826 lllCl'IS
679 3788 793 3826 SlllS
827 3791 838 3825 ε

303 3839 376 3896 Et
672 3789 1147 3916 Exifexpaiident]
1181 3859 1242 3900 ea
1274 3843 1538 3916 adsolem
1559 3887 1573 3910 ,
1605 3851 1659 3896 et
1687 3841 1896 3910 lunam,

375 3922 431 3970 et
458 3914 949 3984 omnem’milttiam
980 3917 1105 3971 εοειί
1127 3914 1145 3982 ξ
1170 3931 1288 3987 quae
1310 3914 1661 3982 dilexerunt,

375 3995 430 4041 et
453 3987 648 4058 quibus
677 3988 1016 4052 servierunt;

376 4065 430 4112 et
459 4069 581 4128 post
607 4075 728 4129 qua:
759 4059 1212 4126 ambulaverunt,

376 4137 430 4184 et
457 4145 577 4202 qua:
598 4130 932 4202 qmrsierunt
953 4172 967 4197 ,
994 4142 1047 4186 et
1075 4130 1462 4186 adoraverunt.

304 4197 421 4254 Non
451 4197 796 4272 c'olligentnr,
823 4211 876 4258 et
915 4219 1023 4258 non
1047 4203 1379 4272 sepeliantur
1409 4217 1425 4255 :

377 4273 860 4346 inustcrquilinium
890 4289 1055 4346 super
1083 4274 1279 4329 faciem
1312 4283 1470 4328 terra:
1497 4278 1682 4328 erunt.

306 4342 373 4398 Et
398 4342 606 4416 eligent
626 4351 796 4416 magis
829 4342 1058 4400 mortem
1089 4362 1248 4415 quam
1279 4345 1448 4400 vitam

378 4423 404 4452 ⁸
447 4415 640 4498 omnes
685 4415 772 4487 qui
814 4418 1018 4473 residui
1069 4416 1380 4500 fuerint‘de
1426 4415 1752 4486 cognatione
1799 4415 1899 4472 hac

448 4502 680 4556 pessima

374 4559 429 4613 in
475 4559 745 4631 universis
788 4559 954 4631 locis,
1002 4575 1125 4629 quae
1157 4560 1417 4616 derelicta
1467 4565 1629 4626 sunt,
1661 4557 1730 4614 ad
1777 4573 1898 4631 quae

447 4629 581 4697 ejeci
613 4645 736 4693 eos,
771 4629 900 4683 dicit
924 4631 1187 4688 Dominus
1215 4632 1582 4688 exercituum.

302 4700 375 4756 Et
403 4699 551 4754 dices
575 4701 639 4753 ad
670 4714 768 4754 eos
794 4717 805 4751 :

375 4771 502 4826 litae
528 4770 657 4825 dicit
687 4771 944 4825 Dominus
970 4789 984 4825 :

300 4841 573 4918 Numquid
605 4843 693 4912 qui
723 4842 868 4898 cadit
898 4843 1004 4914 [ΑΙ.
1037 4842 1236 4918 cadet],
1272 4859 1378 4900 non
1407 4844 1691 4917 resurget?

375 4923 431 4970 et
452 4915 544 4984 qui
574 4929 797 4970 aversus
819 4926 902 4970 est
929 4957 943 4983 ,
972 4931 1078 4970 non
1107 4915 1450 4973 revertetur?

304 4984 484 5053 Quare
516 5002 644 5055 ergo
689 5001 915 5042 aversus
963 4997 1046 5041 est
1078 4989 1310 5059 populus
1358 4989 1460 5045 iste
1489 4989 1544 5044 in
1591 4985 1894 5045 Jerusalem

448 5059 736 5115 aversione
763 5059 1144 5114 contentiosa?

304 5128 798 5199 Apprebenderunt
839 5129 1180 5186 mendacium
1201 5173 1216 5200 ,

374 5211 430 5256 et
460 5203 751 5257 noluerunt
780 5204 979 5257 reverti
1005 5218 1018 5256 :

235 5277 280 5320 θ
305 5271 527 5328 Attendi
546 5315 562 5340 ,
591 5281 648 5329 et
671 5274 968 5328 auscultavi
1004 5290 1017 5326 :

376 5361 535 5401 nemo
559 5345 702 5418 quod
742 5346 941 5400 bonum
974 5355 1054 5401 est
1085 5345 1362 5416 loquitur;

376 5493 405 5556 εξ
434 5483 635 5541 Novem
675 5496 965 5556 sequentes
988 5501 1178 5542 versus
1207 5485 1445 5555 agnoscit
1473 5485 1529 5542 S.
1567 5485 1897 5556 Augustinus

301 5555 357 5610 in
389 5555 645 5630 Speculo,
694 5555 764 5613 ac
787 5560 1009 5615 totidem
1040 5574 1162 5613 esse
1207 5559 1452 5614 definivit
1479 5555 1750 5630 uSqne’ad
1783 5559 1897 5614 hinc

300 5629 464 5700 verba
492 5646 504 5682 :
544 5630 813 5696 Quomodo
835 5633 1026 5685 dicitis.
1062 5642 1165 5686 etc.
1203 5631 1339 5685 Hinc
1359 5629 1475 5684 vide
1498 5645 1715 5700 isqnam
1739 5631 1896 5698 longe

304 5699 416 5772 sint
446 5714 478 5752 a
507 5715 636 5772 vero
679 5703 867 5772 nuperi
896 5703 1111 5772 quidam
1152 5702 1482 5772 Scriptores.
1515 5699 1635 5755 cum
1693 5715 1897 5758 temere

302 5769 502 5825 docent
545 5769 786 5842 singulos
836 5769 1040 5838 versus,
1093 5789 1227 5844 quos
1273 5769 1569 5843 smpissimc
1623 5775 1896 5844 appellant

302 5849 553 5900 auctores
593 5845 966 5914 ecclesiastici,
998 5860 1092 5903 sex
1132 5847 1392 5903 dictiones
1442 5845 1692 5901 habuisse
1719 5848 1896 5902 conti-

2084 1922 2245 1976 agros
2275 1923 2463 1963 eorum
2495 1907 2799 1962 hreredibus
2831 1925 2845 1962 :

2013 1977 2145 2046 Quia
2169 1994 2198 2034 a
2231 1980 2455 2034 minimo
2485 1995 2654 2048 usque
2681 1980 2745 2034 ad
2777 1979 3069 2035 maximum
3096 1994 3288 2038 omnes
3313 1982 3597 2043 avaritiam
3675 1990 3678 1998 '

2158 2063 2462 2118 sequuntur
2492 2052 2598 2123 [ΑΙ.
2623 2050 2865 2124 avaritiae
2897 2051 3134 2124 student]
3167 2070 3180 2107 :

2083 2136 2115 2178 a
2164 2124 2426 2191 prOpheta
2468 2121 2638 2194 usque
2685 2121 2754 2177 ad
2800 2121 3142 2180 sacerdotem
3176 2125 3360 2181 cuncti
3391 2124 3597 2184 faciunt

2157 2195 2516 2249 mendacium.

2013 2265 2082 2321 Et
2123 2266 2388 2343 sanabant
2416 2265 2797 2343 contritionem
2837 2265 2963 2323 filiae
2994 2267 3178 2340 populi
3205 2268 3312 2325 mei
3342 2267 3409 2325 ad
3443 2268 3598 2343 igno-

2155 2337 2399 2407 miniam,
2435 2338 2678 2394 dicentes
2709 2355 2722 2392 :

2010 2408 2144 2474 Pax,
2177 2425 2303 2480 pax,

2082 2497 2206 2554 cum
2238 2497 2347 2538 non
2375 2490 2520 2539 esset
2550 2481 2674 2554 pax'.

2010 2551 2228 2608 Conlusi
2257 2563 2402 2621 sunt,

2080 2626 2203 2692 quia
2241 2625 2704 2681 abominationem
2735 2623 2984 2682 fecerunt
3015 2643 3028 2681 :

2009 2695 2320 2762 Quinimmo
2346 2697 2664 2752 confusione
2686 2696 2798 2751 'non
2823 2707 2949 2754 sunt
2975 2695 3212 2767 confusi,
3262 2699 3273 2746 l-

2081 2777 2135 2822 ct
2158 2768 2480 2824 erubescere
2503 2770 2809 2824 nescierunt
2834 2786 2849 2822 :

2012 2837 2220 2894 Idcirco
2241 2841 2435 2895 cadent
2463 2841 2605 2895 inter
2631 2849 2973 2905 corruentes,
3293 2870 3295 2872 ·

2079 2911 2133 2972 in
2170 2921 2411 2982 tempore
2438 2911 2759 2966 visitationis
2786 2927 2901 2966 sua:
2939 2919 3219 2978 corruent,
3248 2911 3384 2968 dicit
3403 2909 3597 2970 Domi-

2150 2998 2273 3039 nus.

2007 3053 2354 3126 Congregans
2385 3055 2726 3125 congregabo
2751 3068 2866 3117 eos,
2900 3054 2974 3111 ait
3002 3054 3265 3112 Dominus
3295 3071 3309 3111 :

2007 3125 2233 3182 Non'est
2263 3143 2364 3182 uva
2394 3127 2446 3182 in
2478 3129 2698 3194 vitibus,

2078 3208 2133 3252 et
2161 3213 2267 3253 non
2291 3209 2412 3253 sunt
2445 3200 2577 3252 ficus
2607 3199 2657 3252 in
2690 3196 2951 3262 ficulnea;

2009 3269 2219 3326 Folium
2245 3269 2505 3326 deﬂuxit:

2076 3348 2132 3397 et
2153 3340 2274 3396 dedi
2296 3344 2375 3397 eis
2407 3356 2527 3411 qme
2559 3347 2942 3411 prmtergressa
2970 3345 3116 3395 sunt.

2004 3411 2180 3480 Quare
2207 3413 2503 3468 sedemus?

2076 3487 2388 3547 convenite,
2415 3495 2470 3539 et
2499 3481 2872 3555 ingrediamur
2893 3481 3169 3538 civitatem
3204 3480 3490 3551 munitam,
3529 3497 3532 3503 λ

2076 3565 2128 3611 ct
2157 3557 2412 3612 sileamus
2441 3557 2512 3610 ibi
2539 3572 2553 3609 :

2004 3627 2142 3695 Quia
2173 3628 2429 3684 Dominus
2460 3627 2602 3682 Deus
2625 3634 2813 3680 noster
2842 3625 3006 3681 silere
3031 3640 3132 3680 nos
3162 3623 3313 3695 fecit,

2076 3711 2131 3754 et
2153 3713 2338 3770 patum
2363 3699 2509 3754 dedit
2533 3698 2693 3754 nobis
2721 3713 2916 3768 aquam
2949 3697 3130 3754 fellis:

2004 3772 2353 3827 Peccavimus
2379 3771 2527 3826 enim
2563 3770 2815 3825 Domino.
3125 3794 3132 3798 ·

2005 3842 2458 3911 Exspectavimus
2499 3857 2708 3912 pacem,

2077 3924 2132 3969 et
2156 3931 2262 3969 non
2285 3923 2400 3968 erat
2427 3915 2661 3981 bonum;

2002 3986 2244 4056 Tempus
2275 3987 2501 4040 medela:
2522 4028 2536 4050 ,

2075 4067 2130 4113 et
2162 4073 2290 4114 ecce
2319 4056 2574 4114 formido.

2002 4131 2050 4186 Λ
2093 4130 2206 4184 Dan
2239 4130 2454 4184 auditus
2476 4138 2559 4184 est
2585 4127 2830 4184 fremitus
2858 4141 3123 4198 equorum
3151 4125 3295 4197 ejus,

2074 4216 2102 4255 a
2144 4217 2277 4258 voce
2310 4201 2612 4258 hinnituum
2652 4208 3011 4272 pugnatorum
3043 4199 3164 4270 ejus
3205 4210 3478 4256 commota
3518 4207 3604 4256 est

2147 4275 2324 4330 omnis
2349 4284 2520 4339 terra;

2005 4342 2074 4400 Et
2100 4352 2385 4407 venerunt.
2423 4357 2476 4401 et
2504 4345 2906 4400 devoraverunt
2933 4351 3156 4409 terram,
3205 4351 3259 4398 et
3299 4339 3592 4411 plenitudi-

2148 4426 2272 4473 nem
2300 4418 2452 4488 ejus;

2075 4489 2288 4557 urbem,
2322 4487 2377 4544 et
2404 4489 2734 4545 habitatores
2768 4487 2908 4554 ejus.

1925 4600 1978 4664 Β
2003 4553 2865 4664 ρυίειιὶεῗξεοοῖξὲίὶζξιῖιζὶξ
2912 4561 3197 4627 serpentes
3228 4553 3449 4626 regulos
3487 4554 3608 4624 qui-

2149 4633 2249 4687 bus
2281 4648 2390 4687 non
2414 4645 2496 4686 est
2528 4630 2823 4688 incantatio
2853 4645 2868 4683 ι

2077 4713 2130 4759 et
2152 4704 2476 4760 mordebunt
2503 4719 2618 4768 vos,
2649 4704 2724 4757 ait
2755 4699 3036 4757 Dominus.

2005 4775 2168 4858 Dolor
2193 4789 2344 4831 meus
2375 4790 2536 4843 super
2564 4774 2833 4839 dolorem,

2077 4864 2130 4901 111
2160 4863 2247 4902 me
2269 4862 2364 4902 (ἷοΐ
2387 4862 2566 4901 meum
2594 4858 2852 4902 "HBI‘CDS.

2005 4917 2145 4974 Ecce
2171 4933 2275 4974 vox
2304 4918 2565 4974 clamoris
2596 4918 2717 4974 ﬁliae
2756 4915 2941 4990 pojiuli
2969 4913 3079 4973 mei
3107 4914 3177 4971 de
3217 4921 3356 4970 terra
3398 4911 3611 4985 longin-

2147 5006 2252 5061 qua
2281 5008 2293 5043 :

2007 5058 2279 5130 Numquid
2309 5061 2571 5129 Dominus
2596 5076 2704 5118 non
2734 5068 2819 5118 est
2848 5059 2900 5115 in
2939 5058 3070 5117 Sion
3092 5099 3108 5127 ,

2081 5145 2172 5190 aut
2199 5150 2294 5190 rex
2317 5135 2436 5203 ejus
2464 5149 2572 5190 non
2604 5144 2698 5214 e_st_
2719 5135 2770 5188 in
2796 5132 2931 5214 ea
3231 5201 3267 5214 ,Δ
3354 5213 3363 5214 7
3487 5206 3499 5214 ι
3555 5197 3570 5214 ,

2008 5205 2188 5274 Quare
2240 5201 2374 5276 ergo
2433 5223 2521 5262 me
2572 5207 2640 5262 ad
2685 5202 3023 5262 iracundiam
3091 5201 3507 5259 concitaverunt
3554 5201 3611 5256 in

2153 5278 2498 5348 sculptilibns
2527 5278 2663 5342 suis,

2081 5349 2208 5406 etin
2240 5347 2562 5408 vanitatibus
2591 5347 2836 5406 alienis?

2003 5504 2158 5543 nuas.
2193 5488 2540 5546 Contrarium
2579 5502 2720 5542 nunc
2762 5486 3020 5543 evincunt
3057 5485 3336 5556 prophetm
3363 5483 3611 5556 versibus

2003 5561 2278 5630 descripti,
2328 5559 2424 5615 scd
2475 5569 2528 5614 et
2583 5561 2722 5614 intra
2770 5560 2912 5614 idem
2953 5555 3610 5630 evidentissime'demon-

2003 5627 2204 5686 strator
2231 5649 2294 5688 ex
2327 5631 2478 5707 ani,
2497 5630 2738 5707 Davidis,
2767 5642 2818 5685 et
2836 5629 3160 5707 Salomonis
3186 5627 3463 5700 operibus,
3488 5639 3612 5707 quae

2002 5712 2285 5778 cumpca;
2302 5704 2651 5778 reperiuntur
2673 5703 2941 5778 descripta
2973 5701 3026 5754 in
3054 5713 3288 5773 utroque
3310 5701 3616 5768 exemplari

2001 5773 2237 5833 canonis
2273 5776 2551 5833 llrbraicae
2587 5773 2856 5833 veritatis.
2890 5775 3070 5832 Manr.
