4114 6364
549 250 653 311 865

547 371 787 428 Transiit
816 368 1029 438 messis,

622 442 772 498 ﬁnita
794 453 877 498 est
907 451 1088 507 restas,

621 525 676 570 et
705 530 804 570 nos
835 515 1023 572 salvati
1054 527 1158 567 non
1185 525 1395 567 sumus.

548 585 722 658 Super
754 586 1080 642 contritione
1121 583 1243 638 ﬁliae
1271 579 1454 654 populi
1486 580 1594 639 mei
1622 581 1889 639 contritus
1928 595 2048 637 sum
2091 587 2146 638 et

697 660 1074 725 contristatns,

621 739 808 798 stupor
831 727 1064 783 obtinuit
1097 741 1205 782 me.

459 837 466 840 -
551 800 820 872 Numquid
851 799 1031 854 resina
1054 814 1162 853 non
1193 798 1361 872 estin
1395 797 1646 854 Galaad?

623 871 724 929 aut
743 871 983 928 medicus
1011 886 1117 924 non
1147 881 1230 925 est
1261 871 1368 925 ibi?

561 943 742 1013 Quare
777 944 938 1068 igitur
969 956 1077 997 non
1108 950 1194 998 est
1241 941 1473 997 obducta
1502 941 1729 998 cicatrix
1778 940 1906 997 ﬁliae
1963 938 2151 1012 populi

702 1031 807 1068 met

702 1031 807 1070 met

562 1085 717 1160 [ϐαρ.
761 1084 881 1160 IX.)
907 1085 1039 1160 Quis
1064 1084 1401 1160 dabit'eapili
1429 1099 1552 1141 meo
1581 1099 1800 1160 aquam,

635 1167 690 1214 et
718 1158 894 1213 oculis
920 1159 1056 1213 meis
1084 1158 1287 1214 fontem
1320 1157 1718 1228 lacrymarum?

564 1229 633 1284 Et
663 1229 886 1296 plorabo
915 1229 1001 1285 die
1031 1245 1093 1284 ac
1120 1237 1278 1285 nocte
1308 1225 1618 1284 interfectos
1651 1227 1776 1282 ﬁlim
1807 1227 1986 1297 populi
2015 1225 2142 1282 mei.

562 1301 700 1368 Quis
729 1299 880 1356 dabit
901 1316 986 1356 me
1011 1301 1064 1355 in
1089 1301 1383 1356 solitudine
1411 1299 1772 1354 diversorium
1796 1300 2081 1363 viatorum,

634 1371 1066 1442 etderelinqnam
1096 1372 1350 1442 populum
1379 1386 1578 1439 meum,
1603 1379 1658 1428 et
1681 1371 1935 1428 recedam
1965 1373 2032 1426 ab
2053 1369 2158 1426 eis?

561 1442 700 1512 Quia
728 1458 916 1499 omnes
945 1443 1177 1499 adulteri
1203 1452 1351 1510 sunt,

635 1523 808 1571 cmtus
841 1516 1339 1584 praevaricatorum.

572 1585 640 1641 Et
675 1588 1033 1642 extenderunt
1063 1587 1298 1658 linguam
1321 1599 1473 1641 suam
1501 1584 1656 1658 quasi
1679 1599 1867 1658 arcum
1891 1584 2160 1642 mendacii

639 1669 692 1710 et
719 1675 823 1712 non
854 1659 1098 1713 veritatis
1128 1657 1157 1714 :7
1524 1657 1531 1658 ί
1811 1657 1816 1664 ’

565 1727 865 1784 Confortati
896 1739 1022 1784 sunt
1049 1731 1104 1785 in
1132 1737 1300 1794 terra,

639 1801 765 1868 quia
794 1801 863 1857 de
890 1801 1033 1856 malo
1059 1802 1125 1856 ad
1155 1801 1352 1856 malum
1380 1801 1581 1870 egressi
1606 1810 1752 1867 sunt,

639 1879 697 1930 et
726 1888 812 1928 me
840 1888 944 1928 non
972 1880 1362 1943 cognoverunt,
1392 1873 1522 1927 dicit
1553 1872 1838 1927 Dominus.

573 1941 959 2012 Unusquisque
985 1941 1099 1999 seia
1128 1944 1380 2013 proximo
1405 1957 1502 1997 suo
1532 1943 1825 2003 custodiat.

636 2023 692 2068 et
720 2016 771 2070 in
800 2018 946 2071 omni
976 2015 1140 2070 fratre
1170 2029 1270 2070 suo
1291 2031 1396 2070 non
1430 2015 1626 2069 habeat
1659 2014 1908 2070 ﬁduciam
1939 2031 1952 2067 :

571 2083 708 2152 Quia
762 2089 940 2143 omnis
988 2087 1154 2142 frater
1184 2088 1536 2158 supplantans
1567 2084 1674 2158 [ΑΙ.
1707 2083 2165 2158 supplantatione]

719 2158 1111 2229 supplantabit,

639 2238 698 2285 et
723 2227 901 2286 omnis
928 2232 1133 2285 amicus
1163 2228 1539 2285 fraudulenter
1571 2227 1808 2284 incedet.

569 2301 640 2358 Et
662 2301 743 2356 vir
768 2301 994 2358 fratrem
1025 2317 1179 2356 suum
1204 2301 1506 2368 deridebit,

646 2383 702 2428 et
725 2374 1007 2443 veritatem
1035 2388 1144 2428 non
1177 2373 1463 2443 loquentur
1488 2391 1502 2427 :

572 2444 891 2501 Docuerunt
919 2442 1064 2500 enim
1098 2442 1334 2515 linguam
1358 2459 1509 2499 suam
1533 2443 1682 2514 loqui
1711 2442 2092 2503 mendacium:

647 2524 709 2588 ut
738 2517 920 2588 inique
942 2526 1194 2588 agerent,
1228 2517 1626 2571 laboraverunt.

580 2586 853 2642 Habilatio
885 2595 974 2640 tua
1001 2586 1054 2642 in
1086 2587 1263 2641 medio
1288 2587 1414 2640 idoli
1449 2605 1464 2643 :

649 2659 701 2712 in
732 2659 858 2714 dolo
887 2667 1186 2713 renucrunt
1214 2659 1354 2713 scire
1385 2673 1491 2723 me,
1519 2658 1652 2712 dicit
1676 2657 1955 2713 Dominus.

576 2729 870 2800 Propterea
902 2731 1017 2785 hmc
1041 2731 1172 2785 dicit
1197 2730 1460 2785 Dominus
1481 2730 1819 2786 exercituum
1849 2749 1860 2782 :

578 2802 721 2857 Ecce
749 2817 854 2872 ego
879 2801 1147 2866 eonﬁabo,
1178 2811 1232 2856 et
1253 2802 1494 2872 probabo
1521 2816 1614 2855 eos
1648 2820 1659 2853 :

648 2873 777 2942 quid
798 2871 947 2944 enim
977 2873 1120 2927 aliud
1152 2871 1340 2927 faciam
1373 2889 1400 2924 a
1425 2873 1560 2927 facie
1583 2872 1709 2927 ﬁlice
1733 2871 1916 2944 populi
1951 2872 2102 2929 mei?

577 2943 784 3012 Sagitta
816 2943 1108 2999 vulnerans
1132 2944 1309 3015 lingua
1343 2958 1557 3010 eorum,

654 3016 840 3070 dolum
869 3017 1044 3070 locuta
1072 3025 1155 3070 est
1187 3033 1199 3068 :

581 3087 642 3142 In
665 3102 760 3142 ore
787 3101 887 3141 suo
921 3101 1101 3154 pacem
1125 3101 1245 3140 cum
1274 3086 1450 3142 amico
1473 3102 1570 3142 suo
1589 3086 1850 3158 loquitur,

589 3203 594 3207 .
655 3167 712 3214 et.
739 3159 951 3213 occulte
975 3158 1129 3228 ponit
1155 3158 1203 3212 ei
1238 3159 1482 3212 insidias.

581 3227 855 3295 Numquid
888 3227 1053 3290 super
1082 3229 1167 3283 his
1195 3245 1300 3283 non
1327 3229 1592 3285 visitabo?
1617 3227 1746 3285 dicit
1770 3230 2056 3285 Dominus.

653 3310 746 3355 aut
769 3308 984 3370 gentem
1015 3300 1324 3370 hujusmodi
1357 3316 1463 3356 non
1490 3302 1786 3356 uleiscetur
1812 3302 1992 3356 anima
2017 3301 2179 3356 mea?

585 3371 762 3441 Super
792 3382 1005 3428 montes
1031 3387 1304 3426 assumant
1337 3372 1522 3428 fletum
1551 3386 1605 3427 et
1631 3373 1952 3440 lamentum,

657 3453 712 3499 et
737 3458 898 3516 super
927 3444 1174 3513 speciosa
1197 3443 1397 3499 deserti
1429 3445 1705 3516 planctum
1734 3463 1745 3498 :

585 3513 854 3599 Quoniam
885 3513 1103 3571 incensa
1124 3524 1271 3582 sunt,
1304 3530 1370 3572 eo
1401 3513 1544 3587 quod
1575 3531 1682 3570 non
1707 3517 1780 3571 sit
1801 3514 1883 3571 vir
1906 3523 2183 3587 pertrans-

658 3603 776 3642 lCIlS
802 3603 814 3640 ζ

663 3668 720 3713 et
747 3657 1162 3730 nonaudierunt
1193 3673 1382 3715 vocem
1416 3657 1741 3730 possidentis
1771 3677 1785 3713 :

589 3729 636 3785 A
667 3729 886 3811 volucri.
904 3729 1028 3784 coeli
1064 3745 1235 3800 usque
1264 3731 1332 3784 ad
1358 3729 1550 3799 pecora

665 3809 1182 3868 lransmigraverunt
1209 3812 1261 3858 et
1292 3809 1652 3857 recesserunt.

592 3872 660 3927 Et
695 3873 840 3927 dabo
865 3871 1164 3928 Jerusalem
1196 3874 1248 3928 in
1277 3888 1500 3929 acervos
1529 3888 1734 3941 arenae,

605 3952 610 3957 '
665 3954 721 3998 et
759 3943 954 3998 cubilia
986 3945 1280 4000 draconum
1309 3962 1320 3997 :

601 4015 667 4070 Et
697 4015 948 4071 civitates
973 4015 1108 4069 Juda
1133 4017 1272 4071 dabo
1301 4015 1355 4070 in
1385 4014 1778 4072 desolationem

664 4101 731 4142 ro
759 4087 901 4156 quod
933 4102 1038 4142 non
1072 4088 1141 4140 sit
1169 4088 1459 4142 habitator.

593 4157 726 4226 Quis
755 4168 840 4230 est
875 4159 959 4212 vir
983 4159 1224 4230 sapiens,
1255 4159 1344 4228 qui
1369 4159 1636 4230 intelligat
1659 4158 1784 4224 hoc,

667 4229 818 4355 etattl
845 4244 1004 4355 pingam
1029 4229 1254 4285 verbum
1275 4227 1397 4285 oris
1439 4227 1656 4287 Domini
1689 4231 1783 4286 ﬁat
1813 4238 1875 4286 ut
1907 4227 2193 4296 annuntiet

742 4317 786 4355 ts
816 4317 846 4355 u
913 4341 925 4354 .

742 4301 883 4356 istud
909 4301 925 4354 ἲ

596 4372 790 4445 Quare
824 4371 1044 4445 perierit
1091 4372 1198 4444 [ΑΙ.
1229 4373 1408 4444 periit]
1446 4382 1614 4441 terra,
1646 4381 1702 4430 et
1736 4383 1927 4429 exusta
1971 4373 2042 4428 sit
2082 4371 2190 4445 [ΑΙ.

672 4451 757 4499 est
777 4442 792 4514 V]
811 4445 963 4514 quasi
994 4442 1290 4510 desertum,

675 4531 742 4588 eo
763 4517 906 4588 quod
932 4531 1038 4571 non
1066 4518 1137 4571 sit
1161 4518 1250 4587 qui
1281 4517 1666 4588 pertranseat?

602 4587 666 4640 l-Zt
693 4587 828 4641 dixit
851 4587 1111 4642 Dominus
1138 4606 1149 4640 :
1220 4590 1223 4594 ’

604 4658 740 4726 Quia
767 4657 1170 4728 dereliquerunt
1201 4661 1374 4729 legem
1403 4674 1603 4729 meam,
1635 4674 1794 4730 quam
1819 4659 1942 4716 dedi
1972 4659 2074 4723 eis,

675 4739 730 4785 et
767 4745 874 4784 non
907 4730 1190 4787 audierunt
1214 4749 1401 4788 vocem
1436 4748 1636 4800 meam,
1679 4740 1862 4788 etnon
1886 4731 2199 4787 ambulave-

748 4810 874 4856 runt
899 4801 953 4856 in
982 4818 1046 4857 ea
1070 4821 1083 4856 :

606 4870 675 4926 Et
706 4871 957 4929 abierunt
987 4881 1108 4943 post
1129 4875 1446 4945 pravitatem
1469 4875 1650 4931 cordis
1677 4875 1788 4941 sui,

681 4953 879 5012 etpost
905 4945 1107 4999 Baalim
1139 4966 1150 4999 :

681 5015 822 5089 quod
864 5015 969 5087 [AL
1002 5017 1159 5089 quos]
1186 5018 1490 5074 didicerunt
1518 5034 1546 5072 a
1579 5018 1824 5086 patribus
1853 5018 1986 5073 suis.

607 5085 814 5141 ldcjrco
846 5085 958 5142 haec
984 5089 1115 5143 dicit
1142 5085 1404 5144 Dominus
1426 5085 1760 5144 exercituum
1785 5090 1926 5144 Deus
1960 5088 2124 5145 Israel
2150 5107 2164 5144 :

1547 247 1605 305 S.
1650 242 2028 303 HIERONYMI
2071 245 2304 306 DlVlNA
2344 244 2822 306 BIBLIOTIIECA.

2167 369 2223 430 Α
2251 436 2283 438 μ
2316 374 2372 422 et
2409 366 2621 438 mittam
2651 374 2775 438 post
2801 377 2896 421 eos
2925 362 3189 438 gladium,
3227 362 3402 422 donec
3431 371 3864 422 consumantur.

2249 436 2375 493 Haec
2402 437 2536 493 dicit
2566 436 2825 493 Dominus
2856 436 3200 493 exercituum
3229 455 3241 492 :

2257 508 2731 578 Contemplamini,

3758 245 3865 307 εθι

2317 591 2373 636 et
2402 590 2590 637 vocate
2616 581 3038 647 lamentatrices,
3069 590 3123 637 et
3149 582 3375 638 veniant
3401 598 3412 634 :

2317 662 2374 708 et
2419 653 2484 707 ad
2498 667 2630 779 teas,
2660 667 2780 725 quae
2804 652 3079 724 sapientes
3110 663 3259 722 sunt,
3288 652 3510 722 mittite,
3543 660 3597 710 et
3655 666 3866 724 prope-

2392 741 2489 779 ren
2544 743 2558 778 :

2392 741 2518 780 rent
2544 743 2558 778 Σ

2323 796 2597 864 festinent,
2632 805 2688 853 et
2707 804 2987 852 assumant
3012 811 3178 865 super
3209 811 3308 854 nos
3337 785 3652 852 lamentum
3687 810 3706 850 :

2252 867 2537 941 Dedueant
2566 869 2708 924 oculi
2739 868 2910 941 nostri
2941 869 3235 941 lacrymas,
3255 878 3309 924 et
3340 868 3619 938 palpebrae
3651 874 3863 923 nostra:

2392 939 2636 996 deﬂuant
2657 939 2832 1011 aquis.

2325 1010 2458 1078 Quia
2488 1027 2588 1066 vox
2621 1009 3018 1067 lamentationis
3046 1011 3227 1069 audita
3257 1018 3342 1066 est
3363 1009 3433 1066 de
3463 1009 3594 1066 Sion
3624 1026 3638 1063 :

2255 1081 2540 1150 Quomodo
2570 1083 2762 1138 vastati
2791 1097 2978 1138 sumus
3005 1092 3057 1138 et
3085 1083 3298 1139 confusi
3325 1081 3689 1138 vehementer
3707 1081 3734 1137 ?

2331 1155 2454 1222 quia
2475 1155 2863 1226 dereliquimus
2891 1162 3116 1218 terram,

2328 1227 2583 1297 quoniam
2615 1227 2821 1297 deiecta
2852 1239 2978 1282 sunt
3009 1226 3364 1282 tabernacula
3386 1233 3602 1297 nostra.

2263 1295 2464 1354 Audite
2494 1312 2625 1368 ergo
2651 1295 2908 1354 mulieres
2937 1298 3158 1354 verbum
3181 1295 3401 1352 Domini
3432 1312 3447 1350 :

2331 1377 2387 1426 et
2406 1365 2688 1425 assumant
2707 1385 2865 1425 aures
2887 1382 3082 1424 veStrae
3106 1384 3418 1425 sermonem
3450 1365 3563 1423 oris
3584 1365 3717 1437 ejus

2265 1442 2333 1498 Et
2360 1441 2550 1497 docete
2575 1440 2715 1496 ﬁlias
2735 1450 2945 1498 vestras
2968 1442 3287 1508 lamentum,

2335 1522 2390 1568 et
2415 1528 2757 1583 unaquaeque
2780 1515 3081 1580 proximam
3111 1528 3262 1567 suam
3290 1511 3592 1583 planctum.

2264 1585 2402 1654 Quia
2431 1585 2674 1640 ascendit
2695 1601 2841 1640 mors
2869 1601 2964 1654 per
2987 1584 3259 1640 fenestras
3287 1591 3524 1640 nostras.
3563 1634 3573 1651 ,

2340 1659 2578 1726 ingressa
2601 1666 2685 1710 est
2711 1656 2902 1710 domos
2926 1669 3164 1723 nostras,

2192 1761 2242 1823 Β
2340 1727 2658 1823 disperdere
2687 1729 2939 1823 parvulos
2966 1727 3191 1795 deforis,

2334 1801 2563 1870 juvenes
2593 1799 2660 1856 de
2687 1799 2899 1870 plateis.

2265 1872 2514 1941 Loquere
2539 1889 2552 1927 :

2269 1943 2398 1998 Ητηο
2428 1942 2560 1997 dicit
2593 1941 2850 1998 Dominus
2878 1959 2893 1996 :

2269 2015 2337 2070 Et
2365 2015 2521 2069 cadet
2568 2013 2911 2069 morticinum
2967 2013 3205 2069 hominis
3244 2012 3405 2085 quasi
3447 2018 3662 2070 stercus
3710 2023 3872 2081 super

2413 2086 2604 2141 faciem
2619 2085 2898 2157 regionis,

2341 2166 2397 2214 et
2425 2158 2578 2228 quasi
2607 2155 2794 2212 fenum
2827 2167 2949 2227 post
2970 2165 3181 2229 tergum
3211 2155 3488 2226 metentis,

2343 2239 2397 2284 et
2421 2245 2528 2301 non
2559 2238 2642 2301 est
2667 2234 2756 2300 qui
2789 2229 3030 2301 colligat.

2273 2301 2399 2355 Haec
2426 2299 2557 2354 dicit
2587 2299 2848 2356 Dominus
2875 2318 2888 2355 ε

2270 2371 2388 2428 Νοη
2422 2371 2688 2444 glorietur
2715 2373 2929 2442 sapiens
2956 2373 3011 2427 in
3041 2371 3304 2444 sapientia
3327 2385 3448 2437 sua,

2344 2453 2401 2500 et
2430 2459 2537 2498 non
2559 2443 2818 2514 glorietur
2842 2445 2998 2500 fortis
3023 2445 3075 2499 in
3107 2443 3424 2499 fortitudine
3454 2457 3575 2512 sua,

2346 2524 2400 2572 et
2429 2530 2535 2586 non
2567 2515 2828 2586 glorietur
2852 2515 3001 2570 dives
3028 2516 3078 2570 in
3107 2516 3307 2571 divitiis
3335 2516 3446 2570 suis
3471 2531 3484 2566 :

2275 2587 2383 2644 Sed
2408 2587 2460 2664 i_n
2491 2585 2595 2641 hoc
2624 2586 2910 2655 glorietur,
2935 2587 3032 2664 qui
3050 2587 3340 2658 gloriatur,
3368 2658 3401 2664 _
3507 2656 3518 2664 _
3578 2662 3584 2664 _
3749 2653 3760 2664 ,

2346 2658 2494 2734 scire
2532 2668 2599 2734 et_
2616 2651 2776 2734 nosse
2807 2674 2916 2734 me,
2947 2651 3080 2728 quia'
3094 2675 3202 2734 ego
3214 2673 3336 2734 sum
3368 2656 3637 2734 Dominus
3667 2653 3762 2734 qui
3799 2651 3876 2734 fa-

2419 2729 2502 2786 cio
2531 2726 2978 2799 misericordlam,
3020 2738 3074 2785 et
3111 2726 3376 2800 judicium
3416 2739 3471 2785 et
3506 2726 3782 2798 justitiam
3824 2726 3874 2778 itt

2423 2811 2566 2857 terra
2585 2817 2598 2854 3

2278 2873 2404 2929 Haec
2431 2873 2574 2928 enim
2599 2873 2814 2944 placent
2836 2872 2971 2944 mihi
3002 2870 3053 2938 δ,
3087 2872 3164 2928 ait
3206 2871 3507 2937 Dominus;

2278 2946 2423 3000 Ecce
2451 2945 2568 3000 dies
2595 2943 2841 3011 veniunt,
2874 2943 3009 2998 dicit
3036 2944 3332 2999 Dominus:
3709 3008 3724 3011 _
3783 3007 3797 3011 _
3907 2987 3912 2992 .

2347 3025 2402 3072 et
2447 3018 2678 3072 visitabo
2708 3007 2872 3087 super
2903 3030 3120 3072 omnem
3149 3016 3242 3088 qui
3281 3011 3671 3071 circumcisum
3709 3007 3872 3066 habet

2421 3088 2762 3159 praeputium,

2204 3150 2250 3214 C
2281 3150 2453 3230 Super
2476 3150 2788 3230 Aﬂgyptum,

2357 3242 2410 3288 et
2432 3247 2596 3299 super
2618 3232 2836 3301 .lttdam,

2351 3313 2406 3360 et
2433 3317 2597 3372 super
2622 3304 2815 3369 Edom,

2355 3382 2411 3432 ct
2439 3390 2608 3444 super
2635 3374 2776 3429 ﬁlios
2799 3372 3056 3441 Ammon,

2358 3455 2414 3501 et
2443 3460 2610 3516 super
2632 3447 2810 3512 Moab,

2358 3526 2415 3573 et
2435 3515 2597 3588 super
2627 3532 2818 3586 omnes
2849 3519 2940 3588 qni
2967 3515 3170 3573 attonsi
3195 3524 3322 3572 sunt
3347 3515 3400 3571 in
3426 3527 3668 3578 comam,

2361 3589 2664 3644 habitantes
2692 3589 2746 3643 in
2778 3589 2994 3644 deserto
3022 3608 3033 3642 :

2288 3661 2425 3730 Quia
2451 3676 2645 3716 omnes
2667 3671 2859 3731 gentes
2887 3662 3088 3716 habent
3111 3660 3460 3730 przeputium,

2360 3734 2539 3787 omnis
2560 3719 2740 3786 autem
2763 3732 2958 3789 domus
2975 3719 3142 3788 Israel
3165 3719 3533 3788 incircumcisi
3553 3732 3686 3782 sunt
3703 3719 3880 3780 corde.

2290 3799 2444 3875 [ϐαρ.
2476 3803 2570 3876 Χ.]
2609 3803 2806 3859 Audite
2835 3805 3080 3870 verbum,

2362 3862 2507 3945 quod
2538 3862 2746 3931 locutus
2772 3885 2856 3931 est
2874 3862 3137 3933 Dominus
3158 3890 3322 3946 super
3341 3887 3458 3938 vos,
3483 3870 3679 3926 domus
3702 3862 3880 3922 Israel.

2292 3946 2422 4001 Haec
2446 3947 2579 4001 dicit
2600 3947 2866 4002 Dominus
2897 3965 2910 4001 :

2290 4017 2452 4073 Juxta
2483 4019 2596 4073 vias
2627 4021 2870 4087 gentium
2895 4018 3065 4074 nolite
3085 4017 3367 4074 discedere
3401 4032 3418 4072 :

2365 4099 2420 4145 et
2441 4106 2470 4142 a
2494 4085 2664 4160 signis
2681 4092 2803 4146 caeli
2829 4091 2996 4145 nolite
3015 4103 3287 4154 metuere,
3306 4103 3427 4158 qua:
3449 4085 3644 4141 timent
3657 4087 3876 4155 gentes:

2293 4161 2428 4235 Quia
2456 4163 2614 4235 leges
2652 4163 2974 4232 populorum
3003 4177 3157 4235 vanze
3178 4169 3304 4215 sunt
3339 4177 3352 4213 :
3739 4222 3806 4235 η
3845 4221 3854 4230 _

2293 4222 2430 4299 Quia
2455 4222 2666 4304 ligimm'
2685 4222 2752 4288 de
2776 4235 2915 4289 saltu
2957 4234 3202 4305 praecidit
3227 4246 3357 4302 opes
3381 4243 3637 4286 manuum
3669 4222 3885 4283 artiﬁcis

2411 4349 2413 4354 .
2441 4320 2492 4358 ID
2515 4319 2680 4360 asota.
3167 4330 3173 4336 '

2295 4374 2533 4446 Argento
2556 4384 2612 4431 et
2630 4391 2763 4430 auro
2790 4376 3068 4432 decoravit
3097 4375 3232 4431 illud
3265 4392 3280 4431 :

2368 4442 2539 4520 clavis
2563 4457 2619 4502 et
2644 4449 2856 4520 malleis
2877 4449 3168 4520 compegit.
3211 4457 3270 4502 ut
3304 4459 3415 4500 non
3446 4442 3779 4500 dissolvatur
3808 4454 3822 4492 :

2215 4539 2269 4600 ι)
2295 4519 2352 4575 1η
2372 4518 2782 4600 similitudinem
2812 4522 3002 4591 palmae
3042 4518 3296 4576 fabricata
3323 4524 3469 4586 sunt,

2375 4601 2430 4646 et
2460 4605 2565 4656 non
2599 4591 2889 4660 loquentur
2916 4610 2930 4646 :

2302 4662 2520 4718 Portala
2544 4664 2823 4730 tollentur,
3083 4709 3088 4713 .

2376 4737 2501 4803 quia
2530 4735 2780 4790 incedere
2812 4750 2918 4790 non
2948 4734 3148 4792 valent.

2303 4806 2480 4861 Nolite
2505 4821 2637 4876 ergo
2661 4809 2857 4862 timere
2883 4823 2969 4873 ea,

2378 4882 2502 4948 quia
2528 4874 2627 4934 nec
2650 4879 2788 4933 male
2819 4885 3050 4950 possunt
3077 4879 3281 4944 facere,
3315 4890 3417 4933 nec
3438 4874 3600 4932 bene.

2305 4947 2423 5004 Non
2446 4959 2526 5004 est
2547 4950 2741 5005 similis
2781 4947 2876 5017 tui,
2918 4950 3188 5005 Domine:
3483 5018 3493 5021 _
3564 5017 3582 5021 _
3671 5015 3682 5021 Α
3766 5010 3799 5021 η

2379 5036 2605 5091 ηιαειιιιει
2625 5031 2703 5087 ιιι,
2721 5032 2777 5076 et
2801 5010 3051 5092 maguum
3079 5036 3275 5076 nomen
3306 5031 3458 5092 tuum
3481 5018 3535 5074 in
3561 5010 3884 5074 fortitudine.

2317 5092 2449 5162 Quis
2481 5107 2584 5147 non
2618 5093 2828 5148 timebit
2852 5091 2926 5165 te,
2956 5109 2989 5149 o
3017 5109 3116 5148 rex
3140 5091 3422 5165 gentium?

617 5155 761 5212 Ecce
780 5173 881 5228 ego
903 5160 1094 5232 cibabo
1121 5169 1147 5198 ⁸
1181 5162 1435 5232 populant
1467 5163 1631 5215 istum
1660 5160 1954 5227 absinthio,

682 5238 737 5284 et
759 5240 941 5299 potum
977 5231 1118 5286 dabo
1150 5235 1228 5287 eis
1254 5231 1457 5301 aquam
1493 5232 1654 5286 fellis.

614 5298 684 5356 Et
727 5298 1038 5373 dispergam
1065 5318 1161 5358 eos
1201 5304 1256 5358 in
1301 5298 1572 5372 gentibus,
1624 5319 1756 5375 quas
1797 5319 1904 5362 non
1934 5313 2205 5362 noverunt

754 5375 857 5445 ipsi
885 5383 939 5430 et
959 5383 1141 5446 patres
1168 5389 1356 5430 eorum
1383 5392 1394 5428 ε

2383 5175 2531 5218 tuum
2557 5177 2639 5220 est
2668 5167 2810 5220 enim
2837 5163 3005 5220 decus
3038 5182 3049 5217 :
3150 5163 3163 5165 ⁷
3890 5183 3926 5230 ο

2309 5235 2466 5313 Inter
2482 5246 2711 5313 cunctos
2737 5237 3014 5313 sapientes
3045 5237 3309 5306 gentium,
3334 5307 3368 5313 __
3619 5302 3631 5313 ,

2378 5308 2508 5363 etin
2534 5300 2816 5364 universis
2836 5300 3225 5380 regniséorum
3259 5300 3443 5362 nullus
3478 5313 3561 5360 est
3589 5300 3780 5359 similis
3804 5300 3888 5350 lui-

2307 5378 2517 5436 Pariter
2547 5392 2568 5421 ο
2601 5378 2924 5452 insipientes
2941 5391 2992 5438 et
3018 5379 3153 5438 fatui
3182 5380 3553 5454 probabuntur
3579 5395 3592 5430 :

2303 5553 2498 5610 versus,
2532 5553 2638 5610 non
2666 5545 2793 5610 post
2815 5535 2905 5610 16.
2927 5536 3125 5610 Μιιιιτ-Δ
3334 5604 3396 5610 ,,,
3420 5604 3434 5610 ,
3651 5601 3685 5610 ..
3711 5599 3720 5610 .

2391 5620 2414 5647 ο
2447 5601 2508 5664 In
2537 5601 2718 5679 Cum},
2746 5606 2906 5664 Fami
2933 5617 2981 5665 et
3010 5607 3301 5679 sapientes.
3334 5604 3460 5662 Vid.
3493 5618 3611 5677 qua:
3651 5601 3723 5659 ibi
3746 5606 3893 5654 anuc-

2322 5690 2527 5738 tantur.

684 5546 708 5574 ⁸
740 5535 986 5591 Pressius
1025 5535 1112 5605 ad
1132 5533 1413 5589 llebrzcum
1444 5536 1723 5605 exemplar
1751 5536 1929 5604 posuit
1955 5535 2013 5591 S.
2041 5533 2197 5591 Pater

610 5610 667 5666 in
683 5605 1054 5664 Commentar.
1079 5603 1273 5661 Cibabo
1301 5623 1409 5674 eos,
1443 5603 1696 5680 populum
1729 5603 1907 5676 iatum,
1940 5607 2208 5678 siquidem

615 5713 672 5759 et
704 5702 969 5759 ilebraice
1001 5701 1165 5757 habet
1192 5709 1294 5759 mn
1319 5709 1441 5765 tarn
1466 5711 1548 5759 ru
1579 5685 1824 5761 tabum.

691 5774 717 5813 ιο
746 5774 888 5843 Lege
934 5774 1021 5828 hic
1067 5775 1121 5829 in
1150 5770 1382 5844 Speculo
1425 5771 1484 5828 S.
1521 5773 1839 5843 Augustini,
1886 5771 1955 5828 Et
2005 5781 2118 5842 post
2145 5773 2214 5828 l5
