4114 6364
233 320 343 381 863

309 430 558 490 doctrina
586 430 844 489 vanitatis
874 446 1062 490 eorum
1097 430 1300 502 lignum
1333 441 1436 490 est.

235 509 544 577 Argentum
577 504 883 577 involutum
923 505 992 561 de
1019 503 1242 561 Tharsis
1268 503 1515 575 affertur,

314 576 375 633 el
400 593 592 634 aurum
625 577 695 632 de
723 576 907 646 Ophaz
940 599 954 632 :

313 664 454 721 opus
479 648 725 721 artificis,
747 659 803 704 et
828 661 1020 704 manus
1046 647 1228 704 aerarii
1255 667 1266 702 :

240 720 583 795 Hyacinthus
601 728 663 795 et
689 735 930 795 purpura
967 721 1348 795 indumentum
1375 735 1588 777 eorum.

315 797 464 863 (lpus
483 790 750 848 artificum
779 794 1035 848 universa
1068 790 1205 846 hanc.

245 865 514 922 Dominus
540 875 720 919 autem
748 864 892 919 Deus
926 877 1090 918 verus
1115 871 1233 918 est:

318 938 441 1008 ipse
461 934 570 1008 [AL
594 935 722 1007 iste]
753 938 893 991 Deus
913 937 1120 1001 vivens,
1149 943 1207 1008 et
1221 949 1317 1008 rex
1346 934 1735 1004 sempiternus.

245 1007 737 1078 Abindignatione
757 1008 874 1077 ejus
908 1007 1346 1063 commovebitur
1375 1017 1515 1062 terra
1545 1026 1558 1063 :

320 1091 376 1136 et
407 1094 520 1134 non
544 1078 895 1152 sustinebunt
916 1087 1105 1150 gentes
1133 1079 1617 1135 comminationem
1662 1080 1806 1152 ejus.

249 1151 341 1208 Sic
368 1165 499 1221 ergo
527 1149 720 1206 dicetis
745 1151 846 1207 eis.

254 1223 363 1288 Dii,
392 1223 483 1293 qui
508 1221 678 1277 caelos
703 1233 756 1278 et
784 1231 986 1279 terram
1011 1236 1119 1293 non
1151 1221 1420 1289 fecerunt,

329 1291 557 1364 pereant
583 1293 651 1348 de
677 1303 843 1360 terra,
875 1305 929 1348 et
957 1294 1026 1348 de
1057 1291 1142 1347 his
1172 1309 1292 1363 qua:
1322 1296 1422 1348 sub
1446 1293 1588 1351 coelo
1611 1303 1756 1350 sunt.

254 1368 361 1436 Qui
393 1365 524 1421 facit
551 1372 753 1420 terram
779 1367 830 1420 in
865 1365 1180 1421 fortitudine
1215 1380 1335 1428 sua.

329 1446 597 1510 prmparat
633 1438 823 1510 orbem
851 1437 903 1491 in
934 1437 1211 1510 sapientia
1241 1451 1362 1504 sua,

331 1506 388 1566 et
411 1506 692 1580 prudentia
719 1524 814 1564 sua
838 1508 1084 1563 extendit
1113 1506 1302 1563 cmlos.

257 1583 346 1639 Ad
373 1595 562 1638 vocem
593 1596 744 1635 suam
773 1583 865 1634 dat
891 1580 1292 1634 multitudinem
1324 1594 1584 1650 aquarum
1608 1581 1659 1636 in
1683 1581 1846 1649 caelo,

336 1662 392 1708 et
415 1653 590 1708 elevat
616 1652 839 1707 nebulas
857 1653 924 1706 ab
957 1651 1394 1706 extremitatibus
1429 1661 1588 1709 terra:
1615 1670 1629 1708 :

259 1725 498 1795 Fulgura
527 1723 580 1778 in
611 1723 846 1793 pluviam
881 1723 1028 1795 facit,

336 1793 392 1854 et
420 1795 602 1851 educit
627 1805 846 1850 ventum
881 1794 950 1849 de
984 1793 1254 1848 thesauris
1276 1795 1410 1850 suis.

260 1839 1194 1926 διῦῐιιῖξῩέἓιιίζὲὲῖὂηῖιῖίέ’ἰῖόίἱίἑὶ
1211 1839 1545 1922 ’ἴὲὲῖὲηιῑιι
1578 1865 1686 1937 [AL
1718 1866 1848 1922 add.
1883 1839 1930 1900 Β

389 1953 542 2004 suaj,

338 1938 592 2065 «3:395:15
619 2016 704 2065 est
729 2006 928 2064 artifex
957 2005 1133 2062 omnis
1158 2005 1209 2060 in
1230 2006 1467 2078 sculptili
1503 2024 1515 2062 :

264 2077 533 2146 Quoniam
561 2080 751 2136 falsum
781 2079 1027 2150 estquod
1057 2078 1335 2145 conflavit,

341 2161 526 2210 etnon
557 2160 644 2208 est
675 2151 896 2222 spiritus
928 2153 979 2205 in
1010 2150 1108 2205 eis.

268 2222 419 2279 Vana
447 2233 595 2284 sunt.
617 2233 672 2280 et
692 2221 829 2294 opus
852 2222 964 2276 risu
985 2221 1214 2294 dignum
1249 2237 1262 2273 :

345 2296 399 2350 in
426 2305 670 2366 tempore
695 2291 1028 2366 visitationis
1054 2291 1164 2366 Sua:
1190 2291 1462 2363 peribunt.

269 2367 390 2424 Non
413 2380 494 2424 εει
526 2364 609 2421 liis
633 2366 828 2421 similis
857 2382 981 2435 pars
1002 2364 1207 2420 Jacob:

345 2440 436 2510 qui
469 2439 612 2495 enim
645 2438 896 2510 formavit
916 2437 1121 2510 omnia,
1152 2437 1267 2510 ipse
1297 2443 1381 2492 est
1409 2453 1422 2489 :

349 2507 406 2566 et
433 2510 600 2566 Israel
627 2509 780 2579 virga
813 2507 1147 2564 baereditatis
1169 2507 1283 2576 ejus
1311 2528 1323 2563 :

275 2582 538 2638 Dominus
572 2583 903 2637 exercituum
933 2594 1130 2635 nomen
1159 2588 1240 2632 est
1271 2580 1346 2633 illi
1374 2595 1390 2635 ξ

273 2655 557 2726 Congrega
572 2654 646 2726 de
668 2661 809 2726 terra
832 2651 1202 2726 cenfusionem
1231 2657 1404 2718 tuam,

351 2723 472 2796 qua:
501 2725 709 2780 habitas
740 2725 792 2779 in
815 2723 1115 2779 obsidione.

277 2796 414 2863 Quia
443 2797 559 2852 haec
585 2796 714 2852 dicit
742 2796 1002 2850 Dominus
1029 2811 1042 2848 :

278 2869 425 2925 Ecce
449 2884 549 2940 ego
575 2868 731 2940 longe
773 2867 1052 2940 projiciam
1093 2863 1431 2920 habitatores
1477 2873 1637 2921 terrae
1677 2865 1730 2922 in
1767 2864 1867 2922 hac

424 2956 540 2997 rice
569 2957 586 2996 ἒ

353 3011 412 3069 et
440 3021 466 3050 τι
499 3011 766 3068 tribulabo
796 3026 914 3076 eos,
947 3010 1018 3064 ita
1050 3016 1110 3064 ut
1140 3007 1505 3064 inveniantur.

281 3083 382 3141 Vae
410 3083 540 3139 mihi
573 3099 737 3151 super
765 3083 1093 3138 contritione
1117 3096 1256 3146 mea,

359 3156 586 3226 pessima
617 3157 767 3225 plaga
793 3170 932 3210 mea.

285 3228 399 3298 Ego
424 3237 602 3282 autem
636 3227 742 3281 dixi
769 3245 782 3280 ε

357 3299 524 3355 Plane
556 3299 670 3354 lucc
693 3297 976 3352 infirmitas
1005 3310 1123 3351 mea
1143 3304 1246 3364 est,

357 3381 413 3426 et
441 3370 663 3441 portabo
691 3369 860 3423 illam.

287 3442 718 3499 Tabernacnlum
749 3456 929 3496 meum
959 3448 1222 3494 vastatum
1251 3446 1356 3501 est,

357 3529 548 3569 omnes
570 3512 792 3568 funiculi
819 3512 924 3567 mei
951 3513 1181 3582 disrupti
1210 3521 1358 3576 sunt,

361 3584 451 3640 lilii
483 3585 588 3640 mei
615 3585 865 3641 exierunt
886 3601 913 3638 a
945 3599 1053 3647 me,
1083 3580 1136 3638 et
1169 3597 1273 3638 non
1297 3580 1603 3637 subsistunt
1639 3600 1650 3637 :

286 3656 406 3713 Non
435 3665 517 3712 cst
543 3657 633 3728 qui
664 3658 924 3711 extendat
949 3656 1089 3711 ultra
1120 3654 1409 3711 tentorium
1443 3669 1646 3722 meum,

358 3738 413 3785 et
436 3729 610 3797 erigat
636 3729 801 3798 pelles
833 3743 1002 3782 meas.

288 3800 423 3870 Quia
456 3801 618 3856 stulte
639 3811 863 3870 egerunt
887 3809 1158 3869 pastores,

362 3883 414 3929 et
446 3871 726 3927 Dominum
757 3887 862 3925 non
893 3871 1262 3940 quaesierunt:

294 3945 582 4014 Propterea
605 3959 709 3998 non
735 3943 1147 4014 intellexerunt,

366 4011 423 4072 et
451 4016 624 4071 omnis
645 4030 778 4086 grex
801 4029 988 4069 eorum
1015 4011 1295 4086 dispersus
1331 4019 1434 4067 est.

297 4087 408 4144 Vox
439 4087 731 4142 auditionis
752 4101 881 4141 ecce
903 4085 1072 4148 venit,

367 4171 420 4215 et
447 4162 740 4216 commotio
771 4173 962 4224 magna
1005 4155 1074 4210 de
1097 4166 1238 4211 terra
1270 4153 1539 4224 aquilonis
1571 4169 1586 4207 :

367 4173 420 4215 et
447 4173 740 4216 commotio
771 4175 852 4213 ma
900 4173 962 4210 na
1005 4173 1074 4210 ne
1097 4173 1238 4211 terra
1270 4173 1539 4224 aquilonis
1571 4173 1586 4207 :

300 4230 366 4287 Ut
394 4240 553 4299 ponat
583 4231 834 4285 civitates
860 4173 993 4288 Juda
1017 4226 1120 4299 [AL
1151 4226 1278 4281 add.
1317 4225 1390 4298 in]
1416 4224 1792 4294 solitudinem,

365 4311 420 4355 et
444 4302 802 4356 habitaculum
833 4303 1150 4356 draconum.

297 4372 444 4437 Scio,
479 4373 729 4439 Domine,
764 4373 888 4442 quia
922 4389 1027 4426 non
1060 4381 1142 4426 est
1172 4369 1412 4424 hominis
1443 4369 1527 4424 via
1552 4371 1707 4440 ejus:

371 4459 473 4498 ncc
492 4445 595 4499 viri
613 4458 698 4500 est
727 4444 1063 4510 utambnlet,
1099 4450 1152 4496 ct
1174 4443 1371 4513 dirigat.
1391 4457 1614 4512 gressus
1641 4455 1794 4497 SUUS.

297 4516 523 4586 Corripe
553 4531 661 4581 me,
693 4517 935 4580 Domine,

371 4583 743 4641 verumtamen
769 4587 818 4638 iu
848 4585 1066 4652 judicio,
1099 4594 1152 4640 et
1179 4601 1284 4639 non
1311 4585 1363 4639 in
1393 4583 1575 4640 furore
1608 4593 1720 4649 tuo,

370 4673 440 4712 ne
469 4657 609 4726 forte
637 4658 702 4726 ad
734 4655 958 4710 nihilum
989 4656 1202 4726 redigas
1228 4671 1332 4709 me.

305 4725 543 4786 Effunde
571 4725 992 4796 indignationem
1017 4725 1164 4781 tuam
1191 4741 1357 4797 super
1382 4735 1594 4798 gentes,
1625 4743 1746 4798 quae
1776 4743 1881 4782 non

443 4807 813 4867 cegnoveruut
845 4807 917 4862 te,

369 4869 608 4941 ct'super
632 4870 959 4939 provincias,
1003 4885 1122 4940 qua:
1159 4883 1356 4925 nomen
1397 4877 1547 4924 tuum
1583 4886 1688 4926 nou
1726 4870 1885 4926 invo-

436 4950 695 4997 caverunt
724 4959 738 5008 ;

299 5016 431 5085 Quia
464 5015 823 5069 comederunt
850 5014 1041 5077 Jacob,
1065 5022 1122 5085 et
1144 5013 1547 5068 devoraverunt
1577 5029 1722 5084 eum,

370 5096 426 5144 et
450 5098 903 5155 consumpserunt
927 5087 1076 5140 illum
1098 5083 1201 5155 [ΑΙ.
1235 5085 1431 5156 locum]
1453 5127 1467 5151 ,

371 5169 427 5214 et
457 5157 625 5213 decus
653 5160 768 5225 ejus
788 5157 1215 5226 dissipaverunt.

303 5227 598 5302 [Cap.Xl.]
634 5229 892 5302 Verbum,
942 5227 1084 5297 quod
1135 5229 1329 5282 factum
1364 5235 1447 5282 est
1498 5244 1527 5283 a
1562 5228 1790 5282 Domino
1828 5227 1894 5283 ad

271 5321 282 5336 ι
304 5301 318 5302 ”
440 5301 758 5365 Jeretuiam,
785 5301 976 5354 dicens
1003 5317 1013 5352 :

301 5373 502 5430 Audite
529 5373 691 5427 verba
723 5371 862 5441 pacti
894 5370 1078 5440 hujus,

373 5462 428 5510 et
448 5451 730 5579 loqulimini
758 5452 825 5507 ad
854 5451 1001 5506 viros
1027 5449 1185 5519 Juda,
1218 5459 1274 5506 et
1307 5449 1372 5505 ad
1418 5449 1751 5507 habitatores
1807 5449 1896 5506 Je-

423 5541 570 5579 rusa
595 5540 702 5579 em.

423 5540 702 5581 ~rusatem.

376 5663 489 5718 a-ln
519 5663 770 5719 omnibus
815 5677 947 5716 mss.
989 5669 1043 5716 et
1075 5659 1127 5714 in
1158 5658 1376 5716 Canone
1406 5659 1582 5715 addita
1615 5658 1896 5727 reperitur

303 5736 566 5810 particula
598 5735 862 5810 negativa,
894 5735 967 5810 ίῳ
998 5743 1176 5786 utnon
1206 5733 1547 5810 inveniantur.
1594 5732 1663 5784 At
1688 5732 1886 5810 lliero-

307 5803 504 5880 nymus
547 5807 664 5880 ipse
693 5806 790 5862 lib.
833 5822 867 5861 ιι
911 5806 1215 5880 Comment.
1268 5804 1637 5880 indere-iniam
1685 5803 1886 5880 absque

312 5875 402 5944 tali
435 5875 718 5952 negatione
749 5877 1032 5953 legendum
1057 5877 1261 5934 docuit.
1301 5875 1392 5934 Sic
1418 5892 1538 5950 eos,
1570 5877 1760 5952 inquit,
1797 5875 1886 5932 ob-

1369 313 1577 378 LIBER
1613 321 1933 385 JEREMLE
1973 318 2388 386 PROPllETIE.

1871 443 1918 503 A

1908 4615 1959 4674 D

3435 331 3538 389 868

2017 449 2073 496 et
2093 439 2239 495 dices
2260 436 2327 492 ad
2349 451 2443 492 eos
2468 453 2481 489 :

1947 512 2075 566 Hac
2104 508 2238 564 dicit
2260 508 2521 563 Dominus
2549 507 2688 563 Dens
2716 505 2883 564 lsrael
2913 525 2927 564 :

1948 581 2267 655 Maledictus
2291 580 2393 644 vir,
2414 578 2517 655 qui
2547 595 2655 655 non
2680 580 2912 635 audierit
2936 582 3103 638 verba
3131 583 3270 652 pacti
3301 582 3483 655 hujus,

2018 653 2162 726 quod
2197 652 2424 727 praecepi
2469 652 2958 727 patribusveStris,
3009 655 3064 710 iii
3105 655 3196 710 die
3226 671 3329 727 qua
3374 652 3541 713 eduxi

2125 737 2218 777 cos
2248 722 2315 776 de
2339 733 2479 794 terra
2509 721 2750 794 lEgypti,

2021 795 2092 850 de
2119 794 2339 849 fornace
2367 793 2563 860 ferrea,
2589 793 2776 850 dicens
2809 813 2822 849 :

1948 868 2146 923 Audite
2167 879 2357 991 |vocem
2387 880 2587 934 meam,
2614 874 2670 921 et
2716 866 2873 924 facite
2918 868 3103 925 omnia
3132 884 3254 942 qua:
3281 871 3543 943 prmcipio

2092 953 2162 991 VO
2187 952 2272 991 ηε.

2092 952 2272 1003 vonis,

2020 1020 2074 1066 et
2092 1010 2254 1134 Britis
2285 1006 2419 1063 mihi
2462 1008 2518 1064 in
2551 1009 2833 1081 populum,
2881 1021 2938 1068 et
2994 1028 3096 1084 ego
3137 1028 3234 1070 ero
3282 1013 3439 1070 vobis
3490 1015 3545 1071 in

2141 1097 2262 1134 eum
2289 1098 2302 1134 ἒ

2093 1097 2302 1136 ueum:

1949 1151 2021 1210 Ut
2053 1152 2309 1228 suscitem
2337 1151 2727 1222 juramentum,
2763 1153 2910 1226 quod
2929 1153 3106 1226 juravi
3150 1156 3398 1228 patribus
3446 1173 3544 1215 ve-

2093 1224 2252 1290 stris,

2020 1296 2268 1370 daturum
2295 1310 2381 1370 me
2413 1297 2491 1370 eis
2516 1305 2715 1352 terram
2744 1296 3003 1354 fluentem
3039 1299 3176 1355 lacte
3199 1310 3253 1355 et
3287 1301 3477 1370 melle,

2023 1368 2166 1424 sicut
2191 1377 2275 1423 est
2301 1366 2418 1422 dies
2441 1368 2578 1423 lucc.

1951 1439 2018 1496 Et
2041 1440 2320 1510 respondi,
2345 1450 2397 1493 et
2421 1439 2530 1493 dixi
2563 1458 2576 1494 :

2025 1512 2220 1576 Amen,
2248 1512 2491 1566 Domine.
2590 1553 2595 1558 .

1952 1583 2022 1639 Et
2041 1581 2177 1636 dixit
2207 1584 2470 1637 Dominus
2497 1582 2561 1636 ad
2588 1598 2710 1640 me:

1950 1653 2261 1710 Vociferare
2285 1654 2462 1708 munia
2496 1655 2658 1710 verba
2690 1655 2806 1711 hrcc
2835 1655 2888 1712 in
2917 1655 3228 1713 civitatibus
3257 1657 3282 1714 J
3293 1659 3414 1716 uda.

2024 1737 2076 1780 et
2103 1726 2233 1780 foris
2259 1725 2584 1792 Jerusalem,
2606 1726 2792 1781 dicens
2817 1745 2830 1782 :

1958 1796 2154 1853 Audite
2175 1799 2338 1854 verba
2370 1797 2514 1866 pacti
2545 1798 2724 1868 hujus,
2758 1807 2814 1854 et
2845 1799 2999 1854 facite
3029 1801 3115 1856 illa
3146 1819 3159 1855 ε

2026 1869 2160 1941 quia
2191 1877 2499 1941 contestans
2541 1877 2874 1925 contestatus
2931 1887 3048 1926 sum
3101 1883 3280 1941 patres
3321 1883 3547 1941 vestros,

2027 1941 2080 2066 ida
2112 1939 2333 2065 dielqua
2377 1938 2538 1996 eduxi
2590 1954 2683 1996 eos
2713 1941 2779 1996 de
2827 1950 2971 1998 terra
3016 1938 3254 2015 IEgypti,
3288 1959 3456 2016 usque
3483 1938 3552 2002 ad

2067 2027 2169 2066 tem
2220 2027 2379 2065 iane:

2067 2027 2169 2067 tem
2203 2027 2340 2065 uane
2369 2030 2379 2065 ἒ

1956 2083 2363 2208 Manedsurgens
2388 2091 2722 2140 contestatus
2751 2100 2892 2154 sum,

2029 2167 2082 2208 et
2149 2171 2218 2208 ixi
2251 2175 2263 2208 ;

2029 2167 2082 2209 et
2108 2167 2218 2210 (Jle
2251 2175 2263 2209 ζ

1947 2226 2159 2304 Audite
2189 2242 2377 2304 vocem
2409 2243 2582 2282 meam
2615 2244 2631 2280 ε

2033 2308 2090 2352 et
2120 2312 2226 2352 non
2255 2300 2566 2364 audierunt,
2591 2314 2692 2354 nec
2721 2298 3122 2356 inclinaverunt
3147 2315 3333 2358 aurem
3357 2314 3509 2358 suam
3541 2318 3554 2353 :

1964 2368 2072 2426 Sed
2105 2370 2354 2494 abiﬁrunt
2406 2371 2777 2441 unusquisque
2830 2373 2880 2426 in
2927 2372 3194 2442 pravitate
3239 2374 3423 2430 cordis
3471 2371 3559 2426 sui

2110 2456 2192 2494 Ilia
2219 2459 2236 2494 ι
2267 2460 2279 2494 ε

2110 2456 2236 2495 mau
2267 2460 2279 2496 2

1967 2511 2038 2566 Ει
2070 2512 2256 2568 induxi
2283 2527 2447 2589 super
2479 2527 2574 2589 eos
2605 2514 2785 2568 omnia
2817 2514 2978 2569 verba
3020 2516 3162 2585 pacti
3193 2514 3387 2589 hujus,
3414 2515 3559 2588 quod

2115 2599 2288 2653 praece
2301 2587 2373 2652 pi,
2407 2593 2466 2638 ut
2487 2585 2747 2655 facerent,

2040 2664 2096 2711 et
2127 2671 2232 2710 non
2264 2655 2528 2722 fecerunt.

1969 2725 2040 2782 Et
2071 2728 2204 2782 dixit
2231 2728 2496 2784 Dominus
2524 2727 2589 2782 ad
2620 2743 2706 2784 me
2741 2747 2752 2783 :

2043 2797 2267 2873 Inventa
2295 2809 2378 2854 est
2404 2799 2707 2873 conjuratio
2739 2801 2792 2856 in
2821 2802 2953 2858 viris
2972 2802 3132 2873 Juda,

2043 2880 2097 2924 et
2123 2875 2174 2924 in
2207 2870 2538 2926 habitatores
2565 2870 2887 2929 Jerusalem.

1973 2940 2200 3018 Reversi
2227 2951 2354 3018 sunt
2383 2942 2447 2997 ad
2481 2942 2795 3018 iniquitates
2823 2956 3038 3018 patrum
3069 2958 3296 3004 suorum
3326 2945 3557 3018 priores,

2047 3015 2137 3082 qui
2173 3015 2463 3070 noluerunt
2501 3013 2693 3071 audire
2725 3013 2887 3071 verba
2913 3034 3029 3074 mea
3066 3038 3077 3072 ;

1976 3085 2042 3141 Ει
2071 3084 2126 3140 hi
2157 3101 2289 3154 ergo
2316 3085 2567 3158 abierunt
2591 3097 2712 3156 post
2742 3087 2876 3145 deos
2898 3089 3132 3158 alienos,

2048 3166 2111 3211 ut
2132 3159 2397 3212 servirent
2423 3157 2502 3212 eis
2534 3175 2546 3211 :

1897 3225 1944 3288 C
1976 3227 2191 3284 lrritum
2220 3227 2464 3285 fecerunt
2486 3233 2680 3286 domus
2700 3231 2866 3289 Israel
2889 3243 2942 3289 et
2969 3233 3166 3292 domus
3191 3235 3330 3293 Juda
3348 3244 3564 3308 pactum

2122 3315 2324 3368 meum,

2048 3375 2190 3441 quod
2224 3373 2400 3442 pepigi
2427 3388 2546 3428 cum
2588 3375 2828 3444 patribus
2859 3391 3071 3432 eorum.

1975 3441 2146 3509 Quam
2176 3444 2246 3498 ob
2277 3441 2389 3498 rem
2425 3444 2540 3500 huic
2571 3441 2702 3501 dicit
2732 3446 2996 3504 Dominus
3023 3466 3035 3501 :

1979 3515 2122 3571 Ecce
2159 3530 2260 3591 ego
2287 3516 2533 3591 inducam
2579 3516 2688 3588 [ΑΙ.
2729 3519 2919 3590 induo]
2955 3535 3120 3591 super
3163 3535 3258 3578 eos
3307 3521 3469 3591 mala,
3501 3521 3568 3578 de

2122 3588 2322 3658 quibus
2352 3589 2502 3643 exire
2533 3605 2639 3642 non
2669 3588 2929 3658 poterunt
2961 3609 2974 3644 :

2050 3666 2105 3714 et
2131 3658 2442 3713 clamabunt
2469 3659 2536 3713 ad
2570 3676 2678 3728 me,
2712 3670 2765 3716 et
2791 3677 2898 3716 non
2927 3662 3216 3719 exaudiam
3246 3679 3342 3720 eos
3373 3684 3386 3718 :

1979 3729 2049 3785 Et
2079 3729 2229 3804 ibunt
2255 3729 2680 3804 civitatesJuda,
2709 3744 2762 3786 et
2791 3732 3130 3789 habitatores
3160 3735 3486 3804 Jerusalem,

2051 3809 2108 3858 et
2127 3801 2438 3856 clamabunt.
2462 3802 2526 3854 ad
2560 3802 2712 3864 deos.
2742 3805 2937 3872 quibus
2964 3805 3153 3869 libant,

2053 3882 2107 3929 et
2130 3889 2234 3928 non
2259 3873 2545 3928 salvabuut
2571 3888 2666 3928 eos
2687 3875 2739 3929 in
2762 3883 3004 3944 tempore
3023 3877 3337 3934 af'llictionis
3356 3893 3568 3934 eorum.

1979 3943 2287 4005 Secundum
2323 3960 2603 4017 numerum
2633 3953 2779 4001 enim
2825 3943 3105 4002 civitatum
3141 3960 3386 4017 tuarum,
3418 3959 3576 4006 erant

2127 4017 2199 4072 dii
2222 4019 2320 4081 tui,
2351 4015 2485 4070 Juda
2521 4035 2534 4070 :

2054 4097 2110 4144 et
2131 4090 2424 4163 secundum
2459 4104 2740 4163 numerum
2765 4091 2972 4146 viarum
2996 4090 3320 4161 Jerusalem,
3338 4092 3574 4163 posuisti

2127 4176 2250 4215 aras
2275 4159 2626 4219 confusionis.

2056 4247 2177 4286 aras
2205 4232 2269 4285 ad
2303 4231 2574 4287 libandum
2610 4233 2833 4289 Baalim.

1983 4303 2062 4360 Tu
2085 4320 2212 4373 ergo
2235 4305 2345 4358 noli
2379 4319 2540 4359 orare
2573 4320 2670 4373 pro
2700 4306 2900 4376 populo
2931 4306 3052 4372 hoc,

2056 4385 2107 4430 ct
2141 4391 2206 4430 ne
2233 4389 2479 4430 assumas
2508 4392 2606 4445 pro
2633 4377 2712 4431 eis
2741 4378 2978 4445 laudem,
3005 4387 3060 4434 et
3087 4379 3412 4434 orationem.

1983 4447 2119 4515 Quia
2165 4464 2280 4572 ὀιυη
2321 4448 2605 4502 exaudiam
2666 4451 2718 4502 in
2777 4460 3022 4519 tempore
3076 4451 3334 4505 clamoris
3379 4466 3447 4507 eo
3519 4469 3571 4509 m

2129 4535 2154 4570 a
2228 4535 2332 4572 me.

2129 4535 2196 4572 au
2228 4535 2332 4586 me,

2058 4590 2109 4642 in
2141 4598 2384 4658 tctnpOi-e
2407 4589 2718 4644 afflictiouis
2748 4605 2960 4646 eorum.

1985 4661 2252 4785 QuidICSI,
2284 4662 2424 4785 (mill-:1
2453 4662 2684 4770 t’filectus
2713 4678 2868 4717 meus
2890 4665 2941 4719 in
2964 4662 3126 4719 domo
3154 4677 3276 4720 mea
3303 4662 3434 4720 fecit
3453 4677 3576 4722 sce-

2151 4747 2241 4785 era
2273 4749 2359 4785 lllll
2412 4749 2468 4785 fl.

2151 4747 2241 4786 era
2273 4747 2468 4786 multa!

2061 4804 2322 4871 numquid
2374 4818 2566 4858 carnes
2619 4811 2820 4859 sancta:
2868 4805 3117 4863 auferent
3169 4823 3200 4863 a
3245 4815 3300 4864 te
3339 4807 3580 4864 malitias

2133 4883 2276 4939 tuas,
2302 4876 2354 4930 in
2383 4875 2580 4945 quibus
2605 4876 2829 4946 gloriata
2863 4877 2957 4934 es?

1988 4946 2195 5003 Olivam
2221 4947 2465 5015 uberem,

2061 5020 2365 5089 pulchram,

2065 5091 2393 5145 f'ructil'eratn
2404 5134 2418 5160 ,

2065 5164 2390 5230 Speciosam.

2069 5245 2282 5289 vncavu
2312 5235 2570 5289 Dominus
2606 5245 2801 5291 nomen
2834 5245 2984 5290 tuum
3011 5254 3024 5292 :

1999 5305 2081 5362 Ad
2112 5322 2304 5362 vocem
2335 5309 2584 5377 loquclm,
2610 5309 2828 5382 grandis
2859 5309 3063 5382 exarsit
3091 5308 3234 5381 ignis
3265 5311 3318 5367 in
3346 5327 3432 5382 ea,

2073 5387 2128 5433 et
2153 5382 2436 5434 combusta
2468 5391 2595 5433 sunt
2635 5377 2826 5434 fruteta
2851 5380 2967 5448 ejus
2997 5397 3010 5432 :

2001 5449 2071 5506 Et
2102 5450 2363 5505 Dominus
2389 5452 2755 5518 exercituum,
2780 5454 2867 5521 qui
2898 5454 3159 5521 plantavit
3190 5462 3243 5511 te
3266 5454 3484 5512 locutus
3511 5468 3594 5514 est

2148 5536 2311 5592 super
2339 5532 2388 5577 le
2412 5522 2630 5577 malum.

2005 5655 2166 5738 sideri
2195 5655 2411 5738 faciam,
2435 5659 2610 5738 sicque
2632 5657 2914 5738 ινίὁιιιαῡοἰ
2940 5667 2986 5712 el
3008 5661 3374 5731 coangustabo,
3406 5672 3458 5716 ut
3477 5680 3600 5738 _om-
3690 5732 3697 5738 ‘

1993 5744 2087 5858 ae:
2126 5733 2180 5782 in
2228 5727 2352 5784 urbe
2379 5727 2727 5802 reperiantur,
2761 5739 2807 5786 et
2838 5729 3062 5803 e/fugere
3091 5727 3594 5806 nequeantmalum.

2045 5815 2166 5858 Att'r.

2045 5815 2166 5858 ΛΒΤ.
