4114 6364
240 301 351 364 869

316 493 510 568 Omnis
537 496 816 562 laguncula
845 496 1160 568 implebitur
1183 495 1329 552 vino.

244 564 313 618 Et
335 567 519 621 dicent
545 568 610 622 ad
641 577 692 623 te
725 585 739 623 :
923 564 938 568 ’
1200 600 1206 606 -

242 635 518 714 Numquid
545 638 876 714 ignoramus,
909 640 1031 714 quia
1061 640 1238 714 omnis
1290 639 1569 714 laguncula
1595 637 1848 709 implebi-

390 720 480 784 tur
506 709 610 780 [ΑΙ.
631 712 946 784 impleatur]
981 711 1141 766 vino?

321 781 388 835 Et
405 781 556 836 dices
579 783 642 836 ad
667 799 760 837 eos
787 801 798 836 :

243 851 378 908 ﬂare
405 851 536 906 dicit
565 855 826 910 Dominus
863 870 878 909 :

243 924 390 979 Ecce
417 941 516 995 ego
545 926 780 998 implebo
811 941 1000 998 omnes
1030 925 1365 983 habitatores
1399 936 1557 982 terrze
1589 924 1772 998 hujus,

322 1005 379 1051 et
407 1011 565 1067 reges
595 997 692 1082 .qui
725 999 917 1054 sedent
946 997 1014 1053 de
1061 999 1231 1069 stirpe
1284 998 1454 1054 David
1503 1013 1668 1070 snper
1703 997 1852 1052 thro-

398 1083 528 1122 num
561 1084 700 1139 ejus,

327 1148 384 1195 ct
413 1144 750 1210 sacerdotes,
785 1150 838 1196 et
869 1141 1182 1210 prophetas,
1208 1151 1262 1198 et
1292 1157 1483 1199 omnes
1515 1139 1850 1197 habitatores

397 1212 722 1277 Jerusalem,
755 1213 1021 1268 ebrietate
1044 1229 1058 1266 :

250 1282 327 1338 Et
353 1281 659 1353 dispergam
693 1300 810 1350 eos,
841 1285 1018 1338 virum
1054 1300 1079 1341 ιι
1111 1285 1278 1340 fratre
1311 1301 1440 1355 suo,

329 1365 384 1409 et
412 1363 590 1424 patres
620 1366 674 1412 et
701 1357 841 1412 lilios
876 1357 1096 1426 pariter,
1131 1358 1205 1412 ait
1233 1359 1493 1413 Dominus
1527 1375 1541 1414 :

251 1425 379 1482 Non
405 1442 642 1496 parcam,
676 1439 730 1483 et
761 1425 1219 1483 nou'coucedam.

332 1513 505 1571 neque
535 1499 834 1556 miserebor
862 1508 919 1554 ut
948 1516 1052 1554 non
1087 1499 1397 1571 disperdam
1430 1516 1545 1556 eos.

249 1569 477 1636 Audite,
507 1582 561 1626 et
589 1572 814 1626 auribus
847 1572 1110 1642 pereipite
1148 1590 1158 1625 :

334 1642 514 1696 Nolite
538 1643 762 1708 elevari,
791 1646 912 1713 quia
945 1644 1204 1699 Dominus
1235 1643 1447 1698 loculus
1491 1653 1600 1710 cst;

257 1712 656 1838 DatebDomino
684 1717 792 1770 Deo
811 1712 1000 1771 vestro
1023 1715 1250 1786 gloriam
1278 1725 1568 1786 antequam
1595 1725 1856 1771 contene-

445 1796 644 1838 rescat.

445 1796 644 1854 rescat,

349 1864 712 1931 etantequatn
730 1859 1006 1915 offendant
1035 1857 1203 1931 pedes
1232 1859 1399 1914 vestri
1425 1857 1491 1914 ad
1524 1867 1736 1914 montes
1761 1872 1855 1913 ca-

408 1928 662 1999 liginoSos
699 1949 709 1983 :

262 1997 668 2065 Exspectabitis
693 2003 888 2071 lucem,

343 2071 412 2145 Et
442 2084 602 2141 ponet
633 2091 748 2129 eam
775 2077 825 2129 in
855 2074 1100 2128 umbram
1131 2074 1344 2140 mortis,
1375 2084 1430 2130 et
1464 2075 1514 2129 in
1547 2073 1858 2145 caliginem.

260 2143 417 2211 Quod
449 2147 492 2198 si
519 2149 618 2198 hoe
641 2162 744 2200 non
777 2145 1096 2210 audieritis,

343 2216 397 2270 in
433 2218 750 2272 abscondito
783 2217 1013 2285 plorabit
1052 2219 1232 2273 anima
1284 2232 1404 2272 mea
1451 2219 1556 2289 [AL
1591 2214 1798 2287 vestra]
1829 2230 1860 2269 a

415 2288 550 2344 facie
583 2291 851 2358 superbia:
884 2309 895 2342 :

338 2359 564 2414 Plorans
593 2357 821 2431 plorabit
851 2362 960 2434 ]AI.
1004 2362 1130 2418 add.
1164 2359 1515 2432 Jerusalem],
1553 2369 1606 2415 et
1631 2357 1864 2415 deducet

415 2434 604 2487 oculus
628 2449 780 2490 meus
810 2436 1124 2503 lacrymatu,

341 2505 462 2574 quia
491 2513 676 2574 captus
715 2517 794 2560 est
826 2521 953 2575 grex
986 2503 1224 2561 Domini.

269 2575 369 2630 Dic
394 2579 526 2643 regi,
557 2587 609 2630 ct
641 2577 983 2633 dominatt'ici
1012 2596 1022 2630 :

269 2648 664 2711 liumilzamiui,
698 2649 882 2703 sedete
919 2667 930 2701 :

271 2721 536 2786 Quoniam
566 2720 846 2777 descendit
877 2720 944 2776 de
975 2721 1150 2792 capite
1180 2727 1366 2776 vestro
1416 2731 1622 2774 corona
1672 2715 1861 2787 glorise

417 2800 630 2845 νρδιτω.

269 2859 533 2917 Civitates
563 2863 750 2918 Austri
783 2863 984 2921 clausa:
1009 2872 1158 2929 sunt,

347 2941 402 2988 ct
429 2951 536 2988 non
565 2945 648 2990 est
677 2935 764 3006 qui
792 2939 998 3006 aperiat
1026 2954 1037 2988 :
1267 2981 1276 2992 .

271 3004 553 3079 Translata
573 3016 658 3062 est
673 3002 850 3063 omnis
871 3008 1004 3064 Juda
1023 3006 1132 3079 [ΑΙ.
1155 3005 1362 3078 .ludaca]
1391 3002 1866 3076 transmigratione

419 3077 679 3144 perfecta.

270 3148 472 3204 Levate
502 3151 686 3205 oculos
713 3163 958 3221 vestros,

345 3227 400 3274 et
427 3221 606 3276 videte
629 3223 716 3293 qui
749 3225 941 3278 venitis
972 3224 1040 3277 ab
1067 3223 1323 3290 aquilone
1357 3237 1372 3278 :

280 3291 382 3348 Ubi
413 3302 495 3347 est
523 3291 676 3363 grex}
706 3294 794 3362 qui
825 3296 982 3349 datus
1008 3305 1091 3350 est
1122 3295 1247 3360 tibi,

347 3379 508 3438 pecus
537 3367 793 3438 inclytum
829 3377 975 3421 tuum
1009 3383 1021 3420 :

275 3436 418 3504 Quid
451 3437 598 3491 dices
621 3436 740 3491 eum
776 3438 1077 3493 t'isilut'cril.
1106 3437 1200 3492 te?

352 3517 407 3561 ttt
439 3507 581 3582 enim
615 3510 846 3564 docuisti
878 3509 985 3582 [ΑΙ.
1018 3508 1204 3582 doces]
1236 3522 1330 3564 eos
1357 3509 1644 3563 adversum
1686 3514 1758 3574 te,

355 3589 409 3634 et
431 3580 654 3653 cru-iisti
681 3582 796 3653 [ΑΙ.
829 3580 1034 3652 crudis]
1066 3596 1162 3635 eos
1195 3580 1245 3635 in
1278 3592 1439 3650 caput
1473 3591 1646 3635 tuutn.

276 3649 550 3720 Numquid
579 3649 698 3706 non'
713 3653 929 3708 dolores
967 3649 1380 3723 apprchendent
1406 3662 1481 3721 te,

347 3723 498 3791 quasi
532 3723 816 3780 mulierem
841 3724 1272 3794 parturientem?

272 3793 429 3859 Quod
460 3795 502 3848 si
533 3795 736 3850 dixeris
767 3797 818 3850 in
842 3793 1009 3851 corde
1041 3807 1132 3850 tuo
1165 3814 1176 3849 :

275 3867 455 3934 Quare
481 3876 752 3921 venerunt
782 3868 912 3922 mihi
947 3869 1102 3924 hazc?

370 3937 599 4008 Pr0pter
653 3940 1053 3994 multitudinem
1113 3937 1414 4009 iniquitatis
1478 3946 1585 3992 tuae
1632 3934 1871 3992 revelata

425 4020 552 4064 sunt
581 4010 962 4066 verecundiora
992 4022 1079 4065 tua
1101 4052 1114 4077 ,
1167 4047 1180 4066 .

349 4081 576 4150 polluta:
605 4093 730 4137 sunt
764 4085 964 4152 plantae
987 4094 1041 4136 tu
1060 4100 1111 4136 e.

276 4151 333 4206 Si
353 4149 576 4209 ’mutare
603 4149 778 4223 potest
808 4153 1066 4226 £thiops
1098 4153 1296 4226 pellem
1325 4167 1504 4218 suam,
1545 4160 1637 4206 aut
1669 4149 1874 4222 pardus

425 4229 714 4281 varietates
735 4241 860 4280 suas
895 4245 906 4280 :

351 4305 407 4352 et
467 4313 563 4353 vos
620 4299 871 4367 poteritis
936 4297 1309 4368 benefacere,
1378 4313 1503 4354 cum
1558 4293 1862 4354 didiceritis

423 4372 644 4424 malum.

286 4438 360 4494 Et
387 4437 752 4495 disseminabo
775 4457 870 4495 eos
900 4442 1057 4513 quasi
1088 4442 1366 4514 Stipulam,

354 4527 477 4580 quae
503 4524 670 4567 vento
696 4522 940 4584 raptatur
976 4515 1026 4568 in
1059 4515 1298 4569 deserto.

281 4581 413 4636 llaec
440 4598 560 4664 sors
583 4595 692 4651 tua,
729 4581 961 4654 parsque
989 4601 1260 4641 mensura:
1289 4593 1393 4640 tua:
1418 4598 1449 4639 a
1469 4599 1576 4651 me,
1611 4583 1745 4639 dicit
1773 4584 1878 4639 Do-
1906 4609 1958 4668 ι)

429 4669 603 4707 minus
623 4696 635 4719 ,

356 4725 483 4793 quia
515 4726 678 4779 oblita
702 4739 760 4778 es
780 4725 909 4789 mei,
943 4736 995 4780 et
1029 4726 1229 4780 eonlisa
1259 4741 1318 4781 es
1348 4728 1400 4782 in
1431 4727 1733 4782 mendacio.

282 4794 443 4853 Unde
467 4806 520 4851 et
549 4797 869 4870 ego_ttttd:ivi
902 4797 1104 4852 femora
1137 4797 1244 4868 [AL
1286 4809 1341 4854 et
1401 4797 1727 4870 posteriora]
1784 4807 1878 4853 tua

432 4878 620 4922 contra
645 4866 838 4923 faciem
871 4877 1040 4933 tuam,

358 4947 414 4994 et
434 4941 682 5010 apparuit
711 4940 1004 5010 ignominia
1040 4953 1153 5004 tua,

359 5010 627 5066 adulteria
660 5024 770 5078 tua,
797 5023 849 5067 et
876 5012 1116 5066 hinnitus
1139 5020 1288 5080 tuus,

360 5084 541 5138 scelus
567 5084 945 5138 forniCationis
974 5093 1101 5138 tate.

292 5153 469 5223 Super
499 5156 670 5210 colles
700 5155 753 5209 in
783 5170 914 5224 agro

362 5225 475 5280 vidi
497 5227 930 5282 abmninationes
952 5238 1094 5282 tuas.

295 5295 389 5352 Vm
417 5299 530 5364 tibi,
562 5299 861 5353 JeruSaIeIn
890 5341 904 5364 ,

362 5385 470 5425 non
495 5372 844 5425 tnundaberis
868 5380 988 5436 post
1009 5385 1095 5427 tne
1122 5385 1136 5424 :

362 5457 642 5513 usquequo
668 5442 885 5498 adhuc?

290 5511 455 5585 [Capi
481 5511 646 5586 XIV.]
675 5513 832 5582 Quod
865 5514 1059 5568 factum
1089 5523 1173 5568 est
1195 5514 1414 5568 verbum
1465 5511 1677 5568 Domini
1709 5511 1771 5567 ad
1795 5513 1886 5569 .lc-

435 5588 656 5640 remiam
680 5592 747 5640 de
773 5588 1115 5640 sermonibus
1145 5587 1426 5642 siccitatis.

290 5655 459 5712 Luxit
478 5657 686 5722 Judzea,
715 5668 766 5711 et
795 5666 966 5726 portte
995 5657 1110 5727 ejus
1141 5665 1556 5725 corruet‘ttnt,et
1581 5655 1884 5714 obscurata:

437 5741 562 5783 sunt
585 5729 637 5782 in
663 5740 805 5783 terra
823 5770 838 5794 ,
1610 5732 1619 5742 '

367 5810 422 5855 et
443 5801 650 5855 clamor
686 5799 986 5855 Jerusalem
1011 5801 1276 5856 ascendit.

294 5871 528 5943 Majorcs
550 5874 814 5929 miserunt
835 5872 1072 5930 minores
1097 5887 1227 5930 suos
1263 5872 1327 5931 ad
1359 5888 1602 5950 aquam:

1388 303 1592 366 LIBER
1629 301 1954 366 JEREMIIE
1995 301 2413 365 PROPHETIE.

243 419 373 476 llaec
397 422 535 479 dicit
558 419 818 479 Domitius
851 423 991 479 Deus
1020 420 1186 479 Israel
1217 441 1229 479 :
1867 427 1923 485 A

2018 434 2290 480 venerunt
2340 423 2410 478 ad
2475 418 2885 491 hauriendum,
2931 427 2989 480 et
3043 435 3153 478 non
3214 413 3544 478 invenerunt

2092 511 2284 566 aquam
2303 537 2321 564 ,

2022 577 2436 637 reportaverunt
2466 581 2588 621 V353
2621 582 2717 622 sua
2753 582 2920 624 vacua
2953 583 2967 624 ἶ

1949 637 2173 693 Confnsi
2197 650 2318 693 sunt
2352 647 2407 693 et
2435 639 2644 707 afﬂicti,

2023 720 2074 764 et
2103 723 2436 779 operuerunt
2464 711 2640 778 capita
2671 727 2787 767 sua.

1951 780 2188 852 Propter
2215 793 2372 837 terra:
2399 787 2736 852 vastitatem,
2786 783 2914 856 quia
2952 799 3059 842 non
3095 781 3245 841 venit
3273 781 3450 856 pluvia
3487 779 3540 837 in

2097 863 2295 908 terram
2317 896 2330 920 ,

2024 923 2232 980 confusi
2267 933 2394 981 sunt
2420 926 2671 996 agricolae
2691 967 2707 994 ,

2025 1009 2359 1066 operuerunt
2391 1001 2570 1068 capita
2596 1015 2717 1053 sua.

1952 1067 2086 1126 Nam
2101 1079 2171 1145 Aet
2197 1084 2355 1145 eerva
2384 1069 2435 1145 in
2461 1067 2592 1137 agro
2615 1070 2850 1142 peperit,
2875 1080 2926 1128 et
2950 1071 3178 1145 reliquit
3210 1089 3221 1124 :

2025 1139 2148 1212 quia
2176 1158 2281 1195 non
2313 1141 2500 1197 herba.

1957 1213 2025 1270 Et
2049 1215 2233 1282 onagri
2265 1222 2535 1269 steterunt
2557 1214 2612 1270 in
2642 1214 2897 1286 rupibus,

2030 1293 2314 1358 traxerunt
2337 1296 2560 1342 ventum
2584 1289 2735 1358 quasi
2766 1289 3031 1342 dracones
3056 1304 3071 1354 ;

2030 1356 2350 1412 defecerunt
2373 1359 2511 1413 oculi
2541 1353 2758 1427 eorum,
2791 1361 2914 1429 quia
2945 1353 3198 1414 nouerat
3229 1353 3421 1413 herba.

1959 1428 2019 1484 Si
2036 1429 2367 1500 iniquitates
2387 1440 2585 1485 nostra:
2609 1428 2994 1500 reSponderint
3020 1432 3178 1486 nobis
3206 1446 3221 1488 :

2032 1499 2284 1567 Domine,
2317 1500 2401 1556 fac
2430 1510 2650 1572 propter
2681 1499 2882 1556 nomen
2913 1512 3086 1566 tuum,

2031 1573 2286 1640 quoniam
2335 1573 2520 1628 multae
2549 1584 2676 1630 sunt
2703 1577 3018 1630 eversiones
3051 1584 3252 1630 nostra:
3279 1591 3296 1635 ς

2033 1643 2127 1698 tibi
2154 1645 2516 1714 peccavimus.

1963 1714 2310 1783 EXSpCClalit)
2339 1715 2502 1771 Israel
2529 1758 2546 1784 ,

2035 1787 2274 1841 salvator
2294 1788 2410 1858 ejus
2439 1789 2490 1841 itt
2525 1798 2768 1858 tempore
2799 1788 3164 1844 tribulationis
3190 1806 3205 1844 :

1889 1829 1936 1889 Β
1962 1857 2140 1925 Quare
2164 1829 2572 1928 quasiJcolomts
2597 1829 2808 1914 ftiturus
2831 1879 2892 1914 es
2924 1863 2974 1914 itt
3005 1870 3182 1926 terra,

2034 1939 2088 1984 et
2110 1930 2263 2000 quasi
2287 1931 2461 1984 viator
2491 1931 2774 1985 declinans
2799 1931 2866 1985 ad
2896 1930 3260 1986 manendum?

1962 2001 2140 2070 Quare
2169 2002 2380 2056 futurus
2403 2018 2462 2056 es
2494 2003 2643 2056 velut
2670 2005 2751 2056 vir
2773 2019 2958 2072 vagus,

2037 2084 2092 2127 ιιι
2118 2074 2225 2145 [AL
2254 2072 2365 2144 aut]
2392 2074 2545 2145 fortis
2574 2076 2663 2145 qui
2701 2089 2804 2127 nou
2846 2084 3022 2143 potest
3052 2073 3307 2129 salvare?

1963 2144 2043 2200 Tu
2072 2144 2250 2200 autem
2282 2147 2334 2199 in
2368 2144 2523 2200 nobis
2555 2144 2634 2210 es,
2665 2145 2907 2212 Domine,

2035 2226 2091 2271 et
2115 2232 2312 2289 nomen
2349 2227 2498 2270 tuntn
2531 2216 2845 2272 invocatum
2877 2227 2961 2274 est
2991 2233 3152 2289 super
3185 2233 3306 2284 nos,

2037 2305 2102 2344 ne
2124 2288 2468 2357 derelinquas
2499 2303 2620 2342 nos.

1973 2361 2258 2434 llwcidieit
2283 2360 2539 2415 Dominus
2569 2360 2767 2434 populo
2793 2361 2940 2431 huic,
3003 2362 3091 2434 qui
3123 2362 3228 2433 [AL
3266 2358 3412 2433 quia]
3473 2359 3555 2415 di-

2113 2433 2243 2486 lexit
2267 2448 2484 2486 movere
2514 2432 2680 2501 pedes
2701 2449 2849 2501 suos,

2037 2514 2092 2558 et
2123 2518 2228 2558 non
2261 2503 2488 2570 quievit,
2514 2515 2568 2558 et
2594 2503 2826 2557 Domino
2865 2522 2972 2560 non
3002 2505 3205 2573 placuit
3246 2522 3261 2561 :

1965 2575 2120 2631 Nunc
2152 2575 2525 2629 recordabitur
2558 2574 2902 2643 iniquitatum
2933 2593 3146 2645 eorum,

2039 2659 2092 2701 et
2120 2647 2354 2700 visitahit
2377 2657 2590 2714 peccata
2621 2662 2834 2714 eorum,

1967 2720 2032 2775 Et
2059 2719 2194 2772 dixit
2220 2718 2475 2772 Dominus
2501 2719 2565 2771 ad
2595 2733 2680 2773 me
2715 2737 2727 2772 :

2038 2790 2157 2845 Noli
2181 2805 2339 2844 orare
2363 2807 2460 2858 pro
2490 2792 2693 2861 pepulo
2719 2791 2823 2846 isto
2855 2792 2909 2846 in
2938 2792 3161 2848 bonum.

1968 2863 2101 2918 Cum
2127 2861 2515 2932 jejuuaverint,

2041 2949 2148 2989 non
2171 2933 2452 2987 exaudiam
2488 2949 2675 3003 preces
2705 2950 2893 2990 eorum
2929 2954 2940 2989 :

1973 3005 2040 3061 Et
2061 3007 2104 3061 si
2134 3006 2434 3060 obtulerint
2458 3005 2922 3077 holocautomata,
2946 3017 3002 3064 et
3033 3008 3315 3075 victimas,

2042 3094 2150 3133 non
2181 3077 2470 3145 suscipiam
2497 3093 2558 3131 ea
2589 3097 2598 3130 :

1970 3150 2235 3224 Quoniam
2267 3148 2467 3220 gladio,
2499 3161 2552 3204 et
2579 3148 2744 3220 fame,
2769 3159 2825 3208 et
2847 3161 2997 3224 peste
3027 3167 3343 3211 consumam
3367 3165 3481 3206 eos.

1891 3217 1938 3282 C
1972 3217 2030 3278 Et
2057 3221 2198 3287 dixi,

2043 3298 2084 3348 A
2119 3309 2148 3348 a
2179 3309 2210 3348 a
2232 3337 2247 3362 ,
2281 3292 2506 3350 Domine
2537 3292 2678 3350 Deus
2714 3313 2726 3347 :

1969 3363 2255 3435 Propheta:
2283 3366 2468 3420 dicunt
2501 3367 2580 3420 eis
2614 3385 2628 3421 :

2040 3437 2157 3492 Non
2180 3436 2428 3491 videbitis
2449 3437 2706 3507 gladium,

2042 3520 2097 3564 et
2124 3509 2296 3563 fames
2321 3524 2428 3562 non
2463 3511 2566 3564 erit
2598 3511 2650 3565 in
2680 3511 2868 3574 vobis,

1969 3584 1976 3595 '
2043 3581 2138 3635 sed
2169 3580 2356 3650 pacem
2384 3596 2568 3636 veram
2597 3581 2745 3638 dabit
2769 3584 2925 3640 vobis
2948 3585 3001 3640 in
3026 3583 3146 3640 loco
3175 3584 3303 3640 isto.

1973 3651 2042 3722 Et
2069 3653 2204 3707 dixit
2232 3653 2494 3706 Dominus
2520 3653 2589 3707 ad
2623 3670 2730 3722 me,

1972 3721 2134 3779 Falso
2163 3725 2444 3807 prophetae
2476 3725 2839 3780 vaticinantur
2867 3727 2928 3807 in_
2945 3727 3166 3807 nomine
3195 3740 3351 3792 meo;

2047 3812 2152 3850 non
2187 3799 2306 3850 misi
2327 3811 2442 3859 eos,
2479 3806 2536 3850 et
2565 3812 2669 3850 non
2701 3799 2932 3868 przecepi
2965 3799 3070 3864 eis,

2047 3883 2223 3938 neque
2256 3869 2471 3940 loeutus
2497 3883 2618 3922 sum
2645 3871 2712 3922 ad
2743 3885 2836 3924 cos
2872 3886 2887 3935 ;
3281 3938 3284 3940 γ

1976 3938 2254 3994 Visionem
2281 3939 2632 4005 mendacem,
2664 3949 2718 3994 et
2766 3941 3158 3998 divinationem
3188 3982 3203 4008 ,
3245 3938 3301 3998 et
3347 3938 3568 3996 fraudu-

2119 4009 2338 4084 lentiam
2370 4007 2478 4081 [Αἰ.
2514 4010 2957 4084 fraudulentam],

2047 4091 2102 4137 et
2133 4082 2716 4155 seductionemcordis
2745 4087 2825 4138 Siti
2857 4082 3184 4155 prophetant
3212 4085 3390 4140 vobis.

1979 4154 2186 4210 Idcirco
2213 4154 2329 4208 huic
2357 4153 2762 4210 dicitDominus
2782 4153 3175 4226 de’propltetis,
3201 4158 3292 4226 qui
3324 4155 3558 4226 prophe-

2126 4236 2242 4281 tant
2269 4227 2319 4280 io
2351 4226 2571 4282 nomine
2600 4242 2744 4292 meo,
2781 4225 2918 4298 quos
2966 4225 3069 4298 ego
3113 4225 3233 4282 non
3269 4225 3440 4293 misi,
3490 4225 3574 4280 di-

2123 4307 2310 4352 centes
2341 4314 2354 4349 :

2051 4369 2273 4424 Gladius
2293 4379 2347 4424 et
2369 4370 2537 4425 fames
2564 4385 2671 4425 non
2703 4370 2811 4426 erit
2842 4370 2894 4423 in
2925 4377 3068 4426 terra
3093 4369 3193 4424 liae
3222 4386 3236 4422 :

1982 4440 2039 4496 In
2067 4441 2248 4510 gladio
2275 4450 2330 4494 et
2352 4440 2492 4496 fante
2519 4450 2910 4496 consumentur
2935 4443 3212 4511 prophetae
3237 4439 3336 4508 illi,

2053 4508 2107 4568 et
2131 4512 2338 4581 populi,
2398 4513 2593 4582 quibus
2627 4508 2954 4583 prOphelant
2983 4552 2996 4573 ,
3037 4508 3211 4566 'erunt
3242 4509 3472 4582 projecti
3523 4508 3576 4564 in

2129 4585 2231 4638 viis
2256 4583 2557 4638 Jerusalem
2585 4601 2694 4652 pra:
2731 4590 2867 4638 laute
2895 4593 2948 4638 et
2977 4583 3182 4654 gladii),

2059 4663 2117 4711 et
2141 4672 2248 4710 non
2282 4657 2387 4710 erit
2416 4654 2507 4724 qui
2530 4655 2760 4726 sepeliat
2783 4669 2916 4713 eos:

1987 4726 2094 4798 Ipsi
2122 4736 2176 4782 et
2198 4741 2393 4798 uxores
2422 4741 2636 4793 eorum,

2060 4799 2154 4852 ﬁlii
2190 4807 2245 4853 et
2278 4797 2399 4852 tiliae
2426 4813 2651 4862 eorum,

2059 4879 2114 4925 et
2139 4869 2412 4925 effundam
2438 4885 2601 4938 super
2622 4884 2720 4926 eos
2754 4870 2956 4925 malum
2989 4885 3173 4926 suum.

1987 4942 2057 4998 Et
2083 4941 2230 4997 dices
2261 4941 2326 4995 ad
2355 4956 2450 4996 eos
2477 4942 2700 4998 verbum
2729 4943 2874 4997 istud
2910 4959 2925 4996 :

1988 5013 2267 5070 Deducant
2291 5013 2431 5068 oculi
2466 5015 2568 5068 mei
2602 5015 2897 5086 lacrytnatn
2935 5029 3028 5084 per
3071 5024 3286 5070 noctem
3319 5020 3375 5068 et
3402 5011 3578 5080 diem,

2135 5095 2190 5140 et
2212 5101 2318 5139 non
2352 5093 2565 5140 taceant
2593 5103 2604 5138 :

2062 5157 2317 5229 quoniam
2349 5158 2673 5213 contritione
2699 5172 2900 5229 magna
2923 5160 3156 5214 contrita
3200 5165 3284 5213 est
3313 5155 3466 5227 virgo
3519 5156 3580 5209 li-

2135 5228 2207 5282 lia
2231 5229 2412 5299 pepuli
2454 5229 2580 5294 mei,

2065 5300 2220 5368 plaga
2255 5300 2490 5368 pessima
2515 5301 2870 5356 vehementer
2893 5320 2906 5354 :

1994 5371 2052 5427 Si
2074 5385 2327 5439 egressus
2353 5371 2506 5443 fuero
2538 5372 2603 5426 ad
2631 5389 2814 5443 agros,

2067 5456 2194 5498 ecce
2219 5442 2382 5498 occisi
2411 5443 2620 5511 gladio;

1996 5512 2126 5568 Etsi
2152 5516 2411 5570 introiet‘o
2440 5515 2734 5581 civitatem,

2066 5601 2194 5641 ecce
2235 5589 2497 5641 attenuati
2532 5586 2695 5642 fante.

1992 5657 2266 5728 Propheta
2315 5674 2529 5728 quoque
2584 5669 2638 5714 et
2671 5659 2926 5716 sacerdos
2955 5659 3208 5718 abierunt
3260 5661 3314 5718 iu
3363 5669 3591 5726 terram,

2136 5743 2292 5798 quam
2322 5729 2665 5799 ignorabant.

1997 5799 2269 5872 Numquid
2302 5801 2592 5871 projiciens
2620 5803 2864 5872 abiecisti
2888 5804 3130 5860 Judatn?

2069 5883 2169 5931 aut
2200 5871 2330 5933 Sion
2357 5874 2666 5933 abominata
2690 5871 2772 5935 est
2809 5879 2991 5935 anima
3017 5887 3102 5933 tua
3125 5878 3149 5931 ’ἰ
