4114 6364
332 342 443 403 873
1483 342 1689 405 LIBER
1729 338 2051 404 JEREMI/E
2090 338 2317 401 PROPII
2327 337 2507 401 ET/E.
3519 344 3627 410 874

334 461 402 517 Et
425 461 646 541 domum
670 457 905 541 convivii
937 475 1045 517 non
1068 458 1393 541 ingrediaris
1415 460 1523 541 [.il.
1556 458 1919 532 ingredieris],
1949 463 2001 521 Α
2028 457 2098 515 Ει
2139 458 2465 541 relinqueris
2514 455 2630 514 sola
2660 458 2729 515 ab
2771 453 3093 521 hwreditate
3124 476 3245 536 tua,
3292 482 3454 540 quam
3492 475 3621 535 dedi

405 543 464 612 ut
494 534 843 612 sedeascurn
859 534 962 612 eis,
985 543 1040 590 et
1064 531 1394 612 coinedaset
1419 532 1571 612 bibas
1599 531 1653 612 :’_
1789 604 1801 612 _
2171 531 2315 612 tibi;
2430 610 2437 612 _
2509 599 2605 612 Η

333 603 473 692 Quia
504 605 621 661 htec
649 605 783 692 dicit
814 605 1073 692 Dominus
1099 604 1436 692 exercituum
1460 603 1604 692 Deus
1636 604 1802 692 Israel
1830 621 1881 692 ξ,
2095 612 2150 658 et
2167 603 2380 685 servire
2424 610 2478 658 te
2503 599 2699 659 faciam
2730 602 2967 663 inimicis
3005 608 3113 667 tuis
3152 609 3208 669 in
3239 620 3381 672 terra
3408 656 3425 683 .
3458 632 3622 692 quam

334 674 480 733 Ecce
496 692 602 755 ego
632 676 876 755 auferam
896 677 965 734 de
995 677 1118 735 loco
1140 677 1249 734 isto
1274 676 1332 732 in
1351 675 1531 733 oculis
1554 676 1768 745 vestris,
1792 686 1848 732 et
1870 675 1925 732 in
2030 745 2063 755 _
2166 676 2383 755 ignoras
2410 691 2425 732 :

478 745 670 805 diébus
704 748 934 833 νᾳὲιτίε,
1147 821 1163 833 ‘
1243 821 1254 832 ι
1286 820 1299 833 ⁸
2023 745 2493 833 Quoniamjgnem
2521 746 2936 833 succendistiiu
2960 752 3149 816 furore
3186 772 3335 833 meo,

406 834 601 877 vocem
626 821 829 891 gaudii,
860 830 915 878 et
938 834 1127 877 vocem
1147 820 1385 889 laetitia,
2027 889 2071 891 η
2096 820 2361 891 ιιεψιθμὶιξ
2374 827 2639 891 aeternum
2664 820 2899 880 ardebit.

408 907 596 948 vocem
626 888 815 961 sponsi
838 902 892 948 et
920 908 1109 950 vocem
1147 888 1387 963 sponsae.
1714 962 1721 963 ί
2025 889 2155 963 Haac
2183 889 2314 963 dicit
2336 888 2596 963 Dominus
2626 908 2642 952 :

336 961 407 1019 Et
432 978 555 1048 cum
578 966 985 1048 annu‘ntiaveris
1014 961 1216 1035 popqu
1244 964 1369 1021 huic
1396 964 1579 1021 omnia
1608 962 1776 1021 verba
1808 963 1927 1021 haec
2026 961 2344 1048 Maledictus
2366 962 2554 1027 homo,
2593 963 2685 1048 qui
2715 967 2942 1048 confidit
2964 969 3019 1027 in
3062 972 3286 1034 homine
3306 1019 3325 1048 ,

411 1046 465 1090 et
499 1034 738 1092 dixerint
767 1036 863 1091 tibi
892 1054 907 1094 :

336 1105 520 1175 Quare
552 1108 762 1181 locutus
791 1120 875 1181 est
894 1107 1161 1165 Dominus
1197 1123 1364 1181 super
1388 1122 1491 1165 nos
1530 1121 1692 1164 omne
1724 1106 1926 1163 malum

480 1179 689 1250 grande
720 1179 903 1235 istud?

410 1265 531 1319 qua:
575 1251 833 1323 iniquitas
872 1250 1095 1307 nostra?

410 1331 468 1376 et
495 1321 639 1393 quod
666 1319 945 1393 peccatum
971 1331 1247 1392 nostrum,
1278 1322 1425 1395 quod
1452 1320 1798 1395 peccavimus
1822 1319 1931 1377 Do-

484 1394 633 1450 mino
669 1395 780 1449 Deo
809 1396 1034 1452 nostro?

341 1462 498 1519 Dices
526 1466 592 1520 ad
621 1480 716 1522 eos
742 1480 757 1521 :

339 1535 473 1604 Quia
506 1536 912 1606 dereliquerunt
941 1552 1026 1593 me
1048 1546 1230 1609 patres
1259 1538 1459 1605 vestri,
1487 1539 1562 1594 ait
1584 1538 1851 1595 Dominus
1876 1577 1893 1603 ,

411 1616 465 1663 et
490 1609 741 1680 abierunt
772 1620 893 1678 post
915 1609 1046 1666 deos
1075 1610 1308 1679 alienos,
1340 1617 1395 1665 et
1417 1611 1725 1667 servierunt
1750 1609 1853 1680 eis,
1876 1617 1934 1666 et

482 1679 847 1736 adoraverunt
875 1694 969 1736 eos
997 1696 1013 1735 :

410 1758 597 1877 etdnte
635 1751 1063 1877 dereliquerunt,
1095 1762 1149 1809 et
1174 1752 1349 1825 legem
1381 1768 1559 1813 meam
1605 1767 1717 1810 non
1746 1759 1934 1810 custo-

522 1838 673 1877 terun
706 1865 721 1877 .

522 1823 721 1879 ierunt.

340 1890 448 1948 Sed
472 1903 527 1949 et
555 1910 650 1950 vos
677 1894 831 1965 pejus
868 1895 1079 1965 operati
1118 1894 1284 1961 estis,

414 1980 577 2036 quam
615 1974 799 2037 patres
828 1967 999 2023 vestri
1032 1985 1045 2021 :

340 2034 486 2093 Ecce
526 2034 671 2113 enim
713 2038 960 2113 ambulat
1002 2040 1377 2111 unusquisque
1432 2048 1557 2113 post
1611 2040 1935 2112 pravitatem

484 2109 667 2165 cordis
707 2111 791 2166 sui
834 2110 963 2165 mali
985 2150 1002 2177 ,

411 2188 470 2235 ut
497 2196 582 2236 me
612 2197 718 2235 non
756 2181 958 2236 audiat.

338 2248 413 2306 Et
441 2251 652 2327 ejiciam
681 2268 780 2310 vos
806 2254 871 2308 de
904 2260 1048 2308 terra
1081 2252 1203 2319 hac,
1236 2254 1291 2327 in
1323 2263 1561 2326 terram,
1592 2270 1753 2327 quam
1786 2256 1938 2327 igno-

481 2325 616 2379 ratis
644 2340 769 2393 vos,
805 2333 860 2380 et
890 2336 1076 2393 patres
1106 2326 1274 2380 vestri
1311 2345 1325 2379 :

409 2404 464 2450 et
506 2395 755 2452 servietis
784 2396 857 2451 ibi
887 2396 991 2451 diis
1020 2397 1211 2453 alienis
1240 2397 1326 2453 die
1355 2413 1420 2454 ac
1457 2408 1648 2465 nocte,

409 2467 501 2536 qui
523 2482 632 2522 non
660 2467 865 2539 dabunt
905 2467 1058 2523 vobis
1094 2470 1365 2539 requiem.

337 2534 630 2607 Propterea
648 2553 781 2611 ecce
805 2538 923 2611 dies
943 2534 1191 2607 veniunt,
1213 2539 1344 2596 dicit
1362 2540 1648 2611 Dominus,

415 2619 470 2664 et
498 2626 605 2664 non
628 2610 838 2667 dicetur
868 2610 1008 2666 ultra
1036 2629 1049 2665 :

340 2678 822 2806 νίνὶιὲοιηξῃυε,
873 2681 967 2753 qui
1021 2682 1208 2740 eduxit
1248 2682 1394 2741 ﬁlios
1439 2684 1606 2741 Israel
1670 2683 1741 2741 de
1792 2691 1936 2739 terra

551 2768 658 2806 ανι)
687 2772 701 2806 l
730 2796 745 2806 .

551 2765 701 2824 8Y9“
730 2796 745 2819 ν

408 2824 506 2880 sed
532 2865 547 2889 ,
580 2826 709 2898 vivit
748 2824 1047 2898 Dominus,
1097 2827 1190 2898 qui
1234 2827 1424 2884 eduxit
1467 2827 1610 2884 lilios
1654 2827 1823 2884 Israel
1868 2824 1937 2883 de

482 2903 629 2967 terra
666 2896 952 2967 Aquilonis
969 2942 984 2966 ,

408 2976 463 3023 et
493 2965 561 3040 de
592 2965 859 3024 universis
892 2965 1070 3035 terris,
1099 2970 1165 3025 ad
1192 2985 1326 3040 quas
1355 2970 1489 3040 ejeci
1518 2985 1612 3027 eos
1644 2990 1655 3023 :

338 3037 410 3095 Et
433 3038 688 3094 reducam
711 3056 806 3097 eos
833 3041 887 3095 in
914 3048 1117 3096 terram
1149 3037 1324 3111 suam,
1354 3037 1517 3113 quam
1543 3041 1669 3099 dedi
1696 3040 1939 3112 patribus

480 3124 694 3166 eorum.

338 3180 484 3238 Ecce
512 3197 613 3253 ego
641 3184 851 3238 mittam
887 3183 1183 3253 piscatores
1210 3188 1411 3243 multos
1429 3226 1443 3251 ,
1491 3183 1626 3241 dicit
1651 3184 1934 3250 Dominus;

411 3263 466 3309 et
496 3254 850 3322 piscabuntur
893 3270 988 3311 eos
1018 3272 1031 3308 :

336 3323 406 3380 Et
436 3336 555 3394 post
581 3324 699 3382 haec
742 3326 953 3382 mittam
985 3326 1068 3383 eis
1099 3327 1300 3384 multos
1327 3337 1649 3394 venatores,

407 3405 464 3452 et
504 3398 844 3453 venabuntur
884 3414 980 3453 eos
1018 3398 1088 3453 de
1128 3401 1277 3454 omni
1320 3410 1525 3468 monte,
1577 3409 1631 3455 et
1675 3397 1745 3455 de
1787 3398 1937 3454 omni

480 3469 653 3534 colle,
684 3478 739 3525 et
766 3470 834 3541 de
859 3469 1107 3526 cavernis
1133 3480 1433 3541 petrarum.

338 3537 475 3606 Quia
504 3541 646 3595 oculi
675 3540 783 3595 mei
822 3556 988 3610 super
1016 3537 1207 3598 omnes
1230 3544 1345 3598 vias
1372 3557 1563 3597 eorum
1596 3557 1611 3595 :

412 3625 522 3666 non
557 3621 686 3667 sunt
726 3612 1057 3670 absconditae
1101 3612 1212 3688 [ΑΙ.
1260 3613 1578 3670 abscondite
1624 3610 1710 3682 ea]
1741 3627 1771 3668 a
1802 3612 1940 3669 l‘acie

490 3698 609 3739 mea
630 3725 646 3748 ,

412 3762 467 3808 et
486 3769 591 3809 non
611 3754 709 3810 fuit
729 3754 997 3810 occultata
1020 3754 1275 3824 iniquitas
1293 3772 1483 3812 eorum
1505 3755 1573 3811 ab
1593 3755 1765 3811 oculis
1781 3756 1935 3811 meis.

342 3823 415 3880 Et
444 3825 664 3881 reddam
713 3825 945 3896 primum
976 3823 1222 3897 duplices
1246 3829 1580 3899 iniquitates,
1614 3837 1671 3883 et
1715 3836 1935 3896 peccata

486 3912 680 3952 eorum
706 3912 721 3952 Σ

414 3969 541 4040 quia
585 3968 693 4041 [ΑΙ.
726 3966 1493 4041 quibus}contaminaverunt
1534 3978 1735 4025 terram
1764 3982 1939 4025 meam

489 4042 541 4095 in
574 4039 881 4097 morticinis
916 4039 1184 4095 idolorum
1213 4056 1434 4096 suorum
1460 4081 1476 4107 ,

417 4120 470 4167 et
493 4111 991 4168 abominationibus
1020 4113 1134 4168 suis
1166 4112 1530 4183 impleverunt
1558 4110 1937 4169 haereditatem

490 4199 690 4240 meam.

347 4252 598 4320 Domine,
630 4254 894 4311 fortitudo
924 4269 1070 4320 mea,
1100 4262 1157 4311 et
1183 4254 1351 4310 robur
1378 4270 1557 4310 meum
1579 4298 1595 4324 ,

418 4334 473 4397 et
496 4327 757 4397 refugium
789 4342 971 4383 meum
1002 4328 1054 4380 in
1087 4326 1176 4381 die
1206 4326 1569 4381 tribulationis
1603 4341 1618 4381 :

348 4396 431 4451 Ad
466 4408 519 4453 te
543 4396 734 4467 gentes
762 4399 982 4454 venient
1009 4398 1081 4454 ab
1106 4399 1366 4452 extremis
1409 4408 1601 4461 terras.
1633 4405 1688 4452 et
1715 4396 1895 4455 dicent
1925 4410 1940 4455 :

350 4467 493 4525 Vere
525 4470 866 4525 mendacium
900 4469 1261 4539 possederunt
1297 4478 1477 4537 patres
1507 4471 1677 4526 nostri
1712 4511 1729 4539 ,

421 4540 739 4605 vanitatem,
768 4556 887 4609 qua:
915 4540 993 4595 eis
1038 4555 1145 4595 non
1180 4541 1401 4610 proluit.

352 4609 621 4678 Numquid
648 4610 809 4665 faciet
834 4610 937 4665 sibi
966 4610 1130 4666 homo
1153 4609 1322 4667 deos?

424 4687 480 4733 et
502 4681 601 4746 ipsi
631 4693 735 4733 non
758 4689 885 4735 sunt
907 4681 1005 4735 dii.

353 4748 566 4807 Idcirco
591 4765 719 4824 ecce
750 4765 851 4821 ego
878 4751 1163 4809 ostendam
1187 4753 1267 4808 eis
1295 4770 1388 4823 per
1415 4754 1589 4809 vicem
1616 4752 1758 4809 hanc
1778 4798 1794 4824 ,

426 4820 706 4877 ostendam
736 4820 816 4877 eis
843 4838 1062 4878 manum
1095 4820 1306 4891 meam,
1336 4833 1391 4881 et
1418 4828 1671 4882 virtutem
1707 4820 1883 4881 meam
1924 4843 1935 4879 :

426 4900 483 4947 et
508 4894 683 4949 scient
706 4895 829 4960 quia
862 4908 1058 4949 nomen
1092 4895 1223 4950 mihi
1255 4897 1532 4951 Dominus.

356 4961 511 5038 [Cap.
548 4963 737 5041 XVIH
775 4966 1061 5041 Peccatum
1106 4965 1243 5041 Juda
1269 4967 1533 5037 scriptum
1564 4977 1647 5024 est
1671 4969 1811 5041 stylo
1836 4968 1942 5025 fer-

501 5050 599 5092 reo
631 5037 682 5091 in
709 5052 884 5105 ungue
923 5037 1299 5104 adamantino,

428 5117 709 5163 exaratum
737 5123 899 5178 super
930 5107 1268 5165 latitudinem
1290 5107 1472 5165 cordis
1497 5124 1682 5166 eorum
1699 5150 1717 5176 ,

428 5187 484 5232 et
513 5178 567 5233 in
591 5179 847 5233 cornibus
875 5194 1089 5235 ararum
1126 5195 1337 5236 eorum.

356 5250 493 5306 Cum
532 5250 802 5324 recordati
832 5249 1034 5306 fuerint
1073 5251 1168 5306 ﬁlii
1202 5265 1390 5306 eorum
1430 5266 1645 5324 ararum
1685 5267 1942 5324 suarum,

500 5329 559 5376 et
590 5321 834 5377 lucorum
861 5336 1109 5388 suorum,
1142 5324 1519 5393 lignorumque
1546 5321 1943 5393 frondentium,

433 5391 799 5465 in_montibus
825 5393 1079 5459 excelsis,
1113 5391 1483 5449 sacrificantes
1509 5394 1562 5448 in
1592 5410 1720 5465 agro
1749 5410 1765 5449 :

361 5462 763 5522 Fortitztdiuem
795 5474 964 5529 tuam,
1007 5475 1064 5521 et
1094 5480 1286 5521 omnes
1315 5464 1598 5522 thesauros
1628 5462 1759 5524 'tuos
1789 5468 1842 5524 in
1865 5467 1951 5525 di-

506 5537 807 5604 reptionem
844 5535 986 5592 dabo
1002 5579 1017 5602 ,

436 5607 650 5663 excelsa
692 5616 781 5664 tua
830 5617 1054 5679 propter
1093 5618 1313 5679 peccata
1358 5608 1412 5664 in
1452 5608 1723 5667 universis
1758 5609 1955 5668 ﬁnibus

510 5679 640 5734 tuis.

2100 1042 2154 1115 et
2180 1035 2334 1115 DCIIII.
2357 1048 2579 1115 carnem
2616 1035 2901 1115 brachium
2931 1057 3087 1100 suum
3111 1088 3128 1115 ,

2101 1113 2156 1180 et
2180 1121 2210 1159 a
2237 1105 2703 1180 Dominoreeedit
2730 1122 2828 1164 cor
2853 1111 2972 1180 ejus
2990 1156 3007 1171 .

2028 1176 2143 1233 Erit
2170 1177 2313 1231 enim
2340 1178 2491 1253 quasi
2519 1178 2737 1249 myricze
2763 1181 2818 1235 in
2848 1176 3065 1242 deserto
3086 1228 3102 1253 ,

2101 1255 2157 1304 et
2178 1264 2285 1303 non
2312 1247 2517 1304 videbit
2546 1247 2668 1304 cum
2701 1254 2913 1308 venerit
2941 1247 3177 1317 bonum:

2030 1319 2139 1393 Sed
2164 1319 2434 1393 habitabit
2452 1320 2504 1375 in
2526 1320 2771 1393 siccitate
2796 1322 2850 1377 in
2886 1324 3129 1393 deserto.

2104 1391 2159 1447 in
2192 1401 2335 1447 terra
2361 1392 2677 1462 salsuginis,
2709 1404 2764 1447 et
2794 1391 3156 1458 inhabitabili.

2033 1463 2363 1543 Benedictus
2387 1463 2489 1543 vir,
2520 1463 2866 1543 quineontidit
2890 1469 2945 1543 in
2970 1470 3220 1543 Domino,

2104 1544 2160 1590 et
2188 1535 2294 1617 erit
2319 1534 2585 1617 Dominus
2618 1534 2957 1617 [idttcia_[Al.
2993 1544 3158 1617 spes]
3200 1534 3338 1617 ejus.

2034 1606 2103 1663 Et
2126 1606 2231 1692 erit
2258 1605 2412 1692 quasi
2443 1605 2645 1692 lignum
2674 1607 2819 1677 quod
2837 1605 3276 1685 'transplant'atu'r
3296 1620 3413 1692 [ΑΙ.
3447 1629 3625 1681 trans-

2181 1678 2480 1752 plantatum
2515 1676 2628 1749 est]
2656 1676 2822 1749 super
2842 1676 3039 1752 aquas',

2108 1746 2253 1820 quod
2280 1746 2664 1829 ad.hut_n.orein
2693 1746 2857 1807 mittit
2884 1746 3095 1829 radices
3124 1773 3273 1829 suas,

2114 1817 2168 1873 ét
2198 1834 2304 1875 non
2334 1817 2546 1875 timebit
2573 1834 2693 1875 cum
2717 1825 2930 1881 venerit
2958 1837 3145 1887 aestus.

1966 1852 2017 1912 B
2114 1852 2168 1873 ει
2198 1852 2304 1902 IIIUII
2338 1852 2546 1902 |.IIIICUI'I.
2573 1852 2693 1902 ιυιξι
2714 1852 2834 1903 ,νῠιιι

2044 1891 2109 1948 Et
2138 1900 2244 1947 erit
2270 1890 2459 1945 folium
2481 1906 2601 1961 ejus
2627 1893 2798 1949 vrrtde
2818 1935 2834 1961 ,

2111 1971 2167 2020 et
2199 1966 2254 2046 in
2286 1971 2532 2046 tempore
2578 1961 2841 2046 siccitatis
2870 1982 2974 2046 non
3008 1969 3114 2025 erit
3141 1971 3435 2031 sollicitum
3459 2017 3476 2046 ,
3525 1991 3627 2036 nec

2180 2033 2472 2104 aliquando
2501 2032 2713 2089 desinet
2739 2034 2921 2093 facere
2947 2038 3205 2100 fructum.

2038 2108 2272 2164 Pravum
2302 2113 2387 2162 est
2411 2119 2507 2159 cor
2538 2106 2806 2174 omnium,
2837 2117 2892 2164 et
2919 2110 3280 2174 ittscrutabjle
3309 2134 3324 2171 ε

2110 2178 2233 2250 quis
2255 2184 2547 2250 cognoscet
2567 2176 2693 2232 illud
2714 2179 2736 2236 ?

2038 2248 2152 2323 Ego
2182 2248 2440 2326 Dominus
2469 2256 2719 2326 scrutatis
2743 2261 2951 2326 cor,get
2981 2256 3219 2326 probans
3247 2276 3446 2319 rencs:

2112 2321 2204 2393 qui
2232 2321 2302 2376 do
2330 2318 2626 2402 unicuique
2642 2320 2795 2389 juxta
2835 2318 2998 2380 viam'
3020 2342 3206 2401 suam,
3249 2340 3305 2390 et
3331 2318 3485 2402 juxta
3519 2334 3636 2391 fru-

2183 2402 2328 2449 ctum
2354 2390 2796 2447 adinventionum
2818 2410 3062 2455 suarum.

2038 2464 2239 2522 Perdix
2265 2463 2398 2518 fovit
2420 2478 2541 2533 quae
2569 2478 2673 2517 non
2707 2467 2953 2533 peperit:

2111 2533 2482 2617 fecitdivitias
2525 2534 2643 2605 [ΑΙ.
2690 2536 2817 2590 add.
2862 2539 3058 2617 suas],
3087 2551 3143 2600 et
3170 2560 3279 2601 non
3311 2548 3363 2603 in
3386 2546 3632 2617 judicio:

2036 2608 2098 2666 ιη
2128 2604 2355 2691 dimidio
2387 2604 2596 2688 dierum
2635 2621 2867 2691 suorum.
2889 2604 3236 2691 derel'iuquet
3259 2633 3381 2691 eas,

2112 2688 2168 2752 et
2197 2678 2252 2733 in
2278 2677 2576 2752 novissimo
2600 2693 2697 2752 suo
2719 2678 2825 2752 erit
2854 2677 3138 2752 insipiens:

2039 2750 2246 2827 Solium
2271 2747 2788 2827 glorize'altitudinis
2818 2766 2848 2804 a
2879 2747 3165 2827 principio,

2112 2822 2264 2877 locus
2287 2819 2730 2876 sanctiﬁcationis
2758 2819 2983 2879 nostrzr.

2040 2893 2391 2964 Exspectatio
2418 2890 2605 2964 Israel,
2639 2891 2865 2948 Domine
2892 2912 2903 2948 :

2040 2963 2263 3030 Omnes,
2296 2964 2385 3031 qui
2418 2971 2471 3018 te
2500 2963 2907 3034 derelinquunt,
2938 2967 3343 3033 confundentur
3369 2996 3384 3033 :

2114 3036 2433 3093 recedentes
2457 3043 2483 3073 ι
2504 3049 2535 3088 a
2564 3042 2637 3100 te,
2670 3034 2723 3089 in
2754 3044 2900 3091 terra
2931 3040 3243 3100 scribentur
3267 3064 3284 3102 :

2112 3107 2367 3233 qugniarn
2396 3105 2804 3178 dereliqucrunt
2826 3123 3019 3166 venam
3050 3129 3315 3184 aquarum
3339 3122 3638 3183 viventium

2235 3193 2499 3233 ominum.

2235 3193 2499 3233 ominum.

1964 3243 2010 3307 C
2042 3252 2187 3310 Sana
2212 3265 2323 3313 me,
2357 3250 2609 3318 Domine,
2642 3259 2699 3307 et
2729 3254 3003 3312 sanabor:

2113 3323 2327 3378 salvum
2358 3336 2447 3375 me
2478 3321 2586 3389 fac,
2614 3330 2673 3377 et
2698 3324 2889 3382 salvus
2916 3342 3051 3387 ero:

2112 3393 2368 3461 quoniam
2401 3392 2516 3448 laus
2544 3408 2663 3448 mea
2693 3404 2745 3449 tu
2776 3412 2856 3452 es.

2041 3464 2186 3522 Ecce
2209 3464 2313 3533 ipsi
2344 3462 2533 3519 dicunt
2569 3464 2635 3519 ad
2667 3481 2755 3521 me
2782 3486 2795 3523 :

2114 3535 2217 3593 Ubi
2248 3545 2331 3592 est
2361 3535 2586 3590 verbum
2618 3536 2874 3594 Domini?
2900 3542 3107 3599 veniat.

2041 3607 2108 3665 Et
2128 3621 2519 3690 ego.non.sum.
2542 3608 2812 3690 turbatus2
2848 3621 2901 3690 te
2919 3624 3203 3690 pastorem
3228 3633 3502 3690 sequens:

2111 3676 2342 3734 et'diem
2374 3676 2613 3733 hominis
2644 3694 2748 3750 non
2780 3676 3111 3744 desideravi.
3150 3689 3227 3745 'I‘u
3272 3676 3417 3750 scist

2041 3750 2197 3819 Quod
2222 3764 2504 3825 egressum
2527 3759 2611 3805 est
2629 3749 2697 3805 de
2726 3752 2881 3809 labiis
2900 3757 3066 3825 meis,

2114 3831 2321 3877 rectum
2356 3822 2406 3874 in
2438 3831 2735 3891 conspectu
2765 3831 2857 3879 tuo
2886 3824 3008 3881 fuit.

2042 3893 2161 3950 Non
2192 3894 2266 3947 sis
2297 3891 2428 3974 mihi
2463 3900 2515 3973 tu
2544 3892 2660 3974 [ᾼζ.
2692 3901 2823 3974 teget
2853 3897 2938 3974 tu]
2963 3899 3276 3974 formidini,

2114 3979 2241 4033 spes
2269 3978 2387 4017 mea
2412 3972 2469 4018 tu
2496 3962 2562 4018 in'
2582 3964 2670 4019 die
2700 3962 3028 4027 al‘ﬂictioiiis.

2042 4033 2453 4162 Confiéndantur
2482 4036 2576 4106 qui
2606 4051 2694 4093 me
2722 4050 3127 4111 persequuntur
3146 4090 3161 4115 ,
3194 4056 3249 4106 et
3270 4062 3381 4107 non
3414 4054 3641 4114 confun-

2227 4123 2286 4162 ar
2311 4121 2411 4162 eno
2441 4124 2454 4161 :

2227 4123 2286 4162 ar
2311 4121 2411 4177 ego
2441 4124 2454 4161 :

2115 4185 2351 4256 paveant
2371 4178 2465 4245 illi,
2500 4186 2555 4235 et
2571 4194 2691 4256 _non
2721 4194 2944 4256 paveam
2976 4200 3111 4256 ego.

2042 4251 2212 4307 Induc
2236 4264 2399 4316 super
2425 4266 2520 4306 eos
2550 4250 2694 4306 diem
2725 4250 3068 4322 afﬂictionis,

2114 4331 2169 4377 et
2194 4322 2394 4390 duplici
2425 4322 2756 4379 contritione
2784 4336 3006 4385 contere
3035 4344 3155 4387 eos.

2044 4394 2173 4450 Haec
2198 4393 2329 4448 dicit
2350 4393 2613 4449 Dominus
2643 4394 2710 4449 ad
2739 4411 2859 4451 me:

2044 4465 2214 4529 Vade,
2238 4474 2403 4548 ethsta
2425 4467 2479 4548 in
2514 4475 2665 4534 porta
2706 4465 2943 4548 filiorum
2974 4472 3197 4548 populi,
3228 4488 3329 4543 per
3356 4492 3519 4548 quam
3552 4484 3639 4539 in-

2185 4536 2505 4613 grediuutur
2525 4552 2681 4613 reges
2707 4536 2865 4613 J_uda,
2897 4547 2951 4613 e_t
2970 4536 3342 4613 egrediuntur,

1964 4637 2018 4698 Ι)
2117 4617 2170 4698 et
2198 4607 2695 4698 incuri-ctisportis
2723 4607 3027 4667 Jerusalem
3047 4629 3063 4667 :

2117 4686 2172 4733 et
2193 4678 2343 4734 dices
2369 4679 2437 4734 ad
2466 4694 2595 4736 eos:

2046 4750 2247 4807 Audite
2277 4749 2767 4825 verbumDomini,
2802 4766 2959 4825 [eges
2980 4755 3009 4810 ,Ι
3016 4754 3141 4825 uda,
3171 4767 3227 4813 et
3254 4762 3433 4817 omnis
3459 4762 3595 4822 Juda
3620 4787 3636 4823 :

2117 4820 2776 4905 cunctiqueghabitatores
2804 4820 3136 4900 Jerusalem,
3164 4830 3257 4901 qui
3289 4820 3641 4905 ingredimini

2192 4908 2288 4962 per
2313 4903 2499 4964 portas
2528 4902 2659 4948 istas
2686 4910 2701 4954 ζ

2048 4964 2175 5020 Ητεο
2205 4964 2339 5019 dicit
2367 4965 2629 5020 Dominus
2653 4982 2665 5019 :

2045 5034 2327 5093 Custodite
2355 5036 2563 5091 animas
2593 5044 2803 5093 vestras
2828 5082 2842 5106 ,

2122 5106 2394 5189 et_nolite
2424 5116 2645 5189 portare
2668 5108 2907 5189 pondera
2932 5110 2993 5189 in
3029 5110 3121 5170 die
3149 5115 3394 5189 sabbati,
3426 5138 3530 5181 nec
3559 5124 3643 5181 in-

2189 5177 2378 5235 l‘eratis
2402 5194 2500 5249 per
2530 5177 2715 5249 portas
2738 5179 3060 5239 Jerusalem.

2051 5251 2122 5310 Et
2148 5250 2327 5378 nouit):
2357 5252 2557 5378 ejicere
2593 5266 2761 5309 onera
2809 5252 2879 5311 de
2919 5254 3176 5317 domibus
3206 5265 3405 5322 vestris
3453 5267 3508 5324 in
3553 5267 3647 5325 die

2193 5336 2252 5378 sa
2332 5337 2362 5377 a
2387 5339 2425 5378 ι.

2193 5336 2425 5387 sanuau,

2123 5401 2181 5450 et
2205 5408 2367 5450 omne
2396 5409 2533 5465 opus
2560 5408 2667 5451 non
2700 5394 2911 5455 facietis
2937 5414 2952 5452 :

2054 5465 2403 5524 Sanctiﬁcate
2428 5467 2571 5521 diem
2597 5466 2843 5534 sabbati,

2129 5538 2272 5595 sicut
2294 5537 2528 5608 praecepi
2555 5538 2797 5608 patribus
2828 5541 3043 5597 vestris.

2061 5609 2129 5666 Et
2148 5624 2254 5664 non
2281 5608 2589 5673 audierunt,
2618 5624 2717 5665 nec
2746 5612 3147 5672 inclinaverunt
3170 5631 3357 5675 aurem
3389 5634 3579 5679 suam:

2136 5682 2229 5738 sed
2257 5679 2651 5736 induraverunt
2676 5684 2943 5740 cervicem
2971 5701 3147 5756 suam,
3171 5705 3239 5746 ne
3265 5693 3516 5749 audirent
3540 5710 3654 5766 me,

446 5809 553 5901 ain
581 5810 822 5901 llebrazo
867 5822 1073 5870 tantum
1132 5824 1215 5870 est
1269 5820 1394 5873 nm
1438 5812 1741 5889 veli-11m,
1791 5816 1996 5889 absque
2027 5823 2160 5885 ate,
2207 5827 2343 5887 quas
2389 5814 2614 5872 voculas
2655 5830 2830 5889 neque
2877 5818 2933 5874 in
2966 5820 3274 5877 Comment.
3313 5823 3675 5901 Hieronymus

375 5884 641 5955 agnoscit.

703 5978 978 6042 Pnnon.
1025 5980 1317 6050 XXVIII.

3050 5978 3131 6039 28
