2057 3182
241 135 296 165 875

279 198 307 222 et
318 200 352 222 ne
365 192 523 231 acciperent
529 190 711 231 disciplinam.
722 224 741 231 _
793 224 799 231 _
908 227 914 231 ι
1000 223 1006 229 .

244 232 281 261 Et
294 231 346 257 erit
359 239 365 256 :
378 229 407 257 Si
422 224 562 257 audieritis
576 224 630 259 me.
645 226 712 254 dicit
722 224 871 261 Dominus,
886 227 918 261 ut
931 231 985 251 non
999 224 1041 261 in-

316 265 412 293 teratis
428 272 510 293 onera
532 271 581 300 per
599 266 692 299 portas
706 260 827 291 civitatis
846 259 926 296 hujus
948 260 976 287 in
997 259 1043 288 die

316 301 424 331 sabbati
438 309 445 327 τ

283 342 311 366 et
324 337 348 365 si
363 335 598 365 sanctiﬁcaveritis
618 334 689 367 diem
706 331 828 366 sabbati,
845 339 880 360 ns
893 330 999 360 faciatis
1015 331 1042 359 in

318 380 350 401 ea
364 379 444 401 omne
458 378 527 406 opus
541 379 548 398 :

248 408 437 446 lngredientur
451 403 499 446 per
513 410 606 442 portas
620 405 738 446 civitatis
748 403 916 446 huiusrcges
928 407 956 432 et
970 403 1044 440 prin-

319 445 405 479 cipes,
421 439 549 479 sedentes
563 449 646 479 super
661 441 757 469 solium
771 439 869 479 David,

279 485 307 509 et
320 476 497 508 ascendentes
511 478 538 506 in
552 476 675 505 curribus
688 481 716 505 et
729 476 817 512 equis,

282 516 333 551 ipsi
347 520 375 543 et
390 514 527 551 principes
538 521 645 551 eorum,

282 548 333 579 viri
349 548 428 583 .luda,
443 554 472 577 ct
482 548 651 577 habitatores
665 548 832 576 Jerusalem:

282 592 309 615 et
324 586 488 614 habitabitur
502 585 597 613 civitas
613 585 670 611 haec
683 585 709 611 in
721 583 928 618 sempiternum.

247 623 283 652 Et
300 622 410 650 venient
427 621 460 649 de
475 621 632 649 civitatibus
647 619 715 648 Juda
725 640 733 653 ,
747 617 822 647 etde
837 618 953 647 circuitu
967 617 1046 647 Jeru-

320 658 417 690 salem,

284 694 359 723 etde
374 699 445 721 terra
461 691 602 727 Beniamin
614 712 621 724 ,
635 695 663 719 et
679 690 713 719 de
731 689 929 726 campestribus
941 711 948 725 ,
971 693 999 717 et
1013 689 1046 717 de

319 729 482 761 montuosis,
496 733 524 755 et
538 728 573 755 ab
585 732 678 755 austro
688 750 695 762 ,

285 770 426 802 portantes
448 764 652 802 holocaustum,
674 769 702 791 et
721 762 859 791 victimam
871 783 878 794 .
898 765 926 790 et
944 761 1048 790 sacriﬁ-

320 801 404 831 cium.
420 804 447 827 et
462 801 540 830 titus.

285 842 312 865 et
326 835 446 864 infereut
458 835 623 863 oblationem
639 835 665 862 in
678 834 790 862 domum
802 832 921 865 Domini.

249 873 278 902 Si
303 877 393 934 ante)?
415 878 470 913 non
488 870 631 899 audieritis
651 878 694 898 me
720 874 749 897 ut
772 868 951 900 sanctifleetis
974 868 1046 897 diem

322 916 351 934 sa
390 912 439 934 att.

322 908 439 939 sabbati,

286 949 313 973 et
326 951 360 971 ne
375 943 491 978 pnrtetis
504 950 588 974 onus,
601 947 629 969 et
642 949 676 978 ne
690 940 815 969 inleratls
832 946 883 975 per
897 944 990 974 portas
1005 939 1050 968 Je-

321 977 442 1007 rusalem
456 979 483 1006 in
495 978 541 1006 die
552 977 657 1005 sabbati
670 985 678 1005 ι

250 1015 421 1045 Succendam
436 1014 525 1049 ignem
540 1014 566 1041 in
582 1013 669 1049 portis
682 1012 741 1047 ejus
751 1032 759 1045 ,

286 1057 314 1080 et
328 1050 467 1078 devorabit
483 1050 578 1077 domos
593 1049 759 1082 Jerusalem,

287 1093 315 1115 et
329 1095 382 1114 non
402 1086 600 1118 exstinguetur.

252 1123 334 1159 [ϐαρ.
356 1121 470 1159 XVIII.)
492 1121 625 1159 verbum,
648 1119 719 1154 quod
738 1119 839 1148 factum
860 1124 900 1147 est
920 1119 954 1147 ad
971 1119 1050 1147 Jerer

322 1158 404 1185 miam
421 1167 434 1183 ιι
451 1156 576 1189 Domino,
592 1156 684 1183 dicens
698 1165 703 1182 :

252 1194 348 1229 Surge,
361 1199 387 1220 et
399 1192 575 1229 descendent
586 1192 695 1219 domum
712 1191 798 1227 ﬁguli,

288 1228 315 1257 ct
329 1229 365 1257 ibi
378 1228 470 1255 audies
485 1228 566 1255 verba
586 1234 656 1255 mea.

252 1265 286 1293 Et
300 1264 427 1294 descendi
441 1265 466 1291 in
483 1264 592 1293 domum
606 1263 692 1298 ﬁguli,

289 1305 316 1328 et
329 1308 391 1327 cccc
406 1301 464 1333 ipse
475 1299 592 1327 faciebat
605 1306 673 1334 opus
686 1305 769 1334 super
783 1303 885 1330 rotam.

253 1336 287 1364 Et
301 1336 458 1370 dissipatum
471 1340 512 1362 est
524 1342 583 1367 vns,

289 1371 361 1406 quod
371 1368 435 1406 ipse
453 1371 569 1399 iaciebat
585 1378 600 1398 e
615 1370 673 1397 luto
688 1370 812 1398 manibus
825 1368 881 1399 suis
894 1377 901 1397 :

254 1405 464 1441 Conversusque
475 1407 539 1434 fecit
549 1405 614 1433 illud
631 1414 677 1433 vas
692 1406 818 1436 alterum.

289 1443 360 1470 sicut
375 1443 516 1477 placuerat
531 1442 557 1468 itt
575 1441 659 1468 oculis
673 1442 733 1474 ejus
754 1447 783 1468 ιιι
796 1441 909 1469 faceret.

255 1478 289 1505 Et
304 1478 402 1505 factum
417 1482 460 1504 est
473 1477 584 1505 verbum
598 1477 706 1504 Domini
717 1477 750 1504 ad
763 1484 815 1510 me,
829 1477 939 1504 dicens:

255 1513 390 1549 Numquid
404 1513 475 1540 sicut
490 1512 586 1549 ﬁgulus
600 1512 662 1549 iste,
677 1517 839 1549 nonpotero
852 1512 909 1549 [ΑΙ.
923 1511 1050 1548 possunt]

330 1548 408 1577 vobis
422 1549 520 1580 facere,
535 1548 632 1575 domus
643 1548 744 1576 Israel?
756 1548 795 1575 ait
810 1548 950 1578 Dominus.

255 1584 328 1613 Ecce
341 1584 411 1611 sicut
422 1585 507 1612 lutum
523 1584 549 1612 in
565 1592 646 1611 manu
667 1584 741 1618 figuli
753 1604 760 1614 .

290 1620 332 1648 sic
342 1628 391 1648 vos
406 1619 433 1647 in
450 1627 530 1647 manu
545 1627 620 1653 mea,
633 1619 730 1647 domus
741 1619 837 1647 lsrael.

253 1655 375 1691 Repente
382 1655 476 1690 loquar
486 1655 616 1683 adversus
624 1660 730 1690 gentem
741 1654 905 1691 etadversus
911 1662 1035 1691 regnum,

291 1690 321 1719 ut
333 1691 481 1723 eradicem,
497 1695 525 1718 et
537 1691 686 1723 destruant,
700 1696 725 1718 et
736 1690 890 1726 disperdam
904 1690 980 1719 illud.

259 1727 289 1755 Si
308 1727 495 1762 penitentiam
519 1726 605 1763 egerit
625 1733 693 1761 gens
708 1727 751 1754 illa
772 1733 787 1753 a
807 1727 882 1754 malo
896 1734 946 1755 suo
958 1748 966 1761 ,
982 1726 1055 1763 quod

327 1735 495 1755 mnttettttam
519 1735 605 1790 egent
625 1735 693 1761 gens
708 1735 740 1754 llll

327 1764 434 1790 locutus
446 1769 507 1790 sum
519 1770 532 1788 a
557 1769 649 1789 versus
659 1770 718 1790 eam
732 1771 740 1790 :

292 1803 407 1835 agtunet
424 1805 475 1835 ego
491 1797 677 1835 partiteutiam
693 1805 775 1833 super
790 1798 861 1826 malo
873 1818 881 1833 ,
897 1798 967 1834 quod
982 1797 1055 1835 cogi-

329 1834 381 1861 tavi
393 1838 423 1861 ut
433 1834 550 1861 facerem
560 1834 599 1861 ei.

255 1869 290 1897 Et
302 1869 394 1897 subito
409 1869 506 1904 loquar
519 1868 553 1905 de
566 1872 649 1905 gente
662 1874 689 1896 et
704 1869 739 1897 de
753 1877 837 1905 regno
846 1890 854 1902 ,

294 1910 323 1931 ut
338 1903 469 1932 aedificem
483 1909 511 1932 et
521 1904 581 1940 [ΑΙ.
597 1903 643 1940 ιιι]
663 1903 874 1940 ριιιηιθῐηῖιιυὰ.

256 1940 286 1969 Si
299 1940 392 1968 iecerit
403 1941 504 1970 malum
514 1941 540 1968 itt
552 1940 641 1969 oculis
653 1941 731 1975 meis,
747 1944 777 1968 ut
791 1948 846 1969 non
857 1940 950 1968 audiat
960 1947 1054 1968 vocem

330 1983 418 2003 meam
431 1986 438 2004 Ζ

294 2011 483 2074 nuncetiam
499 2018 575 2053 agam
590 2018 672 2046 super
686 2011 851 2047 bono,un
862 2011 967 2039 loeutus
982 2019 1054 2045 sum,

330 2053 359 2074 ut
381 2055 486 2074 acerem
501 2054 536 2074 et.

330 2053 359 2074 ut
371 2053 486 2075 tacerem
501 2054 536 2074 8|.

259 2082 337 2111 Nunc
351 2083 474 2120 crgodic
488 2083 546 2120 viro
556 2082 639 2120 Juda,
649 2087 676 2109 et
690 2082 888 2111 habitatoribus
899 2083 909 2120 [
919 2082 962 2111 Al.
979 2082 1057 2111 habi-

332 2118 426 2152 tatori]
441 2118 602 2152 Jerusalem,
614 2118 725 2146 dicens:

259 2154 322 2182 llaec
333 2153 399 2182 dicit
412 2153 543 2182 Dominus
556 2163 562 2180 :

259 2190 329 2218 Ecce
344 2197 396 2225 ego
412 2191 482 2224 Iiugo
494 2194 590 2217 contra
604 2197 655 2217 vos
668 2190 786 2223 malum,

294 2230 322 2253 et
335 2226 423 2260 cogito
435 2229 529 2252 contra
544 2231 593 2252 vos
605 2225 795 2260 cogitationem
808 2234 813 2251 :

261 2261 425 2288 Revertatur
439 2260 624 2295 unusquisque
639 2269 654 2287 a
668 2261 710 2288 via
724 2269 772 2289 sua
788 2262 857 2289 mala
867 2282 875 2295 ,

294 2301 323 2324 et
337 2295 445 2332 dirigite
457 2294 515 2324 vias
526 2299 636 2324 vestras
646 2300 674 2325 et
686 2297 777 2325 studia
794 2294 897 2326 vestra.

260 2331 311 2367 Qui
326 2331 467 2359 dixerunt:
480 2332 688 2366 Despet'avimus
701 2341 708 2359 :

299 2372 362 2403 post
374 2368 552 2402 cogitationes
566 2368 638 2395 enim
650 2373 756 2396 nostras
769 2368 879 2402 ibimus,

295 2407 324 2433 et
333 2403 522 2466 Ιᾝιέειιιιίειιμθ
542 2404 706 2438 pravitatem
725 2405 818 2433 cordis
837 2406 879 2433 sui
899 2404 962 2433 mali
977 2404 1059 2433 iacie<

261 2475 326 2504 ideo
339 2474 395 2502 haec
408 2474 474 2502 dicit
487 2474 617 2504 Dominus
629 2485 635 2502 :

259 2511 426 2545 Interrogata
438 2516 534 2546 gentes
546 2520 553 2539 :

259 2546 441 2609 ρκίδιιέιῐιὲἐῗξι
459 2546 523 2574 tatia
543 2546 700 2580 horribilia,
715 2554 776 2582 quae
796 2546 862 2575 fecit
883 2547 965 2576 nimis
980 2547 1057 2584 virgo

259 2617 395 2652 Numquid
410 2617 517 2646 deﬁciet
528 2617 563 2646 de
578 2622 654 2653 potira
668 2617 726 2653 agri
741 2617 787 2646 nix
801 2617 920 2646 Libani?

296 2658 345 2690 aut
358 2653 438 2690 evelli
462 2657 578 2690 possunt
597 2660 675 2689 aqua:
696 2659 871 2690 erumpentes
888 2654 1012 2690 frigidae,
1028 2658 1056 2684 et

330 2688 500 2716 detinentes?
775 2688 784 2690 7

257 2725 325 2759 Quia
336 2724 437 2752 oblitus
451 2729 493 2752 est
504 2723 558 2752 mei
572 2723 687 2759 populos
702 2732 779 2753 meus
789 2746 797 2759 ,

294 2760 394 2788 frustra
409 2761 540 2792 libantes,
556 2764 585 2788 et
597 2760 778 2796 impingentes
795 2762 822 2790 in
836 2762 887 2790 viis
900 2762 973 2796 suis,
986 2767 1013 2791 et
1028 2763 1055 2790 in

328 2796 435 2824 semitis
449 2796 553 2829 saeculi,

292 2836 322 2860 ut
334 2831 508 2861 ambularent
522 2838 570 2866 per
584 2838 631 2859 eas
644 2832 672 2859 in
688 2832 788 2861 itinere
803 2840 857 2862 non
871 2834 935 2863 trito
948 2844 954 2863 :

258 2866 293 2897 Ut
306 2868 469 2905 lieretterra
480 2874 578 2905 eorum
591 2868 619 2895 in
630 2867 838 2905 desolationem,

288 2908 318 2933 et
331 2903 358 2932 in
374 2902 481 2932 sibilum
493 2903 689 2940 sempiternum
702 2913 710 2932 :

743 131 776 161 S.
796 129 989 163 HIERONYMI
1008 128 1127 158 DIVINA
1145 127 1386 158 BIBLIOTHECA.

1836 128 1887 158 8'16

1055 187 1081 218 Α
1094 187 1188 215 Omnis
1203 186 1249 223 qui
1260 185 1427 223 praeterierit
1439 185 1449 223 [
1459 185 1502 213 Al.
1516 183 1656 222 prmterit]
1667 191 1716 221 per
1728 192 1788 215 eam
1799 185 1886 215 obstu-

1167 228 1260 258 pescet
1268 244 1276 254 .

1129 263 1158 288 et
1171 259 1290 287 movebit
1301 262 1383 295 caput
1397 265 1487 286 suum.

1095 295 1171 324 Sicut
1185 300 1282 323 ventus
1298 293 1382 323 urens
1396 295 1551 330 dispergam
1566 300 1614 322 eos
1624 301 1716 322 coram
1730 293 1854 327 inimico.

1130 332 1243 373 dorsum
1256 352 1262 364 ,
1277 334 1305 359 et
1320 338 1372 359 non
1390 330 1486 359 faciem
1495 329 1642 359 ostendam
1656 331 1696 358 eis
1707 330 1734 358 in
1745 330 1789 358 dic
1803 330 1888 365 perdi-

1169 374 1250 395 llOﬂlS
1261 374 1366 395 eorum.

1095 402 1131 431 Et
1140 403 1283 431 dixerunt:

1095 439 1203 471 Venite.
1219 443 1247 467 et
1261 438 1412 474 cogitemus
1423 442 1520 466 contra
1530 436 1677 466 Jeremiam
1690 438 1870 474 cogitationes
1881 448 1887 453 ·

1096 474 1155 503 Nou
1170 475 1243 502 enim
1259 474 1360 509 peribit
1373 474 1417 502 lex
1430 482 1445 501 a
1460 474 1604 502 sacerdote
1614 495 1623 509 ,

1134 518 1221 546 neque
1235 511 1379 537 consilium
1392 518 1405 536 a
1421 511 1555 545 sapiente,

1133 554 1185 575 nec
1199 554 1290 574 sermo
1306 554 1319 573 a
1331 546 1465 580 Propheta
1479 555 1484 572 ε

1098 582 1210 616 Venite,
1225 587 1252 609 et
1268 582 1526 619 percutiamusreum
1542 581 1599 619 [AL
1616 581 1677 608 add.
1695 580 1741 617 in]
1754 580 1856 619 lingua,

1133 622 1162 654 et
1175 626 1228 645 non
1243 618 1415 645 attendamus
1430 618 1461 644 ad
1476 617 1619 645 universos
1634 624 1776 645 sermones
1787 617 1857 652 ejus.

1098 654 1225 685 Attende,
1242 654 1367 685 Domine,
1384 654 1415 680 ad
1431 662 1488 683 nte.

1134 694 1161 717 et
1175 689 1238 717 audi
1251 697 1345 716 vocem
1357 689 1578 716 adversariorum
1599 696 1733 716 meorum.

1100 725 1234 759 Numquid
1250 726 1373 753 redditur
1389 733 1436 759 pro
1451 725 1520 752 bono
1535 725 1646 758 malum,

1135 762 1196 796 quis
1214 761 1339 788 foderunt
1353 761 1456 787 iuveam
1473 762 1569 789 anime
1584 760 1669 787 mea)?

1100 798 1255 825 Recordare
1267 797 1336 831 quod
1349 797 1472 824 steterim
1486 797 1511 823 in
1527 801 1676 831 conspectu
1690 800 1753 831 tuo,

1137 839 1165 861 ut
1180 834 1307 867 loquerer
1323 833 1423 868 procis
1439 832 1556 864 bottuut,

1135 874 1163 897 et
1175 866 1330 896 averterent
1339 867 1553 903 indignationem
1568 872 1642 894 tuam
1653 866 1689 895 ab
1703 867 1755 895 eis.

1101 905 1250 940 Propterea
1265 905 1298 931 da
1315 903 1384 940 tilios
1399 911 1494 932 eorum
1507 903 1535 940 in
1548 903 1660 940 famem,

1137 938 1165 969 et
1176 940 1265 968 deduc
1278 947 1326 967 eos
1343 939 1370 967 in
1388 947 1483 967 manus
1497 938 1599 974 gladii;

1102 977 1182 1004 Fiant
1194 983 1292 1003 uxores
1308 983 1401 1002 eorttm
1417 973 1519 1010 absque
1532 975 1637 1007 liberis,
1654 979 1682 1002 et
1695 973 1806 1002 vidule:

1137 1018 1164 1039 et
1178 1012 1228 1038 viri
1245 1019 1338 1038 earum
1358 1011 1560 1038 interticiantur
1573 1015 1682 1038 morte:

1137 1048 1254 1083 juvenes
1265 1054 1358 1074 eorum
1372 1047 1566 1083 coulodiantur
1578 1045 1670 1080 gladio
1686 1046 1714 1074 in
1727 1044 1836 1081 praetio.

1102 1082 1235 1111 Audiatur
1246 1083 1349 1109 clantor
1362 1082 1396 1109 de
1412 1082 1538 1109 domibus
1553 1089 1665 1109 eorum:

1103 1119 1226 1147 lieduces
1240 1120 1312 1144 enim
1329 1125 1410 1152 super
1424 1125 1471 1145 eos
1486 1118 1619 1145 latronem
1636 1121 1768 1151 repentet

1138 1155 1200 1190 quia
1216 1154 1342 1181 foderunt
1355 1154 1472 1190 foveam,
1489 1159 1517 1181 ttt
1533 1158 1663 1188 caperent
1677 1160 1736 1190 me,

1140 1189 1166 1217 ct
1179 1191 1291 1225 laqueos
1307 1189 1510 1216 abscondet'uttt
1526 1190 1641 1223 pedibus
1659 1189 1736 1215 meis.

1103 1226 1141 1254 Tu
1158 1221 1260 1255 autem.
1277 1225 1399 1259 [)ontiue,
1415 1225 1469 1252 scis
1485 1221 1566 1252 emite
1582 1225 1729 1253 consilium
1742 1229 1840 1254 eorum
1850 1221 1895 1250 ad-

1174 1269 1283 1288 versum
1300 1269 1342 1288 me
1358 1270 1383 1288 111
1400 1266 1514 1288 mortem
1529 1270 1534 1286 ε
1872 1278 1874 1281 τ

1139 1305 1173 1325 ne
1187 1297 1342 1332 propitieris
1354 1297 1486 1331 ittiquilati
1500 1304 1609 1329 eorum,

1139 1337 1166 1360 ct
1182 1331 1321 1367 peccatum
1333 1340 1427 1359 eorum
1439 1340 1453 1359 a
1472 1333 1539 1360 facie
1554 1338 1596 1360 tua
1610 1340 1663 1361 non
1677 1331 1807 1360 deleatur
1819 1339 1827 1359 ι

1103 1369 1182 1396 Fiant
1197 1374 1355 1395 rorrucutcs
1372 1370 1396 1395 itt
1412 1374 1559 1403 conspectu
1577 1375 1632 1399 tuo.

1139 1406 1164 1431 in
1183 1410 1306 1436 tutnpore
1320 1404 1419 1431 furoris
1436 1404 1472 1430 lui
1488 1406 1600 1431 abutere
1615 1405 1665 1432 eis.

1104 1441 1183 1476 |Cup.
1200 1439 1269 1466 XIX.
1284 1440 1289 1475 j
1306 1440 1368 1467 “:th
1384 1441 1448 1466 dicit
1464 1440 1612 1467 Dominus:

1104 1473 1193 1507 Vade,
1210 1481 1237 1502 ct
1255 1473 1347 1510 accipe
1373 1475 1432 1511 [AL
1449 1484 1524 1503 sume
1539 1476 1542 1510 ι
1567 1474 1741 1511 lagunculam
1759 1473 1835 1508 ﬁguli
1859 1476 1898 1500 te-

1177 1517 1262 1539 stenttt
1277 1512 1451 1539 ascuiortbus
1461 1512 1560 1547 populi,
1577 1516 1603 1539 ct
1616 1519 1630 1538 a
1644 1510 1799 1539 senioribus
1812 1515 1898 1537 sacer-

1176 1548 1268 1574 dotunt
1280 1556 1287 1574 z

1138 1588 1168 1611 et
1181 1584 1316 1617 egredere
1328 1583 1362 1611 ad
1378 1583 1476 1611 vallem
1492 1583 1542 1610 ﬁlii
1557 1583 1674 1617 Eanum,
1689 1589 1751 1618 quas
1764 1585 1810 1611 est
1822 1580 1897 1616 juxta

1178 1618 1318 1646 introitum
1335 1623 1419 1653 porta:
1431 1619 1539 1647 ﬁctilis:

1106 1654 1139 1682 Et
1155 1654 1316 1717 prfgcabis
1328 1652 1365 1683 ibi
1381 1655 1461 1683 verba
1471 1676 1478 1689 ,
1494 1662 1555 1690 qua:
1565 1661 1615 1690 ego
1628 1654 1727 1697 loquar
1738 1652 1773 1681 ad
1784 1656 1831 1685 te;

1140 1698 1157 1717 e
1203 1698 1209 1717 l
1244 1698 1257 1717 S
1269 1699 1275 1717 Ξ

1140 1695 1169 1718 et
1183 1694 1257 1717 dices
1269 1699 1275 1717 :
1667 1694 1668 1697 ‘

1106 1725 1204 1753 Audite
1218 1726 1330 1754 verbum
1346 1726 1465 1759 Domini,
1477 1733 1555 1761 reges
1567 1725 1648 1759 Juda,

1142 1766 1170 1789 ct
1181 1761 1348 1790 habitatores
1361 1763 1529 1790 Jerusalem:

1107 1796 1171 1825 Haec
1184 1797 1249 1825 dicit
1264 1797 1394 1825 Dominus
1407 1797 1576 1825 exercituum
1590 1797 1661 1825 Deus
1670 1796 1755 1824 Israel
1769 1804 1777 1823 ι

1107 1833 1177 1860 Ecce
1193 1839 1243 1868 ego
1257 1833 1382 1860 inducam
1401 1834 1578 1861 aitlictioncm
1594 1840 1675 1867 super
1687 1833 1774 1860 lucum
1800 1831 1896 1868 istum,

1143 1868 1177 1896 ita
1187 1867 1219 1895 ut
1230 1870 1319 1896 omnis
1331 1871 1377 1904 qui
1388 1869 1504 1896 audierit
1515 1869 1599 1903 iitatu,
1613 1869 1732 1896 tinuieut
1742 1874 1825 1895 aures
1833 1867 1899 1901 ejus.

1107 1903 1148 1932 Eo
1162 1904 1234 1940 quod
1249 1903 1447 1939 dereliquerint
1458 1912 1512 1936 me.

1143 1945 1171 1968 et
1183 1940 1302 1968 alienum
1318 1940 1435 1968 fecerint
1450 1941 1539 1968 locum
1554 1940 1652 1968 istum:

1107 1974 1142 2003 Et
1165 1975 1318 2004 libaverunt
1344 1976 1404 2013 [AL
1424 1975 1584 2013 libaverint]
1608 1976 1635 2003 in
1656 1983 1691 2003 eo
1709 1974 1765 2003 diis
1784 1973 1898 2005 alienis,

1177 2019 1246 2075 quas
1262 2012 1419 2040 nescierunt
1434 2012 1498 2047 ipsi,
1510 2016 1538 2040 et
1557 2012 1650 2047 patres
1663 2017 1769 2044 eorum,
1784 2015 1814 2038 et
1826 2015 1900 2044 reges

1195 2056 1210 2075 υ
1232 2055 1266 2074 a:

1195 2055 1246 2075 una
1259 2055 1266 2074 ε

1142 2088 1169 2110 et
1185 2084 1356 2117 repleverunt
1370 2083 1460 2111 locum
1472 2083 1552 2110 istuut
1569 2083 1701 2118 sanguine
1713 2083 1899 2118 innocentum.

1108 2116 1356 2146 Etzcdiﬁcaverunt
1374 2119 1481 2147 excelsa
1505 2116 1633 2152 Baulim;
1649 2119 1682 2146 ad
1700 2116 1901 2146 comburendos

1106 2190 1128 2218 Β
1163 2155 1249 2217 Ifilios
1265 2162 1330 2183 suos
1344 2156 1399 2191 igni
1414 2155 1440 2182 in
1456 2154 1647 2183 holocaustum

1129 2197 1160 2217 aa
1174 2198 1209 2217 IIII
1224 2200 1230 2218 Ζ

1129 2197 1209 2217 2³11111
1224 2200 1230 2219 Ζ

1143 2234 1203 2261 qum
1218 2233 1271 2254 non
1285 2226 1414 2262 praecepi,
1425 2233 1476 2254 nec
1492 2228 1598 2255 locutus
1611 2233 1670 2255 sum
1682 2246 1690 2260 ,

1068 2270 1095 2301 Ι)
1110 2297 1127 2301 Α
1144 2269 1194 2289 nec
1208 2263 1393 2301 ascenderunt
1403 2264 1429 2289 111
1443 2270 1491 2301 (201·
1505 2271 1606 2301 meum.

1110 2297 1259 2332 Propterea
1274 2305 1337 2326 ecce
1352 2299 1409 2325 dies
1426 2298 1546 2332 veniunt,
1562 2298 1630 2326 dicit
1643 2296 1775 2325 Dominus
1788 2305 1795 2323 :

1146 2337 1175 2361 et
1190 2341 1242 2361 ttou
1259 2333 1401 2361 rOcabitur
1411 2334 1486 2362 locus
1500 2334 1551 2362 iste
1565 2333 1681 2366 amplius
1694 2331 1840 2368 Thophetb
1851 2351 1860 2366 ,
1873 2335 1900 2359 et

1182 2370 1259 2396 vallis
1273 2370 1319 2396 lilii
1334 2369 1450 2401 Ennont,

1147 2405 1194 2432 sed
1209 2405 1287 2432 vallis
1299 2405 1459 2434 Occisionis.

1111 2440 1287 2476 Etdissipabo
1296 2441 1439 2468 consilium
1447 2440 1513 2469 Juda
1522 2445 1549 2469 et
1558 2440 1708 2469 Jerusalem
1718 2440 1743 2468 iu
1756 2440 1818 2467 luco
1827 2439 1897 2466 isto:

1146 2481 1175 2504 et
1187 2477 1341 2504 subvertant
1356 2484 1404 2505 eos
1421 2476 1512 2512 gladio
1527 2477 1554 2505 in
1570 2481 1716 2513 conspectu
1732 2476 1901 2504 inimicorum

1180 2519 1302 2544 suorum,

1144 2553 1171 2576 et
1183 2549 1210 2575 in
1225 2555 1308 2575 manu
1323 2548 1505 2583 quaerentium
1518 2548 1624 2576 animas
1636 2555 1730 2576 eorum
1743 2556 1750 2574 ι

1109 2583 1142 2612 Ει
1158 2584 1228 2612 dabo
1241 2581 1372 2612 cadavera
1387 2592 1493 2618 eorutn,
1506 2591 1597 2612 escam
1608 2583 1767 2612 volatilibus
1778 2581 1842 2610 caeli
1851 2602 1858 2615 ,
1875 2585 1901 2609 et

1180 2619 1276 2648 bestiis
1290 2624 1370 2647 terra;
1382 2628 1389 2647 :

1142 2660 1170 2683 et
1180 2662 1290 2719 bplunam
1303 2656 1442 2684 civitatem
1462 2656 1534 2684 hanc
1555 2655 1582 2683 in
1598 2658 1737 2690 stuporem
1750 2675 1758 2688 ,
1779 2659 1806 2682 et
1820 2653 1849 2681 in
1863 2652 1900 2686 si-

1198 2700 1205 2719 t
1219 2698 1278 2719 um:

1198 2698 1278 2720 ιιυιιιζ

1107 2727 1215 2761 Omnis,
1226 2728 1273 2761 qui
1286 2726 1447 2761 prteterierit
1467 2726 1528 2762 [ΑΙ.
1545 2726 1684 2762 praeterit]
1700 2733 1748 2762 per
1763 2733 1838 2760 eam,
1851 2724 1899 2752 ob-

1179 2767 1316 2798 stupesoet
1324 2784 1331 2797 ,

1143 2804 1171 2827 et
1184 2800 1303 2828 sibilabit
1317 2806 1401 2834 super
1412 2798 1539 2826 universa
1554 2798 1631 2834 plaga
1647 2798 1705 2833 ejus
1718 2806 1726 2825 :
1844 2833 1858 2834 η
1907 2810 1909 2814 ν

1109 2835 1143 2864 Et
1157 2835 1253 2863 cihabo
1265 2842 1314 2862 eos
1326 2834 1455 2862 carnibus
1466 2834 1584 2862 tiliorum
1597 2842 1721 2866 suorunt,
1737 2838 1765 2862 et
1778 2833 1900 2861 carnibus

1182 2871 1297 2899 tiliarum
1315 2877 1435 2903 suarum,

1145 2911 1174 2936 et
1185 2906 1370 2943 unusquisque
1385 2913 1481 2935 carnes
1494 2905 1574 2935 amici
1589 2905 1632 2936 sui
1642 2905 1770 2937 comedet
1785 2905 1810 2934 in
1826 2903 1898 2932 obsi-
