4114 6364
334 286 443 347 877
1468 288 1673 348 LIBER
1710 289 2035 351 JEREMIE
2073 291 2489 352 PROPHETAE.
3049 347 3057 358 .
3525 300 3635 363 878

484 408 673 474 dione,
704 416 757 464 et
779 405 834 462 in
864 406 1135 480 angustia,
1165 478 1176 480 _
1244 476 1255 480 7
1296 476 1306 480 7
1746 479 1750 480 7
1958 412 2006 471 A
2107 420 2161 467 et
2193 412 2361 469 deieci
2385 453 2399 477 ,
2433 412 2573 467 ferre
2606 426 2713 469 non
2753 414 3053 473 sustinens.

410 481 466 537 in
491 496 601 563 qua
628 476 1074 563 concludeuteos
1106 476 1311 535 inimici
1343 491 1559 549 eorum,
1584 488 1639 536 et
1664 479 1758 552 qui
1784 495 1933 553 quac-
2036 481 2234 539 Audivi
2264 476 2407 539 enim
2438 486 2805 563 contumelias
2832 486 3161 558 multorum,

482 561 609 608 runt
638 556 850 607 animas
878 566 1094 608 eorum.
2107 563 2163 610 et
2191 564 2453 611 terrorem
2487 556 2540 611 in
2565 557 2797 615 circuitu
2822 577 2836 614 :

338 627 411 684 Et
434 635 690 682 conteres
721 623 1065 703 lagunculam
1090 624 1143 678 in
1171 622 1345 679 oculis
1367 621 1608 680 virorum
1631 663 1647 691 ,
1664 622 1755 696 qui
1780 622 1933 681 ibunt
2036 626 2435 703 Persequimini
2459 668 2475 695 ,
2500 637 2552 703 e7t
2574 643 2974 703 persequamur
2995 646 3125 703 eum7
3144 647 3157 685 :

484 706 705 778 tecum“,
729 707 783 751 et
808 696 957 778 dices
987 696 1052 750 ad
1083 710 1213 778 eos:
2107 696 2455 778 ab7or7nuibus
2483 696 2617 753 viris
2644 696 2979 778 [Al7.'omne7s
3004 702 3161 776 viri],
3183 700 3272 774 qui
3298 713 3455 762 erant
3481 707 3631 778 paci-

343 770 473 827 Haec
503 766 633 833 dicit
665 768 931 823 Dominus
956 769 1322 825 exercituum:
1740 836 1747 837 7
2181 770 2267 825 ﬁci
2301 770 2441 837 mei,
2470 780 2523 825 et
2549 766 2919 831 custodientes
2950 777 3091 830 latus
3112 766 3297 831 ine-um
3324 793 3340 833 :

412 841 506 919 Sic
534 851 814 919 conteram
838 839 1094 919 populum
1124 839 1288 919 istum
1312 879 1327 904 ,
1354 845 1411 919 et
1436 838 1710 895 civitatem
1737 836 1895 919 istam
1914 877 1931 904 ,
2108 842 2154 898 si
2184 836 2459 913 quomodo
2488 838 2813 916 decipiatur,
2842 856 2897 903 et
2944 846 3336 919 praevaleamus
3366 848 3630 907 adversus

414 914 555 989 sicut
578 912 882 989 conteritur
912 925 1009 966 vas
1039 910 1221 987 ﬁguli,
1267 910 1409 985 quod
1442 926 1550 967 non
1584 920 1765 989 potest
1792 910 1934 966 ultra
2178 910 2301 969 eum
2322 956 2337 980 ,

486 983 811 1056 instaurari:
970 1054 1000 1056 _7
1078 983 1087 987 ⁷
1286 983 1295 985 ⁷
1586 983 1593 999 ‘
2043 1054 2062 1056 77
2109 994 2163 1041 et
2192 999 2595 1056 consequamur
2620 986 2882 1046 ultionem
2912 1005 2979 1045 ex
3006 1004 3093 1046 eo.

344 1058 413 1114 Et
439 1057 495 1111 in
526 1055 817 1132 Thopheth
838 1054 1187 1132 sepeiientur,
1312 1125 1328 1132 7
1492 1124 1528 1132 77
1623 1124 1639 1132 7
2038 1054 2302 1132 Dominus
2324 1054 2505 1132 autem
2539 1074 2749 1115 mecum
2781 1069 2866 1118 est
2896 1061 3051 1132 quasi
3082 1060 3313 1120 bellator
3337 1062 3533 1124 fortis:

415 1143 488 1203 eo7
507 1124 781 1203 quodnon
814 1127 883 1203 sit
913 1124 1238 1203 aliuslocus
1263 1125 1330 1203 ad
1360 1124 1758 1203 sepeliendum.
1811 1197 1845 1203 77
2111 1127 2318 1203 idcirco
2347 1131 2436 1203 qui
2473 1141 2873 1203 persequuntur
2898 1124 3017 1201 me,
3048 1134 3275 1202 cadent,

344 1200 439 1259 Sic
466 1196 659 1256 faciam
689 1200 810 1255 loco
839 1196 998 1270 huic,
1027 1199 1103 1253 ait
1133 1198 1393 1254 Dominus
1410 1196 1501 1266 {et
1533 1197 1933 1255 habitatoribus
2051 1268 2067 1270 7
2108 1208 2163 1254 et
2189 1196 2389 1255 inﬁrmi
2423 1196 2586 1257 erunt
2612 1220 2625 1256 :

488 1274 629 1342 ejus.
767 1340 837 1349 77
986 1268 1053 1349 ‘7
1258 1340 1271 1349 7
1388 1340 1449 1349 __
1548 1339 1562 1349 _
1642 1340 1657 1349 _
2037 1268 2454 1349 Confundentur
2477 1273 2583 1349 [ᾼζ.
2611 1274 3031 1349 confundantur]
3054 1276 3428 1347 vehementer,

416 1354 474 1401 et
505 1339 700 1427 ponam
732 1340 1007 1427 civitatem
1038 1340 1200 1427 istam
1228 1340 1367 1427 sicut
1388 1339 1699 1413 ThOpheth.
1772 1411 1795 1427 ν
1856 1412 1869 1427 7
2108 1343 2232 1413 quia
2266 1360 2371 1427 non
2404 1339 2793 1427 intellexerunt
2817 1339 3165 1427 opprobrium
3200 1339 3625 1427 sempiternum,

349 1417 420 1473 Et
443 1411 819 1486 eruntdomus
844 1412 1150 1486 Jerusalem
1175 1456 1188 1480 ,
1216 1420 1273 1470 et
1301 1412 1495 1486 domus
1514 1411 1715 1485 regum
1765 1411 1932 1484 Juda,
2038 1484 2077 1486 77
2125 1411 2138 1413 ⁷
2179 1415 2323 1485 quod
2354 1432 2644 1486 numquam
2688 1411 2981 1476 delebititr.

415 1489 557 1543 sicut
582 1488 735 1564 locus
762 1485 1049 1564 ThOpheth
1069 1526 1085 1553 ,
1120 1484 1443 1564 immundae:
1596 1484 1664 1564 ’77
2037 1484 2107 1541 Et
2136 1484 2230 1564 tuj,
2258 1487 2485 1564 Domine
2503 1484 2846 1546 exercituum
2867 1532 2883 1559 ,
2915 1491 3173 1564 probator
3195 1494 3359 1564 justi,

344 1560 547 1617 Omnes
567 1558 795 1622 domus,
820 1554 1127 1628 in'quarum
1152 1556 1461 1612 domatibus
1488 1554 1937 1613 sacriﬁcaverunt
2039 1626 2079 1628 77
2108 1558 2200 1627 qui
2224 1558 2378 1613 vides
2410 1574 2571 1615 renes
2601 1569 2657 1615 et
2682 1578 2807 1617 cor:

488 1632 636 1687 omni
671 1629 877 1685 militiae
904 1626 1059 1701 caeli,
1132 1700 1138 1701 7
1302 1700 1305 1701 7
1393 1700 1401 1701 7
2037 1626 2295 1701 Videam,
2327 1645 2533 1701 qum-so,
2568 1632 2824 1690 ultionem
2858 1642 3004 1690 tuam
3034 1651 3106 1692 ex
3134 1636 3247 1699 eis:

417 1712 472 1758 et
497 1703 802 1758 lihaverunt
830 1700 1081 1755 libamina
1111 1700 1215 1755 diis
1244 1700 1457 1756 alienis.
2108 1699 2206 1754 tibi
2238 1699 2380 1755 enim
2414 1703 2650 1759 revelavi
2682 1720 2901 1762 causam
2930 1722 3131 1764 meam.

347 1775 511 1831 Venit
540 1786 720 1866 autem
774 1772 1040 1866 {eremias
1086 1772 1154 1827 de
1189 1773 1518 1866 I'l‘liopiieth,
1572 1785 1678 1843 quo
1707 1771 1935 1827 miserat
1965 1805 2015 1866 Β
2039 1770 2548 1866 Ca7ntaI7e7Do7rnino,

486 1862 611 1902 eum
654 1845 913 1899 Dominus
941 1842 1007 1897 ad
1049 1843 1513 1913 prephetandum,
1590 1842 1599 1843 ⁷
1966 1842 2015 1866 ⁵³
2112 1842 2327 1897 laudate
2364 1842 2683 1900 Dominum:

416 1928 474 1974 et
495 1918 643 1973 stetit
674 1918 726 1990 in
753 1917 895 1970 atrio
924 1915 1118 1971 domus
1154 1914 1403 1990 Domini,
2114 1914 2238 1986 quia
2271 1915 2521 1990 liberavit
2551 1918 2785 1990 animam
2844 1919 3098 1990 pauperis
3127 1919 3198 1978 de
3250 1936 3415 1980 manu
3467 1924 3642 1985 malo-

415 1999 469 2045 et
493 1990 631 2045 dixit
663 1987 730 2043 ad
759 2002 975 2043 omnem
1009 1986 1267 2059 populum
1294 2002 1339 2059 :_
1479 2056 1501 2059 _
1628 2054 1643 2059 7
2046 2057 2095 2059 __
2134 1985 2145 2059 ξ
2192 2001 2311 2059 rum
2340 1985 2445 2059 [ΑΙ.
2477 1985 2883 2059 pessimorum].

348 2062 480 2119 Haec
504 2061 637 2117 dicit
664 2059 926 2115 Dominus
952 2054 1285 2113 exercituum
1311 2054 1677 2131 Deuslsrael:
2044 2054 2517 2131 Maledicta'dies',
2552 2059 2604 2114 in
2638 2076 2741 2131 qua
2773 2054 2931 2117 natus
2958 2078 3111 2127 sum;

346 2134 489 2191 Ecce
519 2149 619 2205 ego
650 2132 899 2259 induEam
939 2146 1107 2214 super
1135 2132 1413 2187 civitatem
1464 2129 1603 2185 hanc
1626 2170 1640 2197 ,
1672 2135 1729 2185 et
1774 2139 1941 2203 super
2046 2129 2423 2256 Diesainlqua
2452 2129 2669 2203 peperit
2692 2147 2779 2189 me
2808 2143 2987 2190 mater
3016 2150 3172 2204 mea,
3220 2151 3329 2193 non
3374 2138 3448 2195 sit
3475 2139 3644 2207 bene-

490 2220 680 2259 omnes
709 2220 775 2258 ur
815 2217 872 2257 es
901 2218 1019 2259 Ellis
1040 2245 1055 2259 .
2233 2216 2277 2254 lC
2306 2217 2359 2255 a.

490 2202 680 2260 omnes
709 2204 872 2259 urbes
901 2202 1055 2270 ejus,
1842 2202 1847 2203 ⁷
2193 2202 2359 2256 dicta.

490 2221 519 2258 ο
709 2220 775 2258 ur
815 2220 872 2257 es
901 2220 930 2258 e
958 2220 1019 2257 us
2193 2220 2359 2256 (llCta.

422 2220 680 2333 "tum:
706 2220 845 2329 malla
868 2316 881 2338 ,
914 2220 1279 2349 quze’locutus
1310 2289 1427 2328 sum
1457 2272 1745 2330 adversum
1773 2289 1895 2333 eam
1924 2291 1938 2330 :
2046 2272 2367 2349 Ma_l_edictus
2395 2274 2622 2349 viaqui
2650 2276 2991 2349 θηηυηιίξινίι
3021 2276 3161 2345 Pam
3209 2295 3365 2349 meo,
3411 2281 3599 2341 dicens
3626 2301 3639 2340 ³

355 2350 623 2417 Quoniam
647 2341 1036 2420 induraver'unt
1066 2347 1334 2402 cervicem
1364 2360 1513 2399 suam
1538 2388 1553 2414 ,
2117 2341 2288 2400 Natus
2315 2355 2401 2420 est
2430 2345 2525 2420 tibi
2548 2341 2693 2420 'puer
2723 2347 2830 2420 [AL
2861 2341 3035 2420 ﬁlius]
3057 2352 3331 2408 masculus

422 2430 481 2476 ut
510 2437 617 2483 non
653 2418 909 2475 audirent
940 2432 1221 2473 sermones
1252 2431 1425 2471 meos.
1505 2486 1543 2487 ί
2060 2486 2069 2487 7
2096 2425 2174 2487 et
2197 2417 2350 2485 quasi
2382 2418 2580 2487 gaudio
2609 2416 2906 2475 lzetiileavit
2937 2416 3080 2476 cuin.

351 2490 679 2566 [Cap.7XX.j
714 2490 782 2566 Et
829 2488 1033 2566 audivit
1062 2489 1298 2544 Phassur
1328 2487 1472 2566 ﬁlius
1502 2486 1728 2566 Emmer
1754 2502 1941 2566 sac_er-
2048 2486 2133 2545 Sit
2161 2486 2446 2566 homo7il’le
2499 2498 2557 2545 ut
2585 2500 2714 2547 sunt
2738 2490 2989 2548 civitates
3012 2533 3026 2559 ,
3056 2506 3193 2564 quas
3220 2493 3491 2555 subvertit
3535 2496 3645 2554 Do-

490 2564 619 2631 dos,
642 2559 735 2634 qui
763 2562 1095 2618 constitutus
1117 2569 1235 2617 erat
1267 2561 1521 2631 princeps
1550 2559 1604 2616 in
1629 2561 1794 2617 domo
1832 2561 1940 2617 Do-
2270 2560 2449 2615 minus
2470 2602 2485 2624 ,

494 2636 623 2690 mini
646 2632 675 2701 ,⁷
2122 2636 2178 2685 et
2200 2646 2306 2685 non
2343 2632 2591 2700 paenituit
2621 2647 2745 2689 eum
2770 2651 2786 2690 :

420 2706 716 2763 .leremiam
746 2705 1162 2775 prophetantem
1190 2717 1471 2759 sermones
1502 2703 1657 2759 istos.
2051 2701 2253 2775 Audiat
2281 2702 2576 2760 clamorem
2606 2720 2763 2761 mane
2782 2747 2797 2773 ,

356 2779 419 2834 Et
442 2780 714 2850 percussit
734 2774 975 2834 Phassur
996 2776 1285 2832 Jeremiam
1308 2775 1623 2850 pmphetam
1643 2820 1657 2844 ,
1754 2846 1786 2850 _
1871 2846 1884 2850 7
2065 2845 2088 2850 7
2123 2782 2181 2850 et
2208 2774 2468 2850 ululatum
2499 2775 2554 2831 in
2589 2786 2831 2850 tempore
2859 2775 3205 2850 meridiano:

425 2845 479 2907 et
504 2852 651 2905 misit
672 2865 794 2905 eum
821 2851 875 2903 in
898 2864 1127 2903 nervum
1149 2886 1165 2913 ,
1187 2850 1330 2920 quod
1358 2856 1475 2920 erat
1498 2848 1551 2902 in
1574 2854 1727 2917 porta
1754 2846 1949 2920 Benja-
2051 2845 2153 2916 Qui
2181 2860 2288 2920 non
2316 2862 2400 2900 me
2428 2845 2756 2920 interfecita
2786 2848 2941 2903 vulva
2960 2892 2975 2916 ,

503 2923 613 2977 min
643 2921 942 2991 superiori,
967 2922 1021 2975 in
1048 2920 1209 2993 domo
1236 2918 1473 2974 Domini.
1576 2916 1591 2917 ⁷
1866 2916 1882 2920 ⁷
2126 2928 2185 2975 ut
2210 2916 2367 2993 ﬁeret
2395 2918 2531 2993 mihi
2560 2929 2735 2975 mater
2766 2935 2883 2976 mea
2906 2921 3216 2990 sepulcrum
3235 2964 3253 2993 ,

352 2993 599 3065 Cumque
632 2990 1261 3065 illuxisset7crastinum7,
2067 3062 2085 3065 7
2126 2997 2182 3045 et
2208 2990 2372 3065 vu7lva
2394 2990 2512 3061 ejus
2539 3000 2837 3061 conceptus
2867 3000 3126 3049 aeternus.

423 3061 609 3121 eduxit
640 3065 877 3119 Phassur
898 3062 1191 3118 Jcremiam
1216 3061 1282 3117 de
1309 3076 1512 3119 nervo:
2054 3062 2235 3131 Quare
2260 3061 2329 3134 de
2358 3066 2515 3117 vulva
2547 3078 2807 3133 egressus
2835 3078 2955 3119 sum
2979 3107 2993 3134 ,
3029 3076 3089 3120 ut
3132 3064 3375 3125 viderem
3405 3067 3649 3129 laborem

353 3138 420 3192 Et
441 3137 583 3193 dixit
612 3136 677 3189 ad
708 3151 832 3191 eum
856 3134 1156 3191 Jeremius:
2199 3141 2257 3189 et
2277 3132 2518 3189 dolorem
2540 3177 2555 3201 ,

353 3208 470 3265 Non
518 3209 761 3264 Phassur
791 3207 1014 3285 vocavit
1069 3206 1333 3264 Dominus
1384 3219 1586 3263 nomen
1638 3213 1787 3262 tuum
1806 3248 1822 3276 ,
1851 3205 1947 3264 sed
1977 3206 2024 3285 (ζ
2056 3214 2178 3285 met
2208 3216 2658 3285 consumerentur
2681 3206 2733 3260 in
2762 3206 3081 3285 confusione
3108 3206 3226 3265 dies
3252 3209 3399 3285 κηρὶ]

498 3295 768 3359 pavorem
784 3279 1039 3359 undique.
1808 3275 1845 3353 χ
2012 3275 2023 3285 ’
2056 3275 2205 3349 [ϐαρ.
2230 3275 2406 3359 1911.1
2434 3276 2672 3335 Verbum
2690 3322 2705 3348 ,
2735 3278 2884 3349 quod
2912 3280 3113 3336 factum
3144 3290 3230 3339 est
3260 3281 3327 3339 ad
3354 3281 3653 3344 Jeremiam

357 3348 643 3421 Quia'hmc
664 3351 799 3407 dicit
831 3348 1121 3405 Dominus:
1836 3348 1845 3353 ⁷
2060 3348 2065 3349 ⁷
2152 3348 2158 3349 ⁷
2196 3364 2226 3402 a
2258 3348 2504 3421 Domino,

356 3419 497 3480 Ecce
523 3440 624 3494 ego
648 3424 789 3478 dabo
822 3435 873 3478 te
906 3424 956 3477 in
991 3437 1298 3494 pavorem,
2124 3419 2344 3494 quando
2370 3420 2522 3478 misit
2549 3419 2617 3487 ad
2642 3435 2766 3479 eum
2794 3436 2891 3479 rex
2922 3420 3183 3483 Sedecias
3207 3422 3450 3483 Phassur
3477 3425 3649 3486 ﬁlium

435 3508 485 3552 te
507 3490 615 3568 [Ᾰι.
640 3504 771 3550 tacet
802 3494 874 3621 liii]
898 3504 953 3549 et
979 3490 1169 3549 omnes
1197 3490 1401 3550 amicos
1433 3502 1584 3550 tuos:
2142 3490 2151 3492 ⁷
2198 3490 2460 3559 Melchize,

457 3577 717 3621 corruent
746 3568 834 3621 ala
881 3568 930 3621 io
964 3567 1311 3621 inimicorum
1335 3578 1555 3621 suorum
1574 3608 1589 3621 .
2125 3570 2182 3618 et
2202 3564 2460 3621 Sonhoni:

364 3568 427 3624 Et
457 3564 717 3624 carruent
746 3564 930 3640 gladio
964 3567 1311 3623 inimicorum
1335 3578 1555 3623 suorum
1574 3608 1589 3637 ,
2056 3633 2078 3640 _
2125 3570 2182 3618 et
2202 3564 2538 3633 Sophoniam
2569 3565 2739 3640 illium
2772 3565 2992 3640 Haasiaa
3021 3566 3365 3626 sacerdotem
3384 3614 3399 3640 ,
3423 3568 3648 3631 dicens:

432 3650 487 3695 et
513 3640 653 3694 oculi
682 3633 1075 3693 tuividebunt:
1576 3633 1583 3637 ⁷
2055 3633 2332 3706 Interroga
2364 3651 2465 3706 pro
2495 3638 2650 3693 nobis
2682 3637 2967 3693 Dominum
2988 3679 3004 3703 ,

364 3712 431 3769 Et
452 3726 667 3767 omnem
697 3710 889 3777 Judatn
918 3710 1059 3764 dabo
1089 3710 1142 3765 in
1178 3724 1395 3764 manum
1437 3707 1582 3780 regis
1623 3706 1951 3779 Babylonis:
2126 3707 2251 3778 quia
2274 3706 2779 3767 Nabuchodonosor
2801 3724 2899 3766 rex
2925 3708 3223 3781 Babylonis
3246 3712 3526 3781 praeliatur
3555 3714 3653 3771 ad-

431 3792 486 3837 et
516 3784 762 3837 traducet
790 3796 885 3837 eos
918 3782 969 3836 in
1003 3782 1368 3851 Babylonem,
2200 3792 2412 3851 versum
2447 3796 2548 3837 nos
2575 3797 2585 3833 :

433 3865 487 3910 et
521 3854 785 3923 percutiet
810 3868 907 3908 cos
937 3849 1141 3923 gladio‘.
1660 3922 1669 3923 7
1739 3922 1745 3923 7
2127 3851 2173 3905 si
2202 3849 2528 3923 forte7faciat
2552 3852 2812 3911 Dominus
2836 3852 3123 3911 nobiseum
3142 3854 3443 3912 secundum
3466 3856 3652 3915 omnia

362 3928 432 3985 Et
464 3920 601 3981 dabo
633 3920 963 3980 universam_
980 3924 1343 3981 substantiam
1371 3922 1605 3980 civitatis
1657 3922 1851 3994 hujus,
1900 3929 1955 3979 et
2204 3920 2472 3994 mirabilia
2499 3938 2628 3991 sua,

508 4013 723 4053 omnem
753 3996 991 4052 laborem
1023 3995 1139 4066 ejus
1162 4040 1177 4066 ,
1736 3993 1741 3994 ⁷
2063 4063 2099 4066 77
2128 3999 2186 4066 et
2205 3993 2427 4066 recedat
2448 4010 2476 4048 a
2503 3996 2681 4053 nobis.

439 4084 704 4140 omneque
754 4069 982 4140 pretium
1006 4109 1020 4131 ,
1053 4063 1119 4123 'et
1157 4063 1384 4122 cunctos
1435 4066 1720 4133 thesauros
1768 4079 1955 4136 regum
2059 4063 2585 4140 Et7dixi7t71eremias
2617 4068 2685 4124 ad
2717 4080 2843 4125 eos:

509 4135 645 4197 Juda
668 4135 808 4196 dabo
841 4142 897 4195 in
934 4155 1095 4195 manu
1125 4140 1466 4195 inimicorum
1500 4148 1523 4176 ⁸
1554 4154 1777 4194 eorum:
1838 4135 1852 4136 ⁷
2129 4136 2219 4192 Sic
2247 4135 2436 4191 dicetis
2467 4138 2741 4195 Sedecizn:

438 4222 492 4270 et
532 4214 792 4285 diripient
820 4228 949 4281 eos,
980 4221 1036 4267 et
1080 4212 1304 4279 tollent,
1332 4220 1385 4266 et
1406 4208 1608 4267 ducent
1639 4211 1691 4264 in
1722 4208 1955 4281 Babylo-
2061 4207 2188 4285 l_l:ec
2212 4206 2345 4262 dicit
2373 4205 2637 4265 Dominus
2663 4210 2809 4267 Dens
2841 4210 3045 4285 Israel:

513 4280 657 4340 neut}
936 4280 939 4281 ⁷
1783 4350 1794 4353 _
1844 4280 1847 4281 ⁷
2060 4280 2201 4342 Ecce
2226 4295 2327 4349 ego
2356 4292 2669 4339 convertam
2692 4296 2822 4339 vasa
2849 4282 3010 4353 belli,
3036 4297 3159 4353 quae
3181 4281 3237 4339 in
3272 4284 3524 4343 manibus
3560 4300 3653 4343 ve-

367 4356 451 4415 Tu
503 4368 711 4419 autem,
768 4357 1028 4420 Phassm',
1071 4364 1125 4411 et
1179 4368 1369 4409 omnes
1402 4353 1737 4410 habitatores
1765 4350 1958 4407 domus
2203 4353 2331 4406 stris
2360 4362 2518 4421 sunt,

512 4437 617 4483 tua:
642 4471 655 4492 ,
686 4429 829 4484 ibitis
858 4428 910 4483 in
935 4428 1303 4497 Cupiit’llalcm
1332 4444 1344 4479 :
1509 4496 1519 4500 7
1592 4498 1600 4500 7
2135 4430 2191 4478 et
2215 4424 2418 4500 quibus
2438 4440 2532 4500 vos
2560 4426 2812 4497 pugnatis
2834 4426 3096 4482 adversus
3124 4439 3309 4496 regem
3334 4425 3652 4500 Babylonis,

440 4510 496 4555 et
526 4502 577 4555 in
606 4500 933 4571 Babylonem
959 4494 1142 4555 venies
1162 4542 1174 4565 ,
1200 4510 1252 4555 ct
1280 4500 1352 4557 ibi
1386 4496 1671 4571 morieris,
2206 4504 2262 4571 et
2290 4494 2575 4571 Qhaidmos
2596 4540 2610 4565 ,
2639 4494 2677 4571 '7
2788 4569 2797 4571 7
2910 4570 2915 4571 7
3191 4494 3209 4496 ⁷
3340 4530 3345 4536 ι

445 4571 626 4638 ibique
658 4565 941 4639 sepelieris
970 4582 1024 4627 tu
1048 4612 1062 4637 ,
1088 4585 1142 4625 et
1172 4585 1360 4626 omnes
1390 4571 1548 4625 amici
1583 4568 1691 4637 tui;
1986 4600 2041 4663 Β
2135 4568 2224 4636 qui
2257 4565 2512 4621 obsident
2543 4584 2638 4623 vos
2667 4570 2721 4623 in
2753 4569 2983 4624 circuitu
3012 4582 3289 4623 murorum
3316 4588 3328 4621 :

445 4643 636 4695 auibus
666 4643 994 4695 oronhetasti
1026 4643 1391 4695 mendacium.
2067 4636 2135 4693 Et
2161 4639 2502 4695 conareaabo
2523 4655 2586 4695 ea
2616 4642 2668 4695 in
2698 4640 2880 4695 medio
2901 4640 3140 4695 civitatis
3161 4638 3323 4695 huius

442 4643 636 4766 quibus
666 4643 994 4712 prophetasti
1026 4643 1391 4697 mendacium.
1988 4651 1995 4662 ‘

370 4712 443 4769 Se
487 4712 646 4766 uxisti
674 4728 788 4776 me,
814 4712 1072 4778 Domine,
1110 4722 1162 4767 et
1190 4715 1446 4768 seductus
1472 4727 1629 4770 sum:

2026 4641 2038 4656 ’
2067 4641 2135 4693 Et
2161 4641 2502 4708 congregabo
2523 4655 2586 4695 ea
2616 4642 2668 4695 in
2698 4641 2880 4696 medio
2901 4641 3140 4695 civitatis
3161 4641 3343 4708 hujus.
3377 4641 3441 4695 Et
3469 4642 3651 4700 debel-

2208 4709 2334 4763 labo
2348 4725 2446 4779 ego
2459 4726 2555 4766 vos
2584 4713 2636 4767 in
2668 4726 2829 4766 manu
2858 4713 3240 4777 extenta,etin
3259 4711 3480 4767 brachio
3494 4712 3617 4768 forti
3636 4755 3651 4779 ,

448 4782 641 4838 fortior
670 4798 755 4839 me
784 4783 930 4838 fuisti
950 4825 962 4845 ,
993 4794 1047 4839 et
1072 4786 1345 4840 invaluisti
1374 4802 1386 4839 :
2071 4853 2107 4856 7_
2136 4788 2192 4836 et
2219 4780 2272 4833 in
2307 4781 2519 4856 furore.
2546 4784 2681 4856 etin
2712 4780 3135 4856 indignatione,
3161 4794 3215 4856 et
3250 4782 3301 4837 iu
3332 4784 3409 4838 ira
3436 4786 3653 4856 grandi.

369 4855 573 4916 Factus
598 4871 714 4912 sum
747 4860 799 4911 in
831 4856 1069 4911 derisum
1098 4864 1207 4912 tota
1230 4858 1347 4925 die,
2070 4853 2463 4925 Et7percutiani
2494 4851 2832 4911 habitatores
2857 4855 3094 4910 civitatis
3123 4855 3314 4924 hujus,

447 4942 639 4983 omnes
667 4930 1005 4983 subsannant
1029 4943 1131 4983 me.
1330 4922 1341 4925 ⁷
2076 4994 2113 4998 _
2140 4922 2392 4998 homines
2420 4934 2474 4981 et
2502 4926 2688 4998 bestia:
2701 4925 3013 4997 pestilentia
3039 4922 3233 4998 magna
3257 4925 3580 4984 morientur.

370 5001 504 5069 Quia
524 5000 635 5069 jam
661 5001 787 5055 olim
822 5000 1036 5070 loquor,
1068 4998 1373 5055 vociferans
1404 4998 1743 5072 iniquitatem
1763 5035 1783 5071 ,
2072 4994 2141 5052 Ει
2165 5005 2291 5072 post
2317 4996 2437 5072 haec
2465 4997 2542 5072 ait
2569 4994 2863 5072 Dominus;
2913 5069 2924 5072 7
3070 5058 3074 5062 _

440 5082 495 5128 et
524 5067 831 5127 vastitatem
865 5067 1115 5142 clamito:
1401 5140 1410 5142 7
1499 5067 1514 5072 “
1723 5139 1734 5142 7
1768 5067 1777 5071 ⁷’
1882 5139 1895 5142 _
2144 5067 2593 5142 dabo7Sedeciam
2620 5085 2803 5141 regem
2824 5068 2994 5138 Juda,
3016 5078 3073 5127 et
3098 5084 3287 5127 servos
3311 5069 3462 5141 ejus,
3484 5077 3660 5142 etpo-

371 5143 441 5201 Et
466 5142 640 5215 factus
671 5152 755 5198 est
780 5141 911 5198 mihi
946 5156 1125 5215 sermo
1156 5142 1370 5199 Domini
1398 5140 1451 5199 in
1482 5139 1833 5215 Opprobrium
1855 5139 1895 5210 ,'
2211 5139 2395 5215 pulum
2426 5138 2565 5215 ejus,

446 5224 500 5270 et
530 5214 583 5269 in
615 5216 858 5271 derisum
890 5222 1002 5269 tota
1029 5214 1136 5270 die.
1520 5212 1571 5215 ⁷⁷
1726 5212 1731 5215 ’
2141 5220 2199 5269 et
2215 5213 2309 5339 qui
2333 5212 2581 5267 derelicti
2611 5220 2737 5268 sunt
2762 5212 2817 5269 in
2838 5212 3056 5272 civitate
3084 5212 3187 5270 hac
3214 5226 3243 5268 a
3267 5222 3453 5288 peste,
3472 5223 3526 5274 et
3547 5214 3661 5289 gla-

374 5286 443 5342 Et
468 5287 626 5342 dixi:
2254 5283 2329 5342 io.
2362 5294 2415 5340 et
2446 5281 2589 5340 fame
2612 5326 2626 5342 .

428 5287 584 5342 tdixi
612 5303 626 5339 :
2215 5283 2329 5349 dio,
2362 5294 2415 5340 et
2446 5283 2589 5340 fame
2612 5326 2626 5350 ,

371 5357 491 5413 Non
524 5358 855 5413 recordabor
880 5357 996 5428 ejus
1014 5398 1030 5424 ,
1269 5429 1272 5430 7
2144 5356 2199 5412 in
2230 5370 2393 5430 manu
2421 5352 2926 5430 Nabuchodonosor
2951 5356 3097 5429 regis
3125 5355 3448 5430 Babylonis,

447 5446 619 5501 neque
650 5431 844 5499 loquar
874 5426 1013 5484 ultra
1047 5431 1100 5485 in
1134 5429 1352 5485 nomine
1380 5428 1537 5501 illius
1564 5448 1575 5484 :
1763 5498 1775 5501 7
1836 5499 1841 5501 7
1925 5498 1936 5501 7
2144 5437 2201 5482 et
2235 5428 2287 5501 i7n
2318 5442 2482 5482 manu
2513 5426 2856 5501 inimicorum
2887 5426 3073 5485 eorum
3094 5470 3112 5496 ,

376 5500 445 5557 Et
494 5498 601 5574 [ᾹΙ.
637 5498 793 5573 Quia]
826 5501 999 5557 factus
1040 5510 1125 5558 est
1172 5501 1223 5557 in
1260 5500 1425 5558 corde
1456 5518 1579 5559 meo
1624 5498 1780 5574 quasi
1833 5498 1970 5572 ignis
2081 5570 2121 5574 _
2152 5506 2208 5554 et
2236 5499 2290 5553 in
2315 5514 2478 5574 manu
2507 5499 2864 5574 quaerentium
2894 5501 3130 5574 animam
3155 5514 3343 5559 eorum
3364 5544 3378 5571 ,

520 5570 827 5628 exaestuans
847 5617 862 5642 ,
1641 5570 1659 5574 ⁷
1856 5570 1871 5572 ⁷
2042 5570 2151 5628 'Et
2179 5571 2447 5643 “percutiet
2472 5586 2565 5625 eos
2599 5572 2649 5626 in
2677 5586 2771 5626 ore
2800 5571 3001 5643 gladii,

450 5644 774 5717 claususque
800 5641 858 5701 in
890 5644 1109 5702 ossibus
1140 5645 1314 5701 meis:
2155 5650 2209 5697 ct
2240 5657 2345 5699 non
2370 5641 2395 5679 ι)
2420 5641 2694 5714 ﬂectetur,
2721 5658 2787 5701 ne
2808 5641 2897 5715 jue
2926 5654 3147 5718 parcet,
3176 5661 3275 5704 nec
3296 5644 3669 5717 miserebitur.

452 5790 479 5820 ει
506 5781 715 5838 Vitiose
761 5784 958 5838 lectum
1004 5800 1033 5839 a
1089 5783 1440 5849 Martianmo,
1481 5798 1711 5838 meorum
1757 5798 1857 5854 pro
1887 5796 1974 5838 eo-
2078 5790 2311 5854 unum.

380 5869 530 5922 rum,
563 5854 960 5927 refragantibus
999 5857 1121 5913 aliis
1164 5857 1314 5914 libris
1342 5895 1358 5926 ,
1405 5871 1527 5913 cum
1570 5853 1766 5927 primis
1804 5854 1974 5913 llebr.
2156 5853 2183 5895 δ
2208 5855 2392 5913 Conon
2420 5853 2950 5920 San-Germanensis
2970 5865 3029 5919 et
3054 5856 3143 5919 alii
3175 5872 3311 5917 mss.
3351 5856 3603 5930 codices,
3628 5867 3686 5918 et
