  <div class='ocr_page' id='page_1' title='image "/cluster/home/n/w/nwhite01/storage/ocr_20150623/28/hvd.32044015471410/446.png"; bbox 0 0 4114 6364; ppageno 0'>
   <div class='ocr_carea' id='block_1_1' title="bbox 272 317 420 399">
    <p class='ocr_par' dir='ltr' id='par_1_1' title="bbox 272 317 420 399">
     <span class='ocr_line' id='line_1_1' title="bbox 272 317 420 399; baseline -0.034 -20"><span class='ocrx_word' id='word_1_1' title='bbox 272 396 277 399; x_wconf 97' lang='lat'><em>_</em></span> <span class='ocrx_word' id='word_1_2' title='bbox 320 317 420 379; x_wconf 75' lang='grc' dir='ltr'><strong>εει</strong></span> 
     </span>
    </p>
   </div>
   <div class='ocr_carea' id='block_1_2' title="bbox 396 430 1539 506">
    <p class='ocr_par' dir='ltr' id='par_1_2' title="bbox 396 430 1539 506">
     <span class='ocr_line' id='line_1_2' title="bbox 396 430 1539 506; baseline -0.004 -14"><span class='ocrx_word' id='word_1_3' title='bbox 396 432 653 506; x_wconf 90' lang='lat' dir='ltr'><strong>numquid</strong></span> <span class='ocrx_word' id='word_1_4' title='bbox 681 445 776 506; x_wconf 81' lang='lat' dir='ltr'><strong>vas</strong></span> <span class='ocrx_word' id='word_1_5' title='bbox 806 432 1010 504; x_wconf 84' lang='lat' dir='ltr'><strong>absque</strong></span> <span class='ocrx_word' id='word_1_6' title='bbox 1041 430 1189 489; x_wconf 87' lang='lat' dir='ltr'><strong>omni</strong></span> <span class='ocrx_word' id='word_1_7' title='bbox 1221 430 1539 506; x_wconf 77' lang='lat' dir='ltr'><strong>voluptate?</strong></span> 
     </span>
    </p>
   </div>
   <div class='ocr_carea' id='block_1_3' title="bbox 323 503 1476 579">
    <p class='ocr_par' dir='ltr' id='par_1_3' title="bbox 323 503 1476 579">
     <span class='ocr_line' id='line_1_3' title="bbox 323 503 1476 579; baseline -0.004 -15"><span class='ocrx_word' id='word_1_8' title='bbox 323 507 502 579; x_wconf 83' lang='lat' dir='ltr'><strong>Quare</strong></span> <span class='ocrx_word' id='word_1_9' title='bbox 523 503 719 579; x_wconf 77' lang='lat' dir='ltr'><strong>abiecti</strong></span> <span class='ocrx_word' id='word_1_10' title='bbox 736 512 873 579; x_wconf 85' lang='lat' dir='ltr'><strong>sunt</strong></span> <span class='ocrx_word' id='word_1_11' title='bbox 904 503 1018 574; x_wconf 77' lang='lat' dir='ltr'><strong>ipse</strong></span> <span class='ocrx_word' id='word_1_12' title='bbox 1045 514 1100 560; x_wconf 92' lang='lat' dir='ltr'><strong>et</strong></span> <span class='ocrx_word' id='word_1_13' title='bbox 1129 518 1314 579; x_wconf 80' lang='lat' dir='ltr'><strong>semen</strong></span> <span class='ocrx_word' id='word_1_14' title='bbox 1337 503 1476 572; x_wconf 86' lang='lat' dir='ltr'><strong>ejus,</strong></span> 
     </span>
    </p>
   </div>
   <div class='ocr_carea' id='block_1_4' title="bbox 396 574 1699 649">
    <p class='ocr_par' dir='ltr' id='par_1_4' title="bbox 396 574 1699 649">
     <span class='ocr_line' id='line_1_4' title="bbox 396 574 1699 649; baseline -0.002 -15"><span class='ocrx_word' id='word_1_15' title='bbox 396 588 447 635; x_wconf 86' lang='lat' dir='ltr'><strong>et</strong></span> <span class='ocrx_word' id='word_1_16' title='bbox 475 574 701 649; x_wconf 78' lang='lat' dir='ltr'><strong>proiecti</strong></span> <span class='ocrx_word' id='word_1_17' title='bbox 735 577 787 631; x_wconf 91' lang='lat' dir='ltr'><strong>in</strong></span> <span class='ocrx_word' id='word_1_18' title='bbox 820 585 1045 644; x_wconf 90' lang='lat' dir='ltr'><strong>terram,</strong></span> <span class='ocrx_word' id='word_1_19' title='bbox 1076 590 1235 647; x_wconf 91' lang='lat' dir='ltr'><strong>quam</strong></span> <span class='ocrx_word' id='word_1_20' title='bbox 1270 574 1699 646; x_wconf 88' lang='lat' dir='ltr'><strong>ignoraverunt?</strong></span> 
     </span>
    </p>
   </div>
   <div class='ocr_carea' id='block_1_5' title="bbox 325 652 913 716">
    <p class='ocr_par' dir='ltr' id='par_1_5' title="bbox 325 652 913 716">
     <span class='ocr_line' id='line_1_5' title="bbox 325 652 913 716; baseline -0.015 -6"><span class='ocrx_word' id='word_1_21' title='bbox 325 652 514 711; x_wconf 84' lang='lat' dir='ltr'><strong>Terra.</strong></span> <span class='ocrx_word' id='word_1_22' title='bbox 548 660 713 716; x_wconf 91' lang='lat' dir='ltr'><strong>terra,</strong></span> <span class='ocrx_word' id='word_1_23' title='bbox 745 655 913 713; x_wconf 86' lang='lat' dir='ltr'><strong>terra,</strong></span> 
     </span>
    </p>
   </div>
   <div class='ocr_carea' id='block_1_6' title="bbox 393 718 1121 777">
    <p class='ocr_par' dir='ltr' id='par_1_6' title="bbox 393 718 1121 777">
     <span class='ocr_line' id='line_1_6' title="bbox 393 718 1121 777; baseline -0.004 -1"><span class='ocrx_word' id='word_1_24' title='bbox 393 721 519 776; x_wconf 89' lang='lat' dir='ltr'><strong>audi</strong></span> <span class='ocrx_word' id='word_1_25' title='bbox 548 734 857 777; x_wconf 87' lang='lat' dir='ltr'><strong>sermonem</strong></span> <span class='ocrx_word' id='word_1_26' title='bbox 883 718 1121 776; x_wconf 88' lang='lat' dir='ltr'><strong>Domini.</strong></span> 
     </span>
    </p>
   </div>
   <div class='ocr_carea' id='block_1_7' title="bbox 325 791 935 851">
    <p class='ocr_par' dir='ltr' id='par_1_7' title="bbox 325 791 935 851">
     <span class='ocr_line' id='line_1_7' title="bbox 325 791 935 851; baseline -0.01 0"><span class='ocrx_word' id='word_1_27' title='bbox 325 796 451 851; x_wconf 64' lang='lat' dir='ltr'><strong>Haec</strong></span> <span class='ocrx_word' id='word_1_28' title='bbox 477 792 608 849; x_wconf 85' lang='lat' dir='ltr'><strong>dicit</strong></span> <span class='ocrx_word' id='word_1_29' title='bbox 634 791 897 847; x_wconf 88' lang='lat' dir='ltr'><strong>Dominus</strong></span> <span class='ocrx_word' id='word_1_30' title='bbox 923 810 935 845; x_wconf 92' lang='lat'>:</span> 
     </span>
    </p>
   </div>
   <div class='ocr_carea' id='block_1_8' title="bbox 327 863 1002 927">
    <p class='ocr_par' dir='ltr' id='par_1_8' title="bbox 327 863 1002 927">
     <span class='ocr_line' id='line_1_8' title="bbox 327 863 1002 927; baseline -0.01 -4"><span class='ocrx_word' id='word_1_31' title='bbox 327 865 513 924; x_wconf 88' lang='lat' dir='ltr'><strong>Scribe</strong></span> <span class='ocrx_word' id='word_1_32' title='bbox 538 865 713 918; x_wconf 91' lang='lat' dir='ltr'><strong>virum</strong></span> <span class='ocrx_word' id='word_1_33' title='bbox 741 863 1002 927; x_wconf 85' lang='lat' dir='ltr'><strong>sterilem,</strong></span> 
     </span>
    </p>
   </div>
   <div class='ocr_carea' id='block_1_9' title="bbox 398 934 1723 1005">
    <p class='ocr_par' dir='ltr' id='par_1_9' title="bbox 398 934 1723 1005">
     <span class='ocr_line' id='line_1_9' title="bbox 398 934 1723 1005; baseline -0.003 -16"><span class='ocrx_word' id='word_1_34' title='bbox 398 936 568 990; x_wconf 83' lang='lat' dir='ltr'><strong>virum</strong></span> <span class='ocrx_word' id='word_1_35' title='bbox 592 935 684 1005; x_wconf 90' lang='lat' dir='ltr'><strong>qui</strong></span> <span class='ocrx_word' id='word_1_36' title='bbox 710 936 760 988; x_wconf 93' lang='lat' dir='ltr'><strong>iu</strong></span> <span class='ocrx_word' id='word_1_37' title='bbox 787 934 978 989; x_wconf 88' lang='lat' dir='ltr'><strong>diebus</strong></span> <span class='ocrx_word' id='word_1_38' title='bbox 999 934 1109 990; x_wconf 89' lang='lat' dir='ltr'><strong>suis</strong></span> <span class='ocrx_word' id='word_1_39' title='bbox 1141 948 1248 988; x_wconf 90' lang='lat' dir='ltr'><strong>non</strong></span> <span class='ocrx_word' id='word_1_40' title='bbox 1278 934 1723 1003; x_wconf 87' lang='lat' dir='ltr'><strong>prosperabitur:</strong></span> 
     </span>
    </p>
   </div>
   <div class='ocr_carea' id='block_1_10' title="bbox 325 1005 1917 1077">
    <p class='ocr_par' dir='ltr' id='par_1_10' title="bbox 325 1005 1917 1077">
     <span class='ocr_line' id='line_1_10' title="bbox 325 1005 1917 1077; baseline -0.004 -12"><span class='ocrx_word' id='word_1_41' title='bbox 325 1008 434 1065; x_wconf 83' lang='lat' dir='ltr'><strong>Nec</strong></span> <span class='ocrx_word' id='word_1_42' title='bbox 458 1009 605 1063; x_wconf 91' lang='lat' dir='ltr'><strong>enim</strong></span> <span class='ocrx_word' id='word_1_43' title='bbox 635 1006 741 1062; x_wconf 92' lang='lat' dir='ltr'><strong>erit</strong></span> <span class='ocrx_word' id='word_1_44' title='bbox 785 1006 853 1061; x_wconf 88' lang='lat' dir='ltr'><strong>de</strong></span> <span class='ocrx_word' id='word_1_45' title='bbox 880 1005 1088 1061; x_wconf 89' lang='lat' dir='ltr'><strong>semine</strong></span> <span class='ocrx_word' id='word_1_46' title='bbox 1118 1005 1235 1074; x_wconf 86' lang='lat' dir='ltr'><strong>ejus</strong></span> <span class='ocrx_word' id='word_1_47' title='bbox 1266 1006 1366 1074; x_wconf 78' lang='lat' dir='ltr'><strong>vir,</strong></span> <span class='ocrx_word' id='word_1_48' title='bbox 1406 1007 1493 1077; x_wconf 93' lang='lat' dir='ltr'><strong>qui</strong></span> <span class='ocrx_word' id='word_1_49' title='bbox 1526 1006 1715 1061; x_wconf 91' lang='lat' dir='ltr'><strong>sedeat</strong></span> <span class='ocrx_word' id='word_1_50' title='bbox 1753 1018 1917 1074; x_wconf 84' lang='lat' dir='ltr'><strong>super</strong></span> 
     </span>
    </p>
   </div>
   <div class='ocr_carea' id='block_1_11' title="bbox 466 1077 881 1139">
    <p class='ocr_par' dir='ltr' id='par_1_11' title="bbox 466 1077 881 1139">
     <span class='ocr_line' id='line_1_11' title="bbox 466 1077 881 1139; baseline -0.01 -4"><span class='ocrx_word' id='word_1_51' title='bbox 466 1080 662 1135; x_wconf 87' lang='lat' dir='ltr'><strong>solium</strong></span> <span class='ocrx_word' id='word_1_52' title='bbox 692 1077 881 1139; x_wconf 88' lang='lat' dir='ltr'><strong>David,</strong></span> 
     </span>
    </p>
   </div>
   <div class='ocr_carea' id='block_1_12' title="bbox 397 1147 1771 1222">
    <p class='ocr_par' dir='ltr' id='par_1_12' title="bbox 397 1147 1771 1222">
     <span class='ocr_line' id='line_1_12' title="bbox 397 1147 1771 1222; baseline -0.003 -17"><span class='ocrx_word' id='word_1_53' title='bbox 397 1158 454 1205; x_wconf 92' lang='lat' dir='ltr'><strong>et</strong></span> <span class='ocrx_word' id='word_1_54' title='bbox 477 1158 797 1222; x_wconf 63' lang='lat' dir='ltr'><strong>potesist_em</strong></span> <span class='ocrx_word' id='word_1_55' title='bbox 830 1148 1024 1205; x_wconf 90' lang='lat' dir='ltr'><strong>habeat</strong></span> <span class='ocrx_word' id='word_1_56' title='bbox 1053 1148 1190 1222; x_wconf 79' lang='lat' dir='ltr'><strong>ultra</strong></span> <span class='ocrx_word' id='word_1_57' title='bbox 1218 1147 1322 1222; x_wconf 69' lang='lat' dir='ltr'><strong>[AL</strong></span> <span class='ocrx_word' id='word_1_58' title='bbox 1350 1148 1477 1222; x_wconf 67' lang='lat' dir='ltr'><strong>add.</strong></span> <span class='ocrx_word' id='word_1_59' title='bbox 1508 1147 1582 1222; x_wconf 70' lang='lat' dir='ltr'><strong>in]</strong></span> <span class='ocrx_word' id='word_1_60' title='bbox 1611 1147 1771 1203; x_wconf 85' lang='lat' dir='ltr'><strong>Juda.</strong></span> 
     </span>
    </p>
   </div>
   <div class='ocr_carea' id='block_1_13' title="bbox 328 1218 1919 1295">
    <p class='ocr_par' dir='ltr' id='par_1_13' title="bbox 328 1218 1919 1295">
     <span class='ocr_line' id='line_1_13' title="bbox 328 1218 1919 1295; baseline -0.003 -18"><span class='ocrx_word' id='word_1_61' title='bbox 328 1218 724 1295; x_wconf 55' lang='lat' dir='ltr'><strong>[CaprXIlL]</strong></span> <span class='ocrx_word' id='word_1_62' title='bbox 756 1220 846 1275; x_wconf 69' lang='lat' dir='ltr'><strong>Vte</strong></span> <span class='ocrx_word' id='word_1_63' title='bbox 872 1220 1203 1291; x_wconf 80' lang='lat' dir='ltr'><strong>pastoribus,</strong></span> <span class='ocrx_word' id='word_1_64' title='bbox 1222 1218 1324 1289; x_wconf 17' lang='lat' dir='ltr'><strong>Iqui</strong></span> <span class='ocrx_word' id='word_1_65' title='bbox 1357 1218 1677 1295; x_wconf 67' lang='lat' dir='ltr'><strong>disperdunt</strong></span> <span class='ocrx_word' id='word_1_66' title='bbox 1702 1228 1756 1274; x_wconf 91' lang='lat' dir='ltr'><strong>et</strong></span> <span class='ocrx_word' id='word_1_67' title='bbox 1782 1218 1919 1274; x_wconf 86' lang='lat' dir='ltr'><strong>dila-</strong></span> 
     </span>
    </p>
   </div>
   <div class='ocr_carea' id='block_1_14' title="bbox 470 1291 1810 1362">
    <p class='ocr_par' dir='ltr' id='par_1_14' title="bbox 470 1291 1810 1362">
     <span class='ocr_line' id='line_1_14' title="bbox 470 1291 1810 1362; baseline -0.004 -14"><span class='ocrx_word' id='word_1_68' title='bbox 470 1301 658 1350; x_wconf 90' lang='lat' dir='ltr'><strong>cerant</strong></span> <span class='ocrx_word' id='word_1_69' title='bbox 686 1291 903 1362; x_wconf 78' lang='lat' dir='ltr'><strong>gregem</strong></span> <span class='ocrx_word' id='word_1_70' title='bbox 936 1307 1148 1362; x_wconf 78' lang='lat' dir='ltr'><strong>pascua:</strong></span> <span class='ocrx_word' id='word_1_71' title='bbox 1180 1306 1341 1357; x_wconf 82' lang='lat' dir='ltr'><strong>meae,</strong></span> <span class='ocrx_word' id='word_1_72' title='bbox 1371 1291 1503 1362; x_wconf 82' lang='lat' dir='ltr'><strong>dicit</strong></span> <span class='ocrx_word' id='word_1_73' title='bbox 1530 1291 1810 1345; x_wconf 87' lang='lat' dir='ltr'><strong>Dominus.</strong></span> 
     </span>
    </p>
   </div>
   <div class='ocr_carea' id='block_1_15' title="bbox 330 1360 1920 1433">
    <p class='ocr_par' dir='ltr' id='par_1_15' title="bbox 330 1360 1920 1433">
     <span class='ocr_line' id='line_1_15' title="bbox 330 1360 1920 1433; baseline -0.003 -12"><span class='ocrx_word' id='word_1_74' title='bbox 330 1364 460 1421; x_wconf 89' lang='lat' dir='ltr'><strong>Ideo</strong></span> <span class='ocrx_word' id='word_1_75' title='bbox 482 1365 598 1421; x_wconf 74' lang='lat' dir='ltr'><strong>haec</strong></span> <span class='ocrx_word' id='word_1_76' title='bbox 619 1360 751 1419; x_wconf 82' lang='lat' dir='ltr'><strong>dicit</strong></span> <span class='ocrx_word' id='word_1_77' title='bbox 774 1360 1033 1418; x_wconf 85' lang='lat' dir='ltr'><strong>Dominus</strong></span> <span class='ocrx_word' id='word_1_78' title='bbox 1062 1364 1205 1418; x_wconf 90' lang='lat' dir='ltr'><strong>Deus</strong></span> <span class='ocrx_word' id='word_1_79' title='bbox 1230 1363 1393 1418; x_wconf 90' lang='lat' dir='ltr'><strong>Israel</strong></span> <span class='ocrx_word' id='word_1_80' title='bbox 1424 1361 1491 1417; x_wconf 90' lang='lat' dir='ltr'><strong>ad</strong></span> <span class='ocrx_word' id='word_1_81' title='bbox 1526 1371 1802 1433; x_wconf 86' lang='lat' dir='ltr'><strong>pastores,</strong></span> <span class='ocrx_word' id='word_1_82' title='bbox 1827 1360 1920 1432; x_wconf 88' lang='lat' dir='ltr'><strong>qui</strong></span> 
     </span>
    </p>
   </div>
   <div class='ocr_carea' id='block_1_16' title="bbox 476 1435 1233 1506">
    <p class='ocr_par' dir='ltr' id='par_1_16' title="bbox 476 1435 1233 1506">
     <span class='ocr_line' id='line_1_16' title="bbox 476 1435 1233 1506; baseline -0.004 -15"><span class='ocrx_word' id='word_1_83' title='bbox 476 1444 704 1506; x_wconf 87' lang='lat' dir='ltr'><strong>pascunt</strong></span> <span class='ocrx_word' id='word_1_84' title='bbox 733 1435 986 1505; x_wconf 88' lang='lat' dir='ltr'><strong>populum</strong></span> <span class='ocrx_word' id='word_1_85' title='bbox 1014 1449 1193 1489; x_wconf 90' lang='lat' dir='ltr'><strong>meum</strong></span> <span class='ocrx_word' id='word_1_86' title='bbox 1220 1451 1233 1487; x_wconf 93' lang='lat'>:</span> 
     </span>
    </p>
   </div>
   <div class='ocr_carea' id='block_1_17' title="bbox 332 1506 1268 1577">
    <p class='ocr_par' dir='ltr' id='par_1_17' title="bbox 332 1506 1268 1577">
     <span class='ocr_line' id='line_1_17' title="bbox 332 1506 1268 1577; baseline -0.003 -15"><span class='ocrx_word' id='word_1_87' title='bbox 332 1507 441 1563; x_wconf 85' lang='lat' dir='ltr'><strong>Vos</strong></span> <span class='ocrx_word' id='word_1_88' title='bbox 467 1506 803 1577; x_wconf 66' lang='lat' dir='ltr'><strong>disiiersistis</strong></span> <span class='ocrx_word' id='word_1_89' title='bbox 826 1521 1045 1577; x_wconf 81' lang='lat' dir='ltr'><strong>gregem</strong></span> <span class='ocrx_word' id='word_1_90' title='bbox 1068 1520 1268 1571; x_wconf 91' lang='lat' dir='ltr'><strong>meum,</strong></span> 
     </span>
    </p>
   </div>
   <div class='ocr_carea' id='block_1_18' title="bbox 399 1572 1916 1649">
    <p class='ocr_par' dir='ltr' id='par_1_18' title="bbox 399 1572 1916 1649">
     <span class='ocr_line' id='line_1_18' title="bbox 399 1572 1916 1649; baseline -0.003 -16"><span class='ocrx_word' id='word_1_91' title='bbox 399 1572 641 1649; x_wconf 69' lang='lat' dir='ltr'><strong>ejecistis</strong></span> <span class='ocrx_word' id='word_1_92' title='bbox 668 1593 786 1641; x_wconf 88' lang='lat' dir='ltr'><strong>eos,</strong></span> <span class='ocrx_word' id='word_1_93' title='bbox 814 1572 871 1631; x_wconf 72' lang='lat' dir='ltr'><strong>et</strong></span> <span class='ocrx_word' id='word_1_94' title='bbox 901 1572 1007 1632; x_wconf 63' lang='lat' dir='ltr'><strong>n&#39;on</strong></span> <span class='ocrx_word' id='word_1_95' title='bbox 1033 1576 1291 1632; x_wconf 87' lang='lat' dir='ltr'><strong>visitastis</strong></span> <span class='ocrx_word' id='word_1_96' title='bbox 1321 1591 1415 1632; x_wconf 92' lang='lat' dir='ltr'><strong>eos</strong></span> <span class='ocrx_word' id='word_1_97' title='bbox 1455 1576 1564 1649; x_wconf 19' lang='grc' dir='ltr'><strong>ινΑι.</strong></span> <span class='ocrx_word' id='word_1_98' title='bbox 1596 1586 1729 1649; x_wconf 84' lang='lat' dir='ltr'><strong>tacet</strong></span> <span class='ocrx_word' id='word_1_99' title='bbox 1759 1572 1873 1645; x_wconf 79' lang='lat' dir='ltr'><strong>eos]</strong></span> <span class='ocrx_word' id='word_1_100' title='bbox 1902 1591 1916 1629; x_wconf 91' lang='lat'><strong>:</strong></span> 
     </span>
    </p>
   </div>
   <div class='ocr_carea' id='block_1_19' title="bbox 330 1648 1918 1720">
    <p class='ocr_par' dir='ltr' id='par_1_19' title="bbox 330 1648 1918 1720">
     <span class='ocr_line' id='line_1_19' title="bbox 330 1648 1918 1720; baseline -0.004 -13"><span class='ocrx_word' id='word_1_101' title='bbox 330 1650 473 1707; x_wconf 79' lang='lat' dir='ltr'><strong>Ecce</strong></span> <span class='ocrx_word' id='word_1_102' title='bbox 517 1666 618 1720; x_wconf 90' lang='lat' dir='ltr'><strong>ego</strong></span> <span class='ocrx_word' id='word_1_103' title='bbox 660 1650 894 1704; x_wconf 79' lang='lat' dir='ltr'><strong>visitabo</strong></span> <span class='ocrx_word' id='word_1_104' title='bbox 937 1664 1103 1717; x_wconf 87' lang='lat' dir='ltr'><strong>super</strong></span> <span class='ocrx_word' id='word_1_105' title='bbox 1146 1663 1243 1704; x_wconf 86' lang='lat' dir='ltr'><strong>vos</strong></span> <span class='ocrx_word' id='word_1_106' title='bbox 1301 1649 1563 1703; x_wconf 89' lang='lat' dir='ltr'><strong>malitiam</strong></span> <span class='ocrx_word' id='word_1_107' title='bbox 1614 1648 1918 1703; x_wconf 85' lang='lat' dir='ltr'><strong>studiorum</strong></span> 
     </span>
    </p>
   </div>
   <div class='ocr_carea' id='block_1_20' title="bbox 474 1720 1211 1788">
    <p class='ocr_par' dir='ltr' id='par_1_20' title="bbox 474 1720 1211 1788">
     <span class='ocr_line' id='line_1_20' title="bbox 474 1720 1211 1788; baseline -0.005 -13"><span class='ocrx_word' id='word_1_108' title='bbox 474 1735 801 1788; x_wconf 82' lang='lat' dir='ltr'><strong>veSIrorum,</strong></span> <span class='ocrx_word' id='word_1_109' title='bbox 836 1721 911 1775; x_wconf 90' lang='lat' dir='ltr'><strong>ait</strong></span> <span class='ocrx_word' id='word_1_110' title='bbox 931 1720 1211 1774; x_wconf 89' lang='lat' dir='ltr'><strong>Dominus.</strong></span> 
     </span>
    </p>
   </div>
   <div class='ocr_carea' id='block_1_21' title="bbox 334 1788 1998 1886">
    <p class='ocr_par' dir='ltr' id='par_1_21' title="bbox 334 1788 1998 1886">
     <span class='ocr_line' id='line_1_21' title="bbox 334 1788 1998 1886; baseline -0.002 -38"><span class='ocrx_word' id='word_1_111' title='bbox 334 1793 401 1848; x_wconf 83' lang='lat' dir='ltr'><strong>Et</strong></span> <span class='ocrx_word' id='word_1_112' title='bbox 434 1808 535 1886; x_wconf 70' lang='lat' dir='ltr'><strong>ego</strong></span> <span class='ocrx_word' id='word_1_113' title='bbox 562 1793 903 1886; x_wconf 70' lang='lat' dir='ltr'><strong>congregatio</strong></span> <span class='ocrx_word' id='word_1_114' title='bbox 934 1791 1193 1876; x_wconf 74' lang='lat' dir='ltr'><strong>reliquias</strong></span> <span class='ocrx_word' id='word_1_115' title='bbox 1225 1791 1404 1886; x_wconf 81' lang='lat' dir='ltr'><strong>gregis</strong></span> <span class='ocrx_word' id='word_1_116' title='bbox 1435 1789 1541 1847; x_wconf 92' lang='lat' dir='ltr'><strong>mei</strong></span> <span class='ocrx_word' id='word_1_117' title='bbox 1572 1789 1638 1845; x_wconf 89' lang='lat' dir='ltr'><strong>de</strong></span> <span class='ocrx_word' id='word_1_118' title='bbox 1665 1788 1919 1845; x_wconf 91' lang='lat' dir='ltr'><strong>omnibus</strong></span> <span class='ocrx_word' id='word_1_119' title='bbox 1952 1826 1998 1886; x_wconf 75' lang='grc' dir='ltr'><strong>Β</strong></span> 
     </span>
    </p>
   </div>
   <div class='ocr_carea' id='block_1_22' title="bbox 477 1865 1474 1934">
    <p class='ocr_par' dir='ltr' id='par_1_22' title="bbox 477 1865 1474 1934">
     <span class='ocr_line' id='line_1_22' title="bbox 477 1865 1474 1934; baseline -0.001 -15"><span class='ocrx_word' id='word_1_120' title='bbox 477 1865 659 1929; x_wconf 89' lang='lat' dir='ltr'><strong>terris,</strong></span> <span class='ocrx_word' id='word_1_121' title='bbox 692 1866 755 1918; x_wconf 89' lang='lat' dir='ltr'><strong>ad</strong></span> <span class='ocrx_word' id='word_1_122' title='bbox 788 1878 923 1934; x_wconf 92' lang='lat' dir='ltr'><strong>quas</strong></span> <span class='ocrx_word' id='word_1_123' title='bbox 951 1865 1165 1931; x_wconf 84' lang='lat' dir='ltr'><strong>ejeeero</strong></span> <span class='ocrx_word' id='word_1_124' title='bbox 1190 1878 1284 1917; x_wconf 92' lang='lat' dir='ltr'><strong>eos</strong></span> <span class='ocrx_word' id='word_1_125' title='bbox 1315 1865 1474 1918; x_wconf 88' lang='lat' dir='ltr'><strong>illuc:</strong></span> 
     </span>
    </p>
   </div>
   <div class='ocr_carea' id='block_1_23' title="bbox 403 1935 1356 1991">
    <p class='ocr_par' dir='ltr' id='par_1_23' title="bbox 403 1935 1356 1991">
     <span class='ocr_line' id='line_1_23' title="bbox 403 1935 1356 1991; baseline -0.006 0"><span class='ocrx_word' id='word_1_126' title='bbox 403 1944 462 1991; x_wconf 88' lang='lat' dir='ltr'><strong>et</strong></span> <span class='ocrx_word' id='word_1_127' title='bbox 490 1943 803 1990; x_wconf 86' lang='lat' dir='ltr'><strong>convertam</strong></span> <span class='ocrx_word' id='word_1_128' title='bbox 836 1950 930 1989; x_wconf 89' lang='lat' dir='ltr'><strong>eos</strong></span> <span class='ocrx_word' id='word_1_129' title='bbox 962 1935 1026 1987; x_wconf 82' lang='lat' dir='ltr'><strong>atl</strong></span> <span class='ocrx_word' id='word_1_130' title='bbox 1062 1947 1183 1987; x_wconf 88' lang='lat' dir='ltr'><strong>rura</strong></span> <span class='ocrx_word' id='word_1_131' title='bbox 1218 1947 1316 1987; x_wconf 90' lang='lat' dir='ltr'><strong>sua</strong></span> <span class='ocrx_word' id='word_1_132' title='bbox 1345 1951 1356 1985; x_wconf 76' lang='grc' dir='ltr'>ε</span> 
     </span>
    </p>
   </div>
   <div class='ocr_carea' id='block_1_24' title="bbox 404 2004 1360 2072">
    <p class='ocr_par' dir='ltr' id='par_1_24' title="bbox 404 2004 1360 2072">
     <span class='ocr_line' id='line_1_24' title="bbox 404 2004 1360 2072; baseline -0.003 -10"><span class='ocrx_word' id='word_1_133' title='bbox 404 2016 462 2062; x_wconf 89' lang='lat' dir='ltr'><strong>et</strong></span> <span class='ocrx_word' id='word_1_134' title='bbox 485 2014 733 2062; x_wconf 82' lang='lat' dir='ltr'><strong>crescent</strong></span> <span class='ocrx_word' id='word_1_135' title='bbox 755 2016 808 2061; x_wconf 88' lang='lat' dir='ltr'><strong>et</strong></span> <span class='ocrx_word' id='word_1_136' title='bbox 838 2004 1360 2072; x_wconf 77' lang='lat' dir='ltr'><strong>multiplicabuntur.</strong></span> 
     </span>
    </p>
   </div>
   <div class='ocr_carea' id='block_1_25' title="bbox 334 2076 1813 2147">
    <p class='ocr_par' dir='ltr' id='par_1_25' title="bbox 334 2076 1813 2147">
     <span class='ocr_line' id='line_1_25' title="bbox 334 2076 1813 2147; baseline -0.003 -12"><span class='ocrx_word' id='word_1_137' title='bbox 334 2079 403 2135; x_wconf 85' lang='lat' dir='ltr'><strong>Et</strong></span> <span class='ocrx_word' id='word_1_138' title='bbox 435 2078 704 2132; x_wconf 86' lang='lat' dir='ltr'><strong>suscitabo</strong></span> <span class='ocrx_word' id='word_1_139' title='bbox 732 2076 893 2147; x_wconf 87' lang='lat' dir='ltr'><strong>super</strong></span> <span class='ocrx_word' id='word_1_140' title='bbox 924 2092 1017 2131; x_wconf 84' lang='lat' dir='ltr'><strong>eos</strong></span> <span class='ocrx_word' id='word_1_141' title='bbox 1049 2084 1313 2144; x_wconf 80' lang='lat' dir='ltr'><strong>pastores,</strong></span> <span class='ocrx_word' id='word_1_142' title='bbox 1338 2084 1391 2131; x_wconf 92' lang='lat' dir='ltr'><strong>et</strong></span> <span class='ocrx_word' id='word_1_143' title='bbox 1423 2084 1649 2146; x_wconf 85' lang='lat' dir='ltr'><strong>poscent</strong></span> <span class='ocrx_word' id='word_1_144' title='bbox 1684 2087 1813 2130; x_wconf 90' lang='lat' dir='ltr'><strong>eos:</strong></span> 
     </span>
    </p>
   </div>
   <div class='ocr_carea' id='block_1_26' title="bbox 406 2147 1653 2216">
    <p class='ocr_par' dir='ltr' id='par_1_26' title="bbox 406 2147 1653 2216">
     <span class='ocr_line' id='line_1_26' title="bbox 406 2147 1653 2216; baseline -0.004 -11"><span class='ocrx_word' id='word_1_145' title='bbox 406 2165 518 2205; x_wconf 90' lang='lat' dir='ltr'><strong>non</strong></span> <span class='ocrx_word' id='word_1_146' title='bbox 548 2147 915 2203; x_wconf 85' lang='lat' dir='ltr'><strong>formidabunt</strong></span> <span class='ocrx_word' id='word_1_147' title='bbox 944 2148 1105 2216; x_wconf 83' lang='lat' dir='ltr'><strong>ultra,</strong></span> <span class='ocrx_word' id='word_1_148' title='bbox 1136 2156 1191 2200; x_wconf 94' lang='lat' dir='ltr'><strong>et</strong></span> <span class='ocrx_word' id='word_1_149' title='bbox 1214 2161 1318 2201; x_wconf 90' lang='lat' dir='ltr'><strong>non</strong></span> <span class='ocrx_word' id='word_1_150' title='bbox 1348 2147 1653 2215; x_wconf 77' lang='lat' dir='ltr'><strong>pavebant:</strong></span> 
     </span>
    </p>
   </div>
   <div class='ocr_carea' id='block_1_27' title="bbox 405 2216 1816 2290">
    <p class='ocr_par' dir='ltr' id='par_1_27' title="bbox 405 2216 1816 2290">
     <span class='ocr_line' id='line_1_27' title="bbox 405 2216 1816 2290; baseline -0.003 -15"><span class='ocrx_word' id='word_1_151' title='bbox 405 2229 465 2275; x_wconf 88' lang='lat' dir='ltr'><strong>et</strong></span> <span class='ocrx_word' id='word_1_152' title='bbox 494 2221 669 2274; x_wconf 85' lang='lat' dir='ltr'><strong>nullus</strong></span> <span class='ocrx_word' id='word_1_153' title='bbox 697 2227 971 2290; x_wconf 65' lang='lat' dir='ltr'><strong>quaeretur</strong></span> <span class='ocrx_word' id='word_1_154' title='bbox 992 2233 1056 2273; x_wconf 89' lang='lat' dir='ltr'><strong>ex</strong></span> <span class='ocrx_word' id='word_1_155' title='bbox 1086 2233 1337 2290; x_wconf 88' lang='lat' dir='ltr'><strong>numero,</strong></span> <span class='ocrx_word' id='word_1_156' title='bbox 1366 2217 1497 2271; x_wconf 90' lang='lat' dir='ltr'><strong>dicit</strong></span> <span class='ocrx_word' id='word_1_157' title='bbox 1528 2216 1816 2290; x_wconf 71' lang='lat' dir='ltr'><strong>Dominus.</strong></span> 
     </span>
    </p>
   </div>
   <div class='ocr_carea' id='block_1_28' title="bbox 337 2286 1930 2357">
    <p class='ocr_par' dir='ltr' id='par_1_28' title="bbox 337 2286 1930 2357">
     <span class='ocr_line' id='line_1_28' title="bbox 337 2286 1930 2357; baseline -0.004 -8"><span class='ocrx_word' id='word_1_158' title='bbox 337 2293 483 2349; x_wconf 84' lang='lat' dir='ltr'><strong>Ecce</strong></span> <span class='ocrx_word' id='word_1_159' title='bbox 508 2293 625 2347; x_wconf 90' lang='lat' dir='ltr'><strong>dies</strong></span> <span class='ocrx_word' id='word_1_160' title='bbox 651 2286 895 2355; x_wconf 74' lang='lat' dir='ltr'><strong>veniunt,</strong></span> <span class='ocrx_word' id='word_1_161' title='bbox 919 2290 1050 2344; x_wconf 91' lang='lat' dir='ltr'><strong>dicit</strong></span> <span class='ocrx_word' id='word_1_162' title='bbox 1080 2288 1362 2357; x_wconf 87' lang='lat' dir='ltr'><strong>Dominus,</strong></span> <span class='ocrx_word' id='word_1_163' title='bbox 1388 2297 1445 2343; x_wconf 88' lang='lat' dir='ltr'><strong>et</strong></span> <span class='ocrx_word' id='word_1_164' title='bbox 1464 2289 1740 2345; x_wconf 88' lang='lat' dir='ltr'><strong>suscitabo</strong></span> <span class='ocrx_word' id='word_1_165' title='bbox 1759 2286 1930 2343; x_wconf 88' lang='lat' dir='ltr'><strong>David</strong></span> 
     </span>
    </p>
   </div>
   <div class='ocr_carea' id='block_1_29' title="bbox 484 2362 970 2434">
    <p class='ocr_par' dir='ltr' id='par_1_29' title="bbox 484 2362 970 2434">
     <span class='ocr_line' id='line_1_29' title="bbox 484 2362 970 2434; baseline -0.002 -17"><span class='ocrx_word' id='word_1_166' title='bbox 484 2377 701 2434; x_wconf 89' lang='lat' dir='ltr'><strong>germen</strong></span> <span class='ocrx_word' id='word_1_167' title='bbox 728 2362 929 2431; x_wconf 88' lang='lat' dir='ltr'><strong>justum</strong></span> <span class='ocrx_word' id='word_1_168' title='bbox 956 2376 970 2416; x_wconf 91' lang='lat'>:</span> 
     </span>
    </p>
   </div>
   <div class='ocr_carea' id='block_1_30' title="bbox 409 2430 1386 2502">
    <p class='ocr_par' dir='ltr' id='par_1_30' title="bbox 409 2430 1386 2502">
     <span class='ocr_line' id='line_1_30' title="bbox 409 2430 1386 2502; baseline -0.001 -13"><span class='ocrx_word' id='word_1_169' title='bbox 409 2442 467 2490; x_wconf 90' lang='lat' dir='ltr'><strong>et</strong></span> <span class='ocrx_word' id='word_1_170' title='bbox 488 2430 738 2502; x_wconf 70' lang='lat' dir='ltr'><strong>regnabit</strong></span> <span class='ocrx_word' id='word_1_171' title='bbox 772 2447 886 2497; x_wconf 85' lang='lat' dir='ltr'><strong>rex,</strong></span> <span class='ocrx_word' id='word_1_172' title='bbox 920 2441 974 2487; x_wconf 87' lang='lat' dir='ltr'><strong>et</strong></span> <span class='ocrx_word' id='word_1_173' title='bbox 1002 2431 1220 2502; x_wconf 82' lang='lat' dir='ltr'><strong>sapiens</strong></span> <span class='ocrx_word' id='word_1_174' title='bbox 1244 2430 1386 2495; x_wconf 88' lang='lat' dir='ltr'><strong>erit:</strong></span> 
     </span>
    </p>
   </div>
   <div class='ocr_carea' id='block_1_31' title="bbox 415 2502 1597 2574">
    <p class='ocr_par' dir='ltr' id='par_1_31' title="bbox 415 2502 1597 2574">
     <span class='ocr_line' id='line_1_31' title="bbox 415 2502 1597 2574; baseline -0.002 -13"><span class='ocrx_word' id='word_1_175' title='bbox 415 2516 472 2561; x_wconf 90' lang='lat' dir='ltr'><strong>et</strong></span> <span class='ocrx_word' id='word_1_176' title='bbox 501 2505 661 2560; x_wconf 92' lang='lat' dir='ltr'><strong>faciet</strong></span> <span class='ocrx_word' id='word_1_177' title='bbox 684 2504 947 2574; x_wconf 85' lang='lat' dir='ltr'><strong>judicium</strong></span> <span class='ocrx_word' id='word_1_178' title='bbox 980 2504 1319 2573; x_wconf 88' lang='lat' dir='ltr'><strong>etjustitiam</strong></span> <span class='ocrx_word' id='word_1_179' title='bbox 1349 2502 1402 2557; x_wconf 89' lang='lat' dir='ltr'><strong>in</strong></span> <span class='ocrx_word' id='word_1_180' title='bbox 1428 2511 1597 2559; x_wconf 86' lang='lat' dir='ltr'><strong>terra:</strong></span> 
     </span>
    </p>
   </div>
   <div class='ocr_carea' id='block_1_32' title="bbox 338 2574 1265 2641">
    <p class='ocr_par' dir='ltr' id='par_1_32' title="bbox 338 2574 1265 2641">
     <span class='ocr_line' id='line_1_32' title="bbox 338 2574 1265 2641; baseline -0.005 -9"><span class='ocrx_word' id='word_1_181' title='bbox 338 2579 395 2633; x_wconf 91' lang='lat' dir='ltr'><strong>In</strong></span> <span class='ocrx_word' id='word_1_182' title='bbox 427 2578 618 2631; x_wconf 89' lang='lat' dir='ltr'><strong>diebus</strong></span> <span class='ocrx_word' id='word_1_183' title='bbox 646 2576 748 2630; x_wconf 89' lang='lat' dir='ltr'><strong>illis</strong></span> <span class='ocrx_word' id='word_1_184' title='bbox 779 2574 1076 2630; x_wconf 88' lang='lat' dir='ltr'><strong>salvabitur</strong></span> <span class='ocrx_word' id='word_1_185' title='bbox 1103 2575 1265 2641; x_wconf 86' lang='lat' dir='ltr'><strong>Jttda,</strong></span> 
     </span>
    </p>
   </div>
   <div class='ocr_carea' id='block_1_33' title="bbox 413 2646 1350 2703">
    <p class='ocr_par' dir='ltr' id='par_1_33' title="bbox 413 2646 1350 2703">
     <span class='ocr_line' id='line_1_33' title="bbox 413 2646 1350 2703; baseline 0 0"><span class='ocrx_word' id='word_1_186' title='bbox 413 2658 471 2703; x_wconf 88' lang='lat' dir='ltr'><strong>et</strong></span> <span class='ocrx_word' id='word_1_187' title='bbox 496 2647 660 2703; x_wconf 85' lang='lat' dir='ltr'><strong>Israel</strong></span> <span class='ocrx_word' id='word_1_188' title='bbox 685 2646 951 2702; x_wconf 89' lang='lat' dir='ltr'><strong>habitabit</strong></span> <span class='ocrx_word' id='word_1_189' title='bbox 977 2646 1350 2703; x_wconf 81' lang='lat' dir='ltr'><strong>confidenter:</strong></span> 
     </span>
    </p>
   </div>
   <div class='ocr_carea' id='block_1_34' title="bbox 340 2717 1542 2787">
    <p class='ocr_par' dir='ltr' id='par_1_34' title="bbox 340 2717 1542 2787">
     <span class='ocr_line' id='line_1_34' title="bbox 340 2717 1542 2787; baseline -0.004 -11"><span class='ocrx_word' id='word_1_190' title='bbox 340 2720 407 2776; x_wconf 84' lang='lat' dir='ltr'><strong>Et</strong></span> <span class='ocrx_word' id='word_1_191' title='bbox 435 2720 536 2775; x_wconf 91' lang='lat' dir='ltr'><strong>hoc</strong></span> <span class='ocrx_word' id='word_1_192' title='bbox 566 2730 649 2773; x_wconf 88' lang='lat' dir='ltr'><strong>est</strong></span> <span class='ocrx_word' id='word_1_193' title='bbox 675 2732 897 2783; x_wconf 90' lang='lat' dir='ltr'><strong>nomen,</strong></span> <span class='ocrx_word' id='word_1_194' title='bbox 927 2717 1071 2787; x_wconf 90' lang='lat' dir='ltr'><strong>quod</strong></span> <span class='ocrx_word' id='word_1_195' title='bbox 1099 2717 1370 2773; x_wconf 89' lang='lat' dir='ltr'><strong>vocabunt</strong></span> <span class='ocrx_word' id='word_1_196' title='bbox 1392 2731 1542 2783; x_wconf 90' lang='lat' dir='ltr'><strong>eum,</strong></span> 
     </span>
    </p>
   </div>
   <div class='ocr_carea' id='block_1_35' title="bbox 418 2790 1112 2860">
    <p class='ocr_par' dir='ltr' id='par_1_35' title="bbox 418 2790 1112 2860">
     <span class='ocr_line' id='line_1_35' title="bbox 418 2790 1112 2860; baseline -0.004 -15"><span class='ocrx_word' id='word_1_197' title='bbox 418 2792 680 2845; x_wconf 83' lang='lat' dir='ltr'><strong>Dominus</strong></span> <span class='ocrx_word' id='word_1_198' title='bbox 699 2790 879 2860; x_wconf 88' lang='lat' dir='ltr'><strong>justus</strong></span> <span class='ocrx_word' id='word_1_199' title='bbox 902 2798 1112 2844; x_wconf 90' lang='lat' dir='ltr'><strong>noster.</strong></span> 
     </span>
    </p>
   </div>
   <div class='ocr_carea' id='block_1_36' title="bbox 338 2857 1759 2933">
    <p class='ocr_par' dir='ltr' id='par_1_36' title="bbox 338 2857 1759 2933">
     <span class='ocr_line' id='line_1_36' title="bbox 338 2857 1759 2933; baseline -0.004 -15"><span class='ocrx_word' id='word_1_200' title='bbox 338 2863 576 2933; x_wconf 80' lang='lat' dir='ltr'><strong>Propter</strong></span> <span class='ocrx_word' id='word_1_201' title='bbox 602 2857 863 2916; x_wconf 62' lang='lat' dir='ltr'><strong>hoc&#39;ecee</strong></span> <span class='ocrx_word' id='word_1_202' title='bbox 889 2860 1010 2933; x_wconf 87' lang='lat' dir='ltr'><strong>dies</strong></span> <span class='ocrx_word' id='word_1_203' title='bbox 1039 2860 1283 2929; x_wconf 79' lang='lat' dir='ltr'><strong>veniunt,</strong></span> <span class='ocrx_word' id='word_1_204' title='bbox 1317 2858 1451 2915; x_wconf 83' lang='lat' dir='ltr'><strong>dicit</strong></span> <span class='ocrx_word' id='word_1_205' title='bbox 1478 2857 1759 2926; x_wconf 88' lang='lat' dir='ltr'><strong>Dominus,</strong></span> 
     </span>
    </p>
   </div>
   <div class='ocr_carea' id='block_1_37' title="bbox 415 2931 1030 2993">
    <p class='ocr_par' dir='ltr' id='par_1_37' title="bbox 415 2931 1030 2993">
     <span class='ocr_line' id='line_1_37' title="bbox 415 2931 1030 2993; baseline -0.007 -4"><span class='ocrx_word' id='word_1_206' title='bbox 415 2931 474 2989; x_wconf 87' lang='lat' dir='ltr'><strong>et</strong></span> <span class='ocrx_word' id='word_1_207' title='bbox 504 2948 608 2989; x_wconf 91' lang='lat' dir='ltr'><strong>non</strong></span> <span class='ocrx_word' id='word_1_208' title='bbox 639 2933 823 2987; x_wconf 81' lang='lat' dir='ltr'><strong>dicent</strong></span> <span class='ocrx_word' id='word_1_209' title='bbox 851 2931 990 2987; x_wconf 86' lang='lat' dir='ltr'><strong>ultra</strong></span> <span class='ocrx_word' id='word_1_210' title='bbox 1016 2948 1030 2993; x_wconf 85' lang='lat'><strong>;</strong></span> 
     </span>
    </p>
   </div>
   <div class='ocr_carea' id='block_1_38' title="bbox 342 3001 1943 3074">
    <p class='ocr_par' dir='ltr' id='par_1_38' title="bbox 342 3001 1943 3074">
     <span class='ocr_line' id='line_1_38' title="bbox 342 3001 1943 3074; baseline 0 -15"><span class='ocrx_word' id='word_1_211' title='bbox 342 3004 493 3060; x_wconf 80' lang='lat' dir='ltr'><strong>Vivit</strong></span> <span class='ocrx_word' id='word_1_212' title='bbox 548 3005 836 3070; x_wconf 77' lang='lat' dir='ltr'><strong>Dominus,</strong></span> <span class='ocrx_word' id='word_1_213' title='bbox 881 3003 972 3074; x_wconf 90' lang='lat' dir='ltr'><strong>qui</strong></span> <span class='ocrx_word' id='word_1_214' title='bbox 1020 3002 1213 3059; x_wconf 87' lang='lat' dir='ltr'><strong>eduxit</strong></span> <span class='ocrx_word' id='word_1_215' title='bbox 1265 3002 1406 3058; x_wconf 83' lang='lat' dir='ltr'><strong>filios</strong></span> <span class='ocrx_word' id='word_1_216' title='bbox 1458 3001 1628 3058; x_wconf 89' lang='lat' dir='ltr'><strong>Israel</strong></span> <span class='ocrx_word' id='word_1_217' title='bbox 1672 3001 1741 3058; x_wconf 90' lang='lat' dir='ltr'><strong>de</strong></span> <span class='ocrx_word' id='word_1_218' title='bbox 1798 3010 1943 3060; x_wconf 86' lang='lat' dir='ltr'><strong>terra</strong></span> 
     </span>
    </p>
   </div>
   <div class='ocr_carea' id='block_1_39' title="bbox 493 3075 751 3147">
    <p class='ocr_par' dir='ltr' id='par_1_39' title="bbox 493 3075 751 3147">
     <span class='ocr_line' id='line_1_39' title="bbox 493 3075 751 3147; baseline 0.004 -1"><span class='ocrx_word' id='word_1_219' title='bbox 493 3075 751 3147; x_wconf 65' lang='lat' dir='ltr'><strong>Egyplis</strong></span> 
     </span>
    </p>
   </div>
   <div class='ocr_carea' id='block_1_40' title="bbox 338 3143 1942 3216">
    <p class='ocr_par' dir='ltr' id='par_1_40' title="bbox 338 3143 1942 3216">
     <span class='ocr_line' id='line_1_40' title="bbox 338 3143 1942 3216; baseline -0.002 -14"><span class='ocrx_word' id='word_1_220' title='bbox 338 3145 500 3215; x_wconf 81' lang='lat' dir='ltr'><strong>Sed:</strong></span> <span class='ocrx_word' id='word_1_221' title='bbox 547 3143 694 3201; x_wconf 73' lang='lat' dir='ltr'><strong>Vivit</strong></span> <span class='ocrx_word' id='word_1_222' title='bbox 726 3145 1020 3211; x_wconf 86' lang='lat' dir='ltr'><strong>Dominus,</strong></span> <span class='ocrx_word' id='word_1_223' title='bbox 1057 3144 1147 3216; x_wconf 90' lang='lat' dir='ltr'><strong>qui</strong></span> <span class='ocrx_word' id='word_1_224' title='bbox 1174 3143 1361 3200; x_wconf 80' lang='lat' dir='ltr'><strong>eduxit</strong></span> <span class='ocrx_word' id='word_1_225' title='bbox 1399 3152 1455 3200; x_wconf 92' lang='lat' dir='ltr'><strong>et</strong></span> <span class='ocrx_word' id='word_1_226' title='bbox 1493 3144 1719 3200; x_wconf 85' lang='lat' dir='ltr'><strong>adduxit</strong></span> <span class='ocrx_word' id='word_1_227' title='bbox 1757 3159 1942 3203; x_wconf 88' lang='lat' dir='ltr'><strong>semen</strong></span> 
     </span>
    </p>
   </div>
   <div class='ocr_carea' id='block_1_41' title="bbox 494 3217 1463 3282">
    <p class='ocr_par' dir='ltr' id='par_1_41' title="bbox 494 3217 1463 3282">
     <span class='ocr_line' id='line_1_41' title="bbox 494 3217 1463 3282; baseline -0.004 -9"><span class='ocrx_word' id='word_1_228' title='bbox 494 3218 686 3274; x_wconf 88' lang='lat' dir='ltr'><strong>domus</strong></span> <span class='ocrx_word' id='word_1_229' title='bbox 714 3218 877 3272; x_wconf 90' lang='lat' dir='ltr'><strong>Israel</strong></span> <span class='ocrx_word' id='word_1_230' title='bbox 905 3217 973 3271; x_wconf 90' lang='lat' dir='ltr'><strong>de</strong></span> <span class='ocrx_word' id='word_1_231' title='bbox 1000 3226 1142 3271; x_wconf 92' lang='lat' dir='ltr'><strong>terra</strong></span> <span class='ocrx_word' id='word_1_232' title='bbox 1172 3217 1463 3282; x_wconf 76' lang='lat' dir='ltr'><strong>aquilonis,</strong></span> 
     </span>
    </p>
   </div>
   <div class='ocr_carea' id='block_1_42' title="bbox 420 3287 1871 3360">
    <p class='ocr_par' dir='ltr' id='par_1_42' title="bbox 420 3287 1871 3360">
     <span class='ocr_line' id='line_1_42' title="bbox 420 3287 1871 3360; baseline -0.001 -15"><span class='ocrx_word' id='word_1_233' title='bbox 420 3299 478 3346; x_wconf 91' lang='lat' dir='ltr'><strong>et</strong></span> <span class='ocrx_word' id='word_1_234' title='bbox 505 3290 575 3346; x_wconf 90' lang='lat' dir='ltr'><strong>de</strong></span> <span class='ocrx_word' id='word_1_235' title='bbox 601 3292 812 3346; x_wconf 90' lang='lat' dir='ltr'><strong>cunctis</strong></span> <span class='ocrx_word' id='word_1_236' title='bbox 842 3289 1025 3357; x_wconf 89' lang='lat' dir='ltr'><strong>terris,</strong></span> <span class='ocrx_word' id='word_1_237' title='bbox 1052 3287 1115 3344; x_wconf 91' lang='lat' dir='ltr'><strong>ad</strong></span> <span class='ocrx_word' id='word_1_238' title='bbox 1139 3301 1277 3360; x_wconf 90' lang='lat' dir='ltr'><strong>quas</strong></span> <span class='ocrx_word' id='word_1_239' title='bbox 1301 3288 1569 3358; x_wconf 86' lang='lat' dir='ltr'><strong>ejeceram</strong></span> <span class='ocrx_word' id='word_1_240' title='bbox 1598 3302 1693 3345; x_wconf 89' lang='lat' dir='ltr'><strong>eos</strong></span> <span class='ocrx_word' id='word_1_241' title='bbox 1726 3288 1871 3345; x_wconf 88' lang='lat' dir='ltr'><strong>illuc.</strong></span> 
     </span>
    </p>
   </div>
   <div class='ocr_carea' id='block_1_43' title="bbox 865 3403 1427 3460">
    <p class='ocr_par' dir='ltr' id='par_1_43' title="bbox 865 3403 1427 3460">
     <span class='ocr_line' id='line_1_43' title="bbox 865 3403 1427 3460; baseline 0.002 -1"><span class='ocrx_word' id='word_1_242' title='bbox 865 3404 958 3459; x_wconf 86' lang='lat' dir='ltr'><strong>AD</strong></span> <span class='ocrx_word' id='word_1_243' title='bbox 997 3403 1427 3460; x_wconf 80' lang='lat' dir='ltr'><strong>PROPHETAS.</strong></span> 
     </span>
    </p>
   </div>
   <div class='ocr_carea' id='block_1_44' title="bbox 348 3496 1563 3566">
    <p class='ocr_par' dir='ltr' id='par_1_44' title="bbox 348 3496 1563 3566">
     <span class='ocr_line' id='line_1_44' title="bbox 348 3496 1563 3566; baseline -0.004 -8"><span class='ocrx_word' id='word_1_244' title='bbox 348 3500 665 3559; x_wconf 85' lang='lat' dir='ltr'><strong>Contritum</strong></span> <span class='ocrx_word' id='word_1_245' title='bbox 696 3508 780 3554; x_wconf 90' lang='lat' dir='ltr'><strong>est</strong></span> <span class='ocrx_word' id='word_1_246' title='bbox 808 3512 906 3553; x_wconf 91' lang='lat' dir='ltr'><strong>cor</strong></span> <span class='ocrx_word' id='word_1_247' title='bbox 935 3512 1114 3552; x_wconf 87' lang='lat' dir='ltr'><strong>meum</strong></span> <span class='ocrx_word' id='word_1_248' title='bbox 1142 3496 1195 3551; x_wconf 90' lang='lat' dir='ltr'><strong>in</strong></span> <span class='ocrx_word' id='word_1_249' title='bbox 1228 3496 1411 3553; x_wconf 75' lang='lat' dir='ltr'><strong>medio</strong></span> <span class='ocrx_word' id='word_1_250' title='bbox 1436 3498 1563 3566; x_wconf 88' lang='lat' dir='ltr'><strong>mei,</strong></span> 
     </span>
    </p>
   </div>
   <div class='ocr_carea' id='block_1_45' title="bbox 430 3568 1419 3630">
    <p class='ocr_par' dir='ltr' id='par_1_45' title="bbox 430 3568 1419 3630">
     <span class='ocr_line' id='line_1_45' title="bbox 430 3568 1419 3630; baseline -0.007 0"><span class='ocrx_word' id='word_1_251' title='bbox 430 3579 878 3630; x_wconf 88' lang='lat' dir='ltr'><strong>contremuerunt</strong></span> <span class='ocrx_word' id='word_1_252' title='bbox 898 3568 1079 3624; x_wconf 87' lang='lat' dir='ltr'><strong>omnia</strong></span> <span class='ocrx_word' id='word_1_253' title='bbox 1107 3582 1231 3623; x_wconf 89' lang='lat' dir='ltr'><strong>ossa</strong></span> <span class='ocrx_word' id='word_1_254' title='bbox 1262 3582 1380 3625; x_wconf 91' lang='lat' dir='ltr'><strong>mea</strong></span> <span class='ocrx_word' id='word_1_255' title='bbox 1405 3585 1419 3623; x_wconf 89' lang='lat'><strong>:</strong></span> 
     </span>
    </p>
   </div>
   <div class='ocr_carea' id='block_1_46' title="bbox 354 3639 1233 3713">
    <p class='ocr_par' dir='ltr' id='par_1_46' title="bbox 354 3639 1233 3713">
     <span class='ocr_line' id='line_1_46' title="bbox 354 3639 1233 3713; baseline -0.008 -11"><span class='ocrx_word' id='word_1_256' title='bbox 354 3645 561 3702; x_wconf 84' lang='lat' dir='ltr'><strong>Factus</strong></span> <span class='ocrx_word' id='word_1_257' title='bbox 587 3658 707 3697; x_wconf 88' lang='lat' dir='ltr'><strong>sum</strong></span> <span class='ocrx_word' id='word_1_258' title='bbox 736 3641 895 3713; x_wconf 89' lang='lat' dir='ltr'><strong>quasi</strong></span> <span class='ocrx_word' id='word_1_259' title='bbox 917 3639 1233 3713; x_wconf 69' lang='lat' dir='ltr'><strong>virebrius,</strong></span> 
     </span>
    </p>
   </div>
   <div class='ocr_carea' id='block_1_47' title="bbox 433 3709 1339 3785">
    <p class='ocr_par' dir='ltr' id='par_1_47' title="bbox 433 3709 1339 3785">
     <span class='ocr_line' id='line_1_47' title="bbox 433 3709 1339 3785; baseline -0.007 -14"><span class='ocrx_word' id='word_1_260' title='bbox 433 3726 487 3771; x_wconf 91' lang='lat' dir='ltr'><strong>et</strong></span> <span class='ocrx_word' id='word_1_261' title='bbox 518 3714 674 3785; x_wconf 88' lang='lat' dir='ltr'><strong>quasi</strong></span> <span class='ocrx_word' id='word_1_262' title='bbox 696 3709 869 3785; x_wconf 75' lang='lat' dir='ltr'><strong>homo</strong></span> <span class='ocrx_word' id='word_1_263' title='bbox 896 3709 1158 3785; x_wconf 76' lang='lat' dir='ltr'><strong>madidus</strong></span> <span class='ocrx_word' id='word_1_264' title='bbox 1182 3712 1339 3785; x_wconf 83' lang='lat' dir='ltr'><strong>vino,</strong></span> 
     </span>
    </p>
   </div>
   <div class='ocr_carea' id='block_1_48' title="bbox 1455 317 2475 379">
    <p class='ocr_par' dir='ltr' id='par_1_48' title="bbox 1455 317 2475 379">
     <span class='ocr_line' id='line_1_48' title="bbox 1455 317 2475 379; baseline 0.001 -4"><span class='ocrx_word' id='word_1_265' title='bbox 1455 318 1664 377; x_wconf 80' lang='lat' dir='ltr'><strong>LIBER</strong></span> <span class='ocrx_word' id='word_1_266' title='bbox 1699 317 2017 379; x_wconf 71' lang='grc' dir='ltr'><strong>,ΙΕΒΕΜΙᾹΞ</strong></span> <span class='ocrx_word' id='word_1_267' title='bbox 2056 318 2475 378; x_wconf 69' lang='grc' dir='ltr'><strong>ΡΒΟΡΙΙΕΤᾸζ..</strong></span> 
     </span>
    </p>
   </div>
   <div class='ocr_carea' id='block_1_49' title="bbox 1974 3206 2021 3270">
    <p class='ocr_par' dir='ltr' id='par_1_49' title="bbox 1974 3206 2021 3270">
     <span class='ocr_line' id='line_1_49' title="bbox 1974 3206 2021 3270; baseline 0 0"><span class='ocrx_word' id='word_1_268' title='bbox 1974 3206 2021 3270; x_wconf 94' lang='lat' dir='ltr'>C</span> 
     </span>
    </p>
   </div>
   <div class='ocr_carea' id='block_1_50' title="bbox 3505 320 3612 379">
    <p class='ocr_par' dir='ltr' id='par_1_50' title="bbox 3505 320 3612 379">
     <span class='ocr_line' id='line_1_50' title="bbox 3505 320 3612 379; baseline 0.009 -2"><span class='ocrx_word' id='word_1_269' title='bbox 3505 320 3612 379; x_wconf 75' lang='lat'><strong>882</strong></span> 
     </span>
    </p>
   </div>
   <div class='ocr_carea' id='block_1_51' title="bbox 1938 432 2969 505">
    <p class='ocr_par' dir='ltr' id='par_1_51' title="bbox 1938 432 2969 505">
     <span class='ocr_line' id='line_1_51' title="bbox 1938 432 2969 505; baseline 0.005 -18"><span class='ocrx_word' id='word_1_270' title='bbox 1938 432 1993 495; x_wconf 81' lang='grc' dir='ltr'>Α</span> <span class='ocrx_word' id='word_1_271' title='bbox 2016 432 2159 489; x_wconf 88' lang='lat' dir='ltr'><strong>Ecce</strong></span> <span class='ocrx_word' id='word_1_272' title='bbox 2188 449 2291 505; x_wconf 82' lang='lat' dir='ltr'><strong>ego</strong></span> <span class='ocrx_word' id='word_1_273' title='bbox 2316 435 2509 491; x_wconf 91' lang='lat' dir='ltr'><strong>cibabo</strong></span> <span class='ocrx_word' id='word_1_274' title='bbox 2537 451 2632 491; x_wconf 90' lang='lat' dir='ltr'><strong>eos</strong></span> <span class='ocrx_word' id='word_1_275' title='bbox 2661 435 2969 503; x_wconf 85' lang='lat' dir='ltr'><strong>absinthio,</strong></span> 
     </span>
    </p>
   </div>
   <div class='ocr_carea' id='block_1_52' title="bbox 2087 507 2690 575">
    <p class='ocr_par' dir='ltr' id='par_1_52' title="bbox 2087 507 2690 575">
     <span class='ocr_line' id='line_1_52' title="bbox 2087 507 2690 575; baseline 0.003 -15"><span class='ocrx_word' id='word_1_276' title='bbox 2087 516 2140 560; x_wconf 90' lang='lat' dir='ltr'><strong>ct</strong></span> <span class='ocrx_word' id='word_1_277' title='bbox 2172 507 2370 575; x_wconf 90' lang='lat' dir='ltr'><strong>potabo</strong></span> <span class='ocrx_word' id='word_1_278' title='bbox 2397 522 2491 563; x_wconf 92' lang='lat' dir='ltr'><strong>eos</strong></span> <span class='ocrx_word' id='word_1_279' title='bbox 2524 507 2649 563; x_wconf 82' lang='lat' dir='ltr'><strong>felle</strong></span> <span class='ocrx_word' id='word_1_280' title='bbox 2677 525 2690 562; x_wconf 91' lang='lat'>:</span> 
     </span>
    </p>
   </div>
   <div class='ocr_carea' id='block_1_53' title="bbox 2017 577 2881 647">
    <p class='ocr_par' dir='ltr' id='par_1_53' title="bbox 2017 577 2881 647">
     <span class='ocr_line' id='line_1_53' title="bbox 2017 577 2881 647; baseline 0.005 -16"><span class='ocrx_word' id='word_1_281' title='bbox 2017 577 2058 631; x_wconf 82' lang='grc' dir='ltr'><strong>Α</strong></span> <span class='ocrx_word' id='word_1_282' title='bbox 2083 578 2363 647; x_wconf 84' lang='lat' dir='ltr'><strong>prophetis</strong></span> <span class='ocrx_word' id='word_1_283' title='bbox 2393 580 2536 634; x_wconf 91' lang='lat' dir='ltr'><strong>enim</strong></span> <span class='ocrx_word' id='word_1_284' title='bbox 2559 579 2881 647; x_wconf 83' lang='lat' dir='ltr'><strong>Jerusalem,</strong></span> 
     </span>
    </p>
   </div>
   <div class='ocr_carea' id='block_1_54' title="bbox 2088 650 3369 721">
    <p class='ocr_par' dir='ltr' id='par_1_54' title="bbox 2088 650 3369 721">
     <span class='ocr_line' id='line_1_54' title="bbox 2088 650 3369 721; baseline 0.002 -20"><span class='ocrx_word' id='word_1_285' title='bbox 2088 663 2307 721; x_wconf 81' lang='lat' dir='ltr'><strong>egressa</strong></span> <span class='ocrx_word' id='word_1_286' title='bbox 2338 659 2424 705; x_wconf 88' lang='lat' dir='ltr'><strong>est</strong></span> <span class='ocrx_word' id='word_1_287' title='bbox 2455 650 2683 719; x_wconf 90' lang='lat' dir='ltr'><strong>pollutio</strong></span> <span class='ocrx_word' id='word_1_288' title='bbox 2710 666 2875 721; x_wconf 83' lang='lat' dir='ltr'><strong>super</strong></span> <span class='ocrx_word' id='word_1_289' title='bbox 2902 664 3119 708; x_wconf 91' lang='lat' dir='ltr'><strong>omnem</strong></span> <span class='ocrx_word' id='word_1_290' title='bbox 3150 658 3369 707; x_wconf 85' lang='lat' dir='ltr'><strong>terram.</strong></span> 
     </span>
    </p>
   </div>
   <div class='ocr_carea' id='block_1_55' title="bbox 2018 718 3001 779">
    <p class='ocr_par' dir='ltr' id='par_1_55' title="bbox 2018 718 3001 779">
     <span class='ocr_line' id='line_1_55' title="bbox 2018 718 3001 779; baseline 0.005 -8"><span class='ocrx_word' id='word_1_291' title='bbox 2018 718 2146 773; x_wconf 74' lang='lat' dir='ltr'><strong>Haec</strong></span> <span class='ocrx_word' id='word_1_292' title='bbox 2173 719 2303 775; x_wconf 90' lang='lat' dir='ltr'><strong>dicit</strong></span> <span class='ocrx_word' id='word_1_293' title='bbox 2337 722 2594 778; x_wconf 90' lang='lat' dir='ltr'><strong>Dominus</strong></span> <span class='ocrx_word' id='word_1_294' title='bbox 2624 718 2961 779; x_wconf 80' lang='lat' dir='ltr'><strong>exercituum</strong></span> <span class='ocrx_word' id='word_1_295' title='bbox 2987 739 3001 776; x_wconf 91' lang='lat'>:</span> 
     </span>
    </p>
   </div>
   <div class='ocr_carea' id='block_1_56' title="bbox 2017 788 3045 864">
    <p class='ocr_par' dir='ltr' id='par_1_56' title="bbox 2017 788 3045 864">
     <span class='ocr_line' id='line_1_56' title="bbox 2017 788 3045 864; baseline 0.005 -19"><span class='ocrx_word' id='word_1_296' title='bbox 2017 788 2199 864; x_wconf 86' lang='lat' dir='ltr'><strong>Nolite</strong></span> <span class='ocrx_word' id='word_1_297' title='bbox 2223 791 2412 864; x_wconf 89' lang='lat' dir='ltr'><strong>audire</strong></span> <span class='ocrx_word' id='word_1_298' title='bbox 2443 794 2604 848; x_wconf 89' lang='lat' dir='ltr'><strong>verba</strong></span> <span class='ocrx_word' id='word_1_299' title='bbox 2635 794 3045 864; x_wconf 85' lang='lat' dir='ltr'><strong>prophetarum,</strong></span> 
     </span>
    </p>
   </div>
   <div class='ocr_carea' id='block_1_57' title="bbox 2091 863 3300 937">
    <p class='ocr_par' dir='ltr' id='par_1_57' title="bbox 2091 863 3300 937">
     <span class='ocr_line' id='line_1_57' title="bbox 2091 863 3300 937; baseline 0.005 -23"><span class='ocrx_word' id='word_1_300' title='bbox 2091 863 2180 937; x_wconf 81' lang='lat' dir='ltr'><strong>qui</strong></span> <span class='ocrx_word' id='word_1_301' title='bbox 2213 863 2538 937; x_wconf 77' lang='lat' dir='ltr'><strong>prophetarit</strong></span> <span class='ocrx_word' id='word_1_302' title='bbox 2567 863 2749 937; x_wconf 79' lang='lat' dir='ltr'><strong>vobis,</strong></span> <span class='ocrx_word' id='word_1_303' title='bbox 2776 875 2831 921; x_wconf 94' lang='lat' dir='ltr'><strong>et</strong></span> <span class='ocrx_word' id='word_1_304' title='bbox 2862 865 3139 937; x_wconf 88' lang='lat' dir='ltr'><strong>decipiunt</strong></span> <span class='ocrx_word' id='word_1_305' title='bbox 3167 879 3300 921; x_wconf 87' lang='lat' dir='ltr'><strong>vos:</strong></span> 
     </span>
    </p>
   </div>
   <div class='ocr_carea' id='block_1_58' title="bbox 2021 931 2957 1008">
    <p class='ocr_par' dir='ltr' id='par_1_58' title="bbox 2021 931 2957 1008">
     <span class='ocr_line' id='line_1_58' title="bbox 2021 931 2957 1008; baseline 0.005 -21"><span class='ocrx_word' id='word_1_306' title='bbox 2021 931 2294 1008; x_wconf 76' lang='lat' dir='ltr'><strong>Visionein</strong></span> <span class='ocrx_word' id='word_1_307' title='bbox 2317 931 2501 1008; x_wconf 79' lang='lat' dir='ltr'><strong>cordis</strong></span> <span class='ocrx_word' id='word_1_308' title='bbox 2522 936 2604 989; x_wconf 84' lang='lat' dir='ltr'><strong>sui</strong></span> <span class='ocrx_word' id='word_1_309' title='bbox 2637 936 2957 1008; x_wconf 89' lang='lat' dir='ltr'><strong>loquuntur,</strong></span> 
     </span>
    </p>
   </div>
   <div class='ocr_carea' id='block_1_59' title="bbox 2094 1006 2689 1062">
    <p class='ocr_par' dir='ltr' id='par_1_59' title="bbox 2094 1006 2689 1062">
     <span class='ocr_line' id='line_1_59' title="bbox 2094 1006 2689 1062; baseline 0.007 -4"><span class='ocrx_word' id='word_1_310' title='bbox 2094 1020 2199 1059; x_wconf 90' lang='lat' dir='ltr'><strong>non</strong></span> <span class='ocrx_word' id='word_1_311' title='bbox 2229 1006 2296 1058; x_wconf 90' lang='lat' dir='ltr'><strong>de</strong></span> <span class='ocrx_word' id='word_1_312' title='bbox 2325 1022 2422 1061; x_wconf 88' lang='lat' dir='ltr'><strong>ore</strong></span> <span class='ocrx_word' id='word_1_313' title='bbox 2452 1007 2689 1062; x_wconf 91' lang='lat' dir='ltr'><strong>Domini.</strong></span> 
     </span>
    </p>
   </div>
   <div class='ocr_carea' id='block_1_60' title="bbox 2026 1075 3045 1148">
    <p class='ocr_par' dir='ltr' id='par_1_60' title="bbox 2026 1075 3045 1148">
     <span class='ocr_line' id='line_1_60' title="bbox 2026 1075 3045 1148; baseline 0.004 -17"><span class='ocrx_word' id='word_1_314' title='bbox 2026 1075 2221 1148; x_wconf 86' lang='lat' dir='ltr'><strong>Dicunt</strong></span> <span class='ocrx_word' id='word_1_315' title='bbox 2247 1078 2349 1141; x_wconf 85' lang='lat' dir='ltr'><strong>his,</strong></span> <span class='ocrx_word' id='word_1_316' title='bbox 2384 1078 2475 1147; x_wconf 90' lang='lat' dir='ltr'><strong>qui</strong></span> <span class='ocrx_word' id='word_1_317' title='bbox 2508 1077 2892 1148; x_wconf 81' lang='lat' dir='ltr'><strong>blaSpltemant</strong></span> <span class='ocrx_word' id='word_1_318' title='bbox 2920 1094 3008 1135; x_wconf 90' lang='lat' dir='ltr'><strong>me</strong></span> <span class='ocrx_word' id='word_1_319' title='bbox 3033 1099 3045 1134; x_wconf 91' lang='lat'>:</span> 
     </span>
    </p>
   </div>
   <div class='ocr_carea' id='block_1_61' title="bbox 2096 1147 3273 1206">
    <p class='ocr_par' dir='ltr' id='par_1_61' title="bbox 2096 1147 3273 1206">
     <span class='ocr_line' id='line_1_61' title="bbox 2096 1147 3273 1206; baseline 0.004 -5"><span class='ocrx_word' id='word_1_320' title='bbox 2096 1147 2333 1203; x_wconf 86' lang='lat' dir='ltr'><strong>Locutus</strong></span> <span class='ocrx_word' id='word_1_321' title='bbox 2362 1160 2445 1205; x_wconf 87' lang='lat' dir='ltr'><strong>est</strong></span> <span class='ocrx_word' id='word_1_322' title='bbox 2474 1147 2734 1204; x_wconf 87' lang='lat' dir='ltr'><strong>Dominus</strong></span> <span class='ocrx_word' id='word_1_323' title='bbox 2761 1169 2774 1205; x_wconf 92' lang='lat'><strong>:</strong></span> <span class='ocrx_word' id='word_1_324' title='bbox 2807 1150 2918 1205; x_wconf 88' lang='lat' dir='ltr'><strong>Pax</strong></span> <span class='ocrx_word' id='word_1_325' title='bbox 2948 1152 3051 1206; x_wconf 90' lang='lat' dir='ltr'><strong>erit</strong></span> <span class='ocrx_word' id='word_1_326' title='bbox 3082 1149 3234 1206; x_wconf 81' lang='lat' dir='ltr'><strong>vobis</strong></span> <span class='ocrx_word' id='word_1_327' title='bbox 3259 1167 3273 1206; x_wconf 88' lang='lat'>:</span> 
     </span>
    </p>
   </div>
   <div class='ocr_carea' id='block_1_62' title="bbox 2022 1216 3618 1292">
    <p class='ocr_par' dir='ltr' id='par_1_62' title="bbox 2022 1216 3618 1292">
     <span class='ocr_line' id='line_1_62' title="bbox 2022 1216 3618 1292; baseline 0.003 -19"><span class='ocrx_word' id='word_1_328' title='bbox 2022 1216 2093 1273; x_wconf 86' lang='lat' dir='ltr'><strong>Et</strong></span> <span class='ocrx_word' id='word_1_329' title='bbox 2120 1220 2297 1285; x_wconf 92' lang='lat' dir='ltr'><strong>omni,</strong></span> <span class='ocrx_word' id='word_1_330' title='bbox 2326 1222 2416 1292; x_wconf 91' lang='lat' dir='ltr'><strong>qui</strong></span> <span class='ocrx_word' id='word_1_331' title='bbox 2449 1222 2695 1277; x_wconf 90' lang='lat' dir='ltr'><strong>ambulat</strong></span> <span class='ocrx_word' id='word_1_332' title='bbox 2724 1222 2775 1275; x_wconf 93' lang='lat' dir='ltr'><strong>in</strong></span> <span class='ocrx_word' id='word_1_333' title='bbox 2810 1221 3075 1291; x_wconf 75' lang='lat' dir='ltr'><strong>pravitate</strong></span> <span class='ocrx_word' id='word_1_334' title='bbox 3104 1222 3284 1278; x_wconf 90' lang='lat' dir='ltr'><strong>cordis</strong></span> <span class='ocrx_word' id='word_1_335' title='bbox 3315 1221 3437 1290; x_wconf 89' lang='lat' dir='ltr'><strong>sui,</strong></span> <span class='ocrx_word' id='word_1_336' title='bbox 3462 1216 3618 1277; x_wconf 83' lang='lat' dir='ltr'><strong>dixe-</strong></span> 
     </span>
    </p>
   </div>
   <div class='ocr_carea' id='block_1_63' title="bbox 2166 1302 2328 1347">
    <p class='ocr_par' dir='ltr' id='par_1_63' title="bbox 2166 1302 2328 1347">
     <span class='ocr_line' id='line_1_63' title="bbox 2166 1302 2328 1347; baseline 0.012 -2"><span class='ocrx_word' id='word_1_337' title='bbox 2166 1302 2328 1347; x_wconf 90' lang='lat' dir='ltr'><strong>runt:</strong></span> 
     </span>
    </p>
   </div>
   <div class='ocr_carea' id='block_1_64' title="bbox 2094 1360 3339 1436">
    <p class='ocr_par' dir='ltr' id='par_1_64' title="bbox 2094 1360 3339 1436">
     <span class='ocr_line' id='line_1_64' title="bbox 2094 1360 3339 1436; baseline 0.002 -21"><span class='ocrx_word' id='word_1_338' title='bbox 2094 1360 2209 1436; x_wconf 69' lang='lat' dir='ltr'><strong>Non</strong></span> <span class='ocrx_word' id='word_1_339' title='bbox 2235 1363 2605 1436; x_wconf 14' lang='lat' dir='ltr'><strong>venietisuper</strong></span> <span class='ocrx_word' id='word_1_340' title='bbox 2633 1378 2732 1420; x_wconf 90' lang='lat' dir='ltr'><strong>vos</strong></span> <span class='ocrx_word' id='word_1_341' title='bbox 2754 1365 2957 1419; x_wconf 90' lang='lat' dir='ltr'><strong>malum</strong></span> <span class='ocrx_word' id='word_1_342' title='bbox 2990 1364 3098 1435; x_wconf 68' lang='lat' dir='ltr'><strong>[AL</strong></span> <span class='ocrx_word' id='word_1_343' title='bbox 3132 1361 3296 1436; x_wconf 81' lang='lat' dir='ltr'><strong>male]</strong></span> <span class='ocrx_word' id='word_1_344' title='bbox 3325 1380 3339 1417; x_wconf 91' lang='lat'><strong>:</strong></span> 
     </span>
    </p>
   </div>
   <div class='ocr_carea' id='block_1_65' title="bbox 2022 1432 3116 1560">
    <p class='ocr_par' dir='ltr' id='par_1_65' title="bbox 2022 1432 3116 1560">
     <span class='ocr_line' id='line_1_65' title="bbox 2022 1432 3116 1560; baseline 0.005 -76"><span class='ocrx_word' id='word_1_345' title='bbox 2022 1432 2158 1557; x_wconf 72' lang='lat' dir='ltr'><strong>Quis</strong></span> <span class='ocrx_word' id='word_1_346' title='bbox 2188 1437 2331 1560; x_wconf 46' lang='lat' dir='ltr'><strong>etaim</strong></span> <span class='ocrx_word' id='word_1_347' title='bbox 2356 1432 2521 1490; x_wconf 75' lang='lat' dir='ltr'><strong>affuit</strong></span> <span class='ocrx_word' id='word_1_348' title='bbox 2539 1436 2592 1489; x_wconf 92' lang='lat' dir='ltr'><strong>in</strong></span> <span class='ocrx_word' id='word_1_349' title='bbox 2617 1436 2848 1491; x_wconf 91' lang='lat' dir='ltr'><strong>consilio</strong></span> <span class='ocrx_word' id='word_1_350' title='bbox 2876 1432 3116 1502; x_wconf 88' lang='lat' dir='ltr'><strong>Domini,</strong></span> 
     </span>
     <span class='ocr_line' id='line_1_66' title="bbox 2094 1520 2280 1560; baseline 0 -1"><span class='ocrx_word' id='word_1_351' title='bbox 2094 1520 2123 1559; x_wconf 87' lang='lat' dir='ltr'><strong>e</strong></span> <span class='ocrx_word' id='word_1_352' title='bbox 2173 1523 2222 1560; x_wconf 77' lang='lat' dir='ltr'><strong>Vl</strong></span> <span class='ocrx_word' id='word_1_353' title='bbox 2270 1523 2280 1559; x_wconf 95' lang='lat' dir='ltr'><strong>I</strong></span> 
     </span>
    </p>
   </div>
   <div class='ocr_carea' id='block_1_66' title="bbox 2094 1506 2308 1560">
    <p class='ocr_par' dir='ltr' id='par_1_66' title="bbox 2094 1506 2308 1560">
     <span class='ocr_line' id='line_1_67' title="bbox 2094 1506 2308 1560; baseline 0.005 -1"><span class='ocrx_word' id='word_1_354' title='bbox 2094 1512 2150 1559; x_wconf 90' lang='lat' dir='ltr'><strong>et</strong></span> <span class='ocrx_word' id='word_1_355' title='bbox 2173 1506 2308 1560; x_wconf 86' lang='lat' dir='ltr'><strong>vidit</strong></span> 
     </span>
    </p>
   </div>
   <div class='ocr_carea' id='block_1_67' title="bbox 2094 1577 2914 1648">
    <p class='ocr_par' dir='ltr' id='par_1_67' title="bbox 2094 1577 2914 1648">
     <span class='ocr_line' id='line_1_68' title="bbox 2094 1577 2914 1648; baseline 0.002 -19"><span class='ocrx_word' id='word_1_356' title='bbox 2094 1585 2149 1629; x_wconf 91' lang='lat' dir='ltr'><strong>et</strong></span> <span class='ocrx_word' id='word_1_357' title='bbox 2178 1577 2385 1632; x_wconf 87' lang='lat' dir='ltr'><strong>audivit</strong></span> <span class='ocrx_word' id='word_1_358' title='bbox 2414 1591 2724 1634; x_wconf 88' lang='lat' dir='ltr'><strong>sermonem</strong></span> <span class='ocrx_word' id='word_1_359' title='bbox 2757 1577 2914 1648; x_wconf 83' lang='lat' dir='ltr'><strong>ejus?</strong></span> 
     </span>
    </p>
   </div>
   <div class='ocr_carea' id='block_1_68' title="bbox 2023 1646 2983 1716">
    <p class='ocr_par' dir='ltr' id='par_1_68' title="bbox 2023 1646 2983 1716">
     <span class='ocr_line' id='line_1_69' title="bbox 2023 1646 2983 1716; baseline 0.003 -15"><span class='ocrx_word' id='word_1_360' title='bbox 2023 1646 2155 1716; x_wconf 79' lang='lat' dir='ltr'><strong>Quis</strong></span> <span class='ocrx_word' id='word_1_361' title='bbox 2183 1649 2552 1705; x_wconf 89' lang='lat' dir='ltr'><strong>consideravit</strong></span> <span class='ocrx_word' id='word_1_362' title='bbox 2581 1646 2808 1705; x_wconf 85' lang='lat' dir='ltr'><strong>verbum</strong></span> <span class='ocrx_word' id='word_1_363' title='bbox 2839 1649 2983 1706; x_wconf 87' lang='lat' dir='ltr'><strong>illius</strong></span> 
     </span>
    </p>
   </div>
   <div class='ocr_carea' id='block_1_69' title="bbox 2094 1719 2417 1774">
    <p class='ocr_par' dir='ltr' id='par_1_69' title="bbox 2094 1719 2417 1774">
     <span class='ocr_line' id='line_1_70' title="bbox 2094 1719 2417 1774; baseline 0.003 -1"><span class='ocrx_word' id='word_1_364' title='bbox 2094 1730 2148 1773; x_wconf 91' lang='lat' dir='ltr'><strong>et</strong></span> <span class='ocrx_word' id='word_1_365' title='bbox 2179 1719 2417 1774; x_wconf 77' lang='lat' dir='ltr'><strong>audivit?</strong></span> 
     </span>
    </p>
   </div>
   <div class='ocr_carea' id='block_1_70' title="bbox 2026 1787 3447 1862">
    <p class='ocr_par' dir='ltr' id='par_1_70' title="bbox 2026 1787 3447 1862">
     <span class='ocr_line' id='line_1_71' title="bbox 2026 1787 3447 1862; baseline 0.001 -19"><span class='ocrx_word' id='word_1_366' title='bbox 2026 1787 2168 1844; x_wconf 84' lang='lat' dir='ltr'><strong>Ecce</strong></span> <span class='ocrx_word' id='word_1_367' title='bbox 2194 1792 2349 1845; x_wconf 91' lang='lat' dir='ltr'><strong>turbo</strong></span> <span class='ocrx_word' id='word_1_368' title='bbox 2376 1792 2674 1846; x_wconf 69' lang='lat' dir='ltr'><strong>Dominieaa</strong></span> <span class='ocrx_word' id='word_1_369' title='bbox 2702 1791 3091 1862; x_wconf 84' lang='lat' dir='ltr'><strong>indignationis</strong></span> <span class='ocrx_word' id='word_1_370' title='bbox 3116 1789 3447 1860; x_wconf 87' lang='lat' dir='ltr'><strong>egredietur,</strong></span> 
     </span>
    </p>
   </div>
   <div class='ocr_carea' id='block_1_71' title="bbox 2099 1860 3623 1943">
    <p class='ocr_par' dir='ltr' id='par_1_71' title="bbox 2099 1860 3623 1943">
     <span class='ocr_line' id='line_1_72' title="bbox 2099 1860 3623 1943; baseline 0.001 -29"><span class='ocrx_word' id='word_1_371' title='bbox 2099 1869 2153 1914; x_wconf 91' lang='lat' dir='ltr'><strong>et</strong></span> <span class='ocrx_word' id='word_1_372' title='bbox 2197 1870 2495 1943; x_wconf 78' lang='lat' dir='ltr'><strong>tempestas</strong></span> <span class='ocrx_word' id='word_1_373' title='bbox 2548 1860 2842 1934; x_wconf 74' lang='lat' dir='ltr'><strong>erumpens</strong></span> <span class='ocrx_word' id='word_1_374' title='bbox 2894 1877 3059 1933; x_wconf 83' lang='lat' dir='ltr'><strong>super</strong></span> <span class='ocrx_word' id='word_1_375' title='bbox 3119 1873 3282 1932; x_wconf 89' lang='lat' dir='ltr'><strong>caput</strong></span> <span class='ocrx_word' id='word_1_376' title='bbox 3328 1860 3623 1934; x_wconf 85' lang='lat' dir='ltr'><strong>impiorum</strong></span> 
     </span>
    </p>
   </div>
   <div class='ocr_carea' id='block_1_72' title="bbox 2170 1941 2369 1986">
    <p class='ocr_par' dir='ltr' id='par_1_72' title="bbox 2170 1941 2369 1986">
     <span class='ocr_line' id='line_1_73' title="bbox 2170 1941 2369 1986; baseline 0.005 -1"><span class='ocrx_word' id='word_1_377' title='bbox 2170 1941 2369 1986; x_wconf 84' lang='lat' dir='ltr'><strong>veniet.</strong></span> 
     </span>
    </p>
   </div>
   <div class='ocr_carea' id='block_1_73' title="bbox 2026 2002 2913 2070">
    <p class='ocr_par' dir='ltr' id='par_1_73' title="bbox 2026 2002 2913 2070">
     <span class='ocr_line' id='line_1_74' title="bbox 2026 2002 2913 2070; baseline 0.003 -13"><span class='ocrx_word' id='word_1_378' title='bbox 2026 2002 2144 2057; x_wconf 86' lang='lat' dir='ltr'><strong>Non</strong></span> <span class='ocrx_word' id='word_1_379' title='bbox 2170 2012 2474 2059; x_wconf 86' lang='lat' dir='ltr'><strong>revertetur</strong></span> <span class='ocrx_word' id='word_1_380' title='bbox 2504 2003 2655 2062; x_wconf 87' lang='lat' dir='ltr'><strong>furor</strong></span> <span class='ocrx_word' id='word_1_381' title='bbox 2676 2003 2913 2070; x_wconf 90' lang='lat' dir='ltr'><strong>Domini,</strong></span> 
     </span>
    </p>
   </div>
   <div class='ocr_carea' id='block_1_74' title="bbox 2101 2076 2632 2144">
    <p class='ocr_par' dir='ltr' id='par_1_74' title="bbox 2101 2076 2632 2144">
     <span class='ocr_line' id='line_1_75' title="bbox 2101 2076 2632 2144; baseline 0.008 -16"><span class='ocrx_word' id='word_1_382' title='bbox 2101 2090 2274 2144; x_wconf 90' lang='lat' dir='ltr'><strong>usque</strong></span> <span class='ocrx_word' id='word_1_383' title='bbox 2298 2076 2426 2130; x_wconf 89' lang='lat' dir='ltr'><strong>dum</strong></span> <span class='ocrx_word' id='word_1_384' title='bbox 2452 2077 2632 2142; x_wconf 80' lang='lat' dir='ltr'><strong>faciat,</strong></span> 
     </span>
    </p>
   </div>
   <div class='ocr_carea' id='block_1_75' title="bbox 2100 2142 3587 2219">
    <p class='ocr_par' dir='ltr' id='par_1_75' title="bbox 2100 2142 3587 2219">
     <span class='ocr_line' id='line_1_76' title="bbox 2100 2142 3587 2219; baseline 0.001 -19"><span class='ocrx_word' id='word_1_385' title='bbox 2100 2156 2153 2200; x_wconf 88' lang='lat' dir='ltr'><strong>ct</strong></span> <span class='ocrx_word' id='word_1_386' title='bbox 2187 2142 2356 2217; x_wconf 70' lang='lat' dir='ltr'><strong>usque</strong></span> <span class='ocrx_word' id='word_1_387' title='bbox 2388 2147 2515 2203; x_wconf 89' lang='lat' dir='ltr'><strong>dum</strong></span> <span class='ocrx_word' id='word_1_388' title='bbox 2557 2147 2832 2219; x_wconf 88' lang='lat' dir='ltr'><strong>compleat</strong></span> <span class='ocrx_word' id='word_1_389' title='bbox 2858 2145 3247 2219; x_wconf 87' lang='lat' dir='ltr'><strong>cogitationem</strong></span> <span class='ocrx_word' id='word_1_390' title='bbox 3281 2143 3462 2202; x_wconf 87' lang='lat' dir='ltr'><strong>cordis</strong></span> <span class='ocrx_word' id='word_1_391' title='bbox 3502 2142 3587 2201; x_wconf 89' lang='lat' dir='ltr'><strong>sui</strong></span> 
     </span>
    </p>
   </div>
   <div class='ocr_carea' id='block_1_76' title="bbox 2030 2216 2655 2275">
    <p class='ocr_par' dir='ltr' id='par_1_76' title="bbox 2030 2216 2655 2275">
     <span class='ocr_line' id='line_1_77' title="bbox 2030 2216 2655 2275; baseline 0.003 -4"><span class='ocrx_word' id='word_1_392' title='bbox 2030 2216 2089 2272; x_wconf 92' lang='lat' dir='ltr'><strong>In</strong></span> <span class='ocrx_word' id='word_1_393' title='bbox 2121 2216 2432 2273; x_wconf 87' lang='lat' dir='ltr'><strong>novissimis</strong></span> <span class='ocrx_word' id='word_1_394' title='bbox 2458 2219 2655 2275; x_wconf 90' lang='lat' dir='ltr'><strong>diebus</strong></span> 
     </span>
    </p>
   </div>
   <div class='ocr_carea' id='block_1_77' title="bbox 2105 2289 2902 2359">
    <p class='ocr_par' dir='ltr' id='par_1_77' title="bbox 2105 2289 2902 2359">
     <span class='ocr_line' id='line_1_78' title="bbox 2105 2289 2902 2359; baseline 0.005 -17"><span class='ocrx_word' id='word_1_395' title='bbox 2105 2289 2418 2359; x_wconf 86' lang='lat' dir='ltr'><strong>intelligetis</strong></span> <span class='ocrx_word' id='word_1_396' title='bbox 2437 2290 2727 2345; x_wconf 90' lang='lat' dir='ltr'><strong>consilium</strong></span> <span class='ocrx_word' id='word_1_397' title='bbox 2758 2290 2902 2359; x_wconf 92' lang='lat' dir='ltr'><strong>ejus.</strong></span> 
     </span>
    </p>
   </div>
   <div class='ocr_carea' id='block_1_78' title="bbox 2032 2358 2808 2431">
    <p class='ocr_par' dir='ltr' id='par_1_78' title="bbox 2032 2358 2808 2431">
     <span class='ocr_line' id='line_1_79' title="bbox 2032 2358 2808 2431; baseline 0.004 -17"><span class='ocrx_word' id='word_1_398' title='bbox 2032 2358 2152 2415; x_wconf 86' lang='lat' dir='ltr'><strong>Non</strong></span> <span class='ocrx_word' id='word_1_399' title='bbox 2181 2360 2458 2415; x_wconf 88' lang='lat' dir='ltr'><strong>mittebam</strong></span> <span class='ocrx_word' id='word_1_400' title='bbox 2493 2358 2808 2431; x_wconf 84' lang='lat' dir='ltr'><strong>prophetas,</strong></span> 
     </span>
    </p>
   </div>
   <div class='ocr_carea' id='block_1_79' title="bbox 2105 2430 2659 2499">
    <p class='ocr_par' dir='ltr' id='par_1_79' title="bbox 2105 2430 2659 2499">
     <span class='ocr_line' id='line_1_80' title="bbox 2105 2430 2659 2499; baseline 0.002 -15"><span class='ocrx_word' id='word_1_401' title='bbox 2105 2439 2159 2484; x_wconf 87' lang='lat' dir='ltr'><strong>et</strong></span> <span class='ocrx_word' id='word_1_402' title='bbox 2194 2430 2297 2499; x_wconf 85' lang='lat' dir='ltr'><strong>ipsi</strong></span> <span class='ocrx_word' id='word_1_403' title='bbox 2329 2430 2621 2487; x_wconf 84' lang='lat' dir='ltr'><strong>currebant</strong></span> <span class='ocrx_word' id='word_1_404' title='bbox 2647 2450 2659 2485; x_wconf 88' lang='lat'><strong>:</strong></span> 
     </span>
    </p>
   </div>
   <div class='ocr_carea' id='block_1_80' title="bbox 2034 2500 2700 2572">
    <p class='ocr_par' dir='ltr' id='par_1_80' title="bbox 2034 2500 2700 2572">
     <span class='ocr_line' id='line_1_81' title="bbox 2034 2500 2700 2572; baseline 0 -15"><span class='ocrx_word' id='word_1_405' title='bbox 2034 2500 2153 2557; x_wconf 83' lang='lat' dir='ltr'><strong>Non</strong></span> <span class='ocrx_word' id='word_1_406' title='bbox 2188 2503 2449 2570; x_wconf 84' lang='lat' dir='ltr'><strong>loquebar</strong></span> <span class='ocrx_word' id='word_1_407' title='bbox 2480 2503 2545 2558; x_wconf 76' lang='lat' dir='ltr'><strong>ad</strong></span> <span class='ocrx_word' id='word_1_408' title='bbox 2575 2517 2700 2572; x_wconf 90' lang='lat' dir='ltr'><strong>eos,</strong></span> 
     </span>
    </p>
   </div>
   <div class='ocr_carea' id='block_1_81' title="bbox 2108 2574 2738 2643">
    <p class='ocr_par' dir='ltr' id='par_1_81' title="bbox 2108 2574 2738 2643">
     <span class='ocr_line' id='line_1_82' title="bbox 2108 2574 2738 2643; baseline 0.002 -17"><span class='ocrx_word' id='word_1_409' title='bbox 2108 2582 2163 2627; x_wconf 93' lang='lat' dir='ltr'><strong>et</strong></span> <span class='ocrx_word' id='word_1_410' title='bbox 2190 2574 2289 2643; x_wconf 89' lang='lat' dir='ltr'><strong>ipsi</strong></span> <span class='ocrx_word' id='word_1_411' title='bbox 2319 2575 2738 2642; x_wconf 85' lang='lat' dir='ltr'><strong>prophetabant.</strong></span> 
     </span>
    </p>
   </div>
   <div class='ocr_carea' id='block_1_82' title="bbox 2036 2640 3637 2710">
    <p class='ocr_par' dir='ltr' id='par_1_82' title="bbox 2036 2640 3637 2710">
     <span class='ocr_line' id='line_1_83' title="bbox 2036 2640 3637 2710; baseline -0.002 -9"><span class='ocrx_word' id='word_1_412' title='bbox 2036 2644 2096 2701; x_wconf 89' lang='lat' dir='ltr'><strong>Si</strong></span> <span class='ocrx_word' id='word_1_413' title='bbox 2126 2640 2407 2700; x_wconf 77' lang='lat' dir='ltr'><strong>stetissent</strong></span> <span class='ocrx_word' id='word_1_414' title='bbox 2437 2645 2489 2699; x_wconf 93' lang='lat' dir='ltr'><strong>in</strong></span> <span class='ocrx_word' id='word_1_415' title='bbox 2518 2645 2748 2701; x_wconf 89' lang='lat' dir='ltr'><strong>consilio</strong></span> <span class='ocrx_word' id='word_1_416' title='bbox 2775 2660 2921 2710; x_wconf 89' lang='lat' dir='ltr'><strong>meo,</strong></span> <span class='ocrx_word' id='word_1_417' title='bbox 2952 2652 3009 2701; x_wconf 87' lang='lat' dir='ltr'><strong>et</strong></span> <span class='ocrx_word' id='word_1_418' title='bbox 3038 2649 3165 2702; x_wconf 76' lang='lat' dir='ltr'><strong>nota</strong></span> <span class='ocrx_word' id='word_1_419' title='bbox 3192 2640 3451 2701; x_wconf 79' lang='lat' dir='ltr'><strong>fecissent</strong></span> <span class='ocrx_word' id='word_1_420' title='bbox 3470 2640 3637 2698; x_wconf 73' lang='lat' dir='ltr'><strong>verba</strong></span> 
     </span>
    </p>
   </div>
   <div class='ocr_carea' id='block_1_83' title="bbox 2182 2716 2718 2787">
    <p class='ocr_par' dir='ltr' id='par_1_83' title="bbox 2182 2716 2718 2787">
     <span class='ocr_line' id='line_1_84' title="bbox 2182 2716 2718 2787; baseline 0.002 -17"><span class='ocrx_word' id='word_1_421' title='bbox 2182 2730 2300 2771; x_wconf 86' lang='lat' dir='ltr'><strong>mea</strong></span> <span class='ocrx_word' id='word_1_422' title='bbox 2331 2716 2531 2787; x_wconf 91' lang='lat' dir='ltr'><strong>popqu</strong></span> <span class='ocrx_word' id='word_1_423' title='bbox 2564 2731 2688 2771; x_wconf 78' lang='lat' dir='ltr'><strong>meo</strong></span> <span class='ocrx_word' id='word_1_424' title='bbox 2704 2760 2718 2783; x_wconf 90' lang='lat'><strong>,</strong></span> 
     </span>
    </p>
   </div>
   <div class='ocr_carea' id='block_1_84' title="bbox 2114 2785 3235 2856">
    <p class='ocr_par' dir='ltr' id='par_1_84' title="bbox 2114 2785 3235 2856">
     <span class='ocr_line' id='line_1_85' title="bbox 2114 2785 3235 2856; baseline -0.002 -15"><span class='ocrx_word' id='word_1_425' title='bbox 2114 2785 2432 2843; x_wconf 69' lang='lat' dir='ltr'><strong>avertissent</strong></span> <span class='ocrx_word' id='word_1_426' title='bbox 2462 2789 2647 2856; x_wconf 88' lang='lat' dir='ltr'><strong>utique</strong></span> <span class='ocrx_word' id='word_1_427' title='bbox 2669 2803 2765 2844; x_wconf 92' lang='lat' dir='ltr'><strong>eos</strong></span> <span class='ocrx_word' id='word_1_428' title='bbox 2791 2802 2819 2841; x_wconf 90' lang='lat' dir='ltr'><strong>a</strong></span> <span class='ocrx_word' id='word_1_429' title='bbox 2842 2787 2928 2842; x_wconf 90' lang='lat' dir='ltr'><strong>via</strong></span> <span class='ocrx_word' id='word_1_430' title='bbox 2951 2802 3046 2843; x_wconf 90' lang='lat' dir='ltr'><strong>sua</strong></span> <span class='ocrx_word' id='word_1_431' title='bbox 3071 2785 3235 2855; x_wconf 86' lang='lat' dir='ltr'><strong>mala,</strong></span> 
     </span>
    </p>
   </div>
   <div class='ocr_carea' id='block_1_85' title="bbox 2115 2858 3557 2931">
    <p class='ocr_par' dir='ltr' id='par_1_85' title="bbox 2115 2858 3557 2931">
     <span class='ocr_line' id='line_1_86' title="bbox 2115 2858 3557 2931; baseline -0.001 -19"><span class='ocrx_word' id='word_1_432' title='bbox 2115 2867 2171 2912; x_wconf 89' lang='lat' dir='ltr'><strong>et</strong></span> <span class='ocrx_word' id='word_1_433' title='bbox 2200 2875 2226 2913; x_wconf 91' lang='lat' dir='ltr'><strong>a</strong></span> <span class='ocrx_word' id='word_1_434' title='bbox 2257 2860 2508 2931; x_wconf 82' lang='lat' dir='ltr'><strong>pessimis</strong></span> <span class='ocrx_word' id='word_1_435' title='bbox 2533 2858 2955 2931; x_wconf 84' lang='lat' dir='ltr'><strong>cogitationibus</strong></span> <span class='ocrx_word' id='word_1_436' title='bbox 2983 2858 3117 2931; x_wconf 83' lang='lat' dir='ltr'><strong>suis.</strong></span> <span class='ocrx_word' id='word_1_437' title='bbox 3525 2923 3557 2931; x_wconf 88' lang='lat'>__</span> 
     </span>
    </p>
   </div>
   <div class='ocr_carea' id='block_1_86' title="bbox 2042 2924 3596 3003">
    <p class='ocr_par' dir='ltr' id='par_1_86' title="bbox 2042 2924 3596 3003">
     <span class='ocr_line' id='line_1_87' title="bbox 2042 2924 3596 3003; baseline -0.003 -16"><span class='ocrx_word' id='word_1_438' title='bbox 2042 2924 2307 3003; x_wconf 78' lang='lat' dir='ltr'><strong>Putasne,</strong></span> <span class='ocrx_word' id='word_1_439' title='bbox 2332 2929 2441 3000; x_wconf 81' lang='grc' dir='ltr'><strong>[ΑΙ.</strong></span> <span class='ocrx_word' id='word_1_440' title='bbox 2476 2924 2757 3003; x_wconf 75' lang='lat' dir='ltr'><strong>numquid]</strong></span> <span class='ocrx_word' id='word_1_441' title='bbox 2789 2931 2931 2985; x_wconf 90' lang='lat' dir='ltr'><strong>Deus</strong></span> <span class='ocrx_word' id='word_1_442' title='bbox 2955 2945 2986 2985; x_wconf 92' lang='lat' dir='ltr'><strong>e</strong></span> <span class='ocrx_word' id='word_1_443' title='bbox 3008 2929 3187 2986; x_wconf 87' lang='lat' dir='ltr'><strong>vicino</strong></span> <span class='ocrx_word' id='word_1_444' title='bbox 3215 2938 3317 2994; x_wconf 85' lang='lat' dir='ltr'><strong>ego</strong></span> <span class='ocrx_word' id='word_1_445' title='bbox 3342 2938 3481 2991; x_wconf 89' lang='lat' dir='ltr'><strong>sum,</strong></span> <span class='ocrx_word' id='word_1_446' title='bbox 3508 2924 3596 2983; x_wconf 81' lang='lat' dir='ltr'><strong>dic</strong></span> 
     </span>
    </p>
   </div>
   <div class='ocr_carea' id='block_1_87' title="bbox 2189 3002 2470 3069">
    <p class='ocr_par' dir='ltr' id='par_1_87' title="bbox 2189 3002 2470 3069">
     <span class='ocr_line' id='line_1_88' title="bbox 2189 3002 2470 3069; baseline -0.004 -12"><span class='ocrx_word' id='word_1_447' title='bbox 2189 3002 2470 3069; x_wconf 90' lang='lat' dir='ltr'><strong>Dominus,</strong></span> 
     </span>
    </p>
   </div>
   <div class='ocr_carea' id='block_1_88' title="bbox 2118 3072 2790 3143">
    <p class='ocr_par' dir='ltr' id='par_1_88' title="bbox 2118 3072 2790 3143">
     <span class='ocr_line' id='line_1_89' title="bbox 2118 3072 2790 3143; baseline -0.004 -14"><span class='ocrx_word' id='word_1_448' title='bbox 2118 3081 2174 3129; x_wconf 91' lang='lat' dir='ltr'><strong>et</strong></span> <span class='ocrx_word' id='word_1_449' title='bbox 2203 3088 2308 3127; x_wconf 91' lang='lat' dir='ltr'><strong>non</strong></span> <span class='ocrx_word' id='word_1_450' title='bbox 2343 3072 2483 3127; x_wconf 90' lang='lat' dir='ltr'><strong>Deus</strong></span> <span class='ocrx_word' id='word_1_451' title='bbox 2508 3072 2576 3128; x_wconf 87' lang='lat' dir='ltr'><strong>de</strong></span> <span class='ocrx_word' id='word_1_452' title='bbox 2602 3072 2790 3143; x_wconf 84' lang='lat' dir='ltr'><strong>longe?</strong></span> 
     </span>
    </p>
   </div>
   <div class='ocr_carea' id='block_1_89' title="bbox 2048 3137 3640 3211">
    <p class='ocr_par' dir='ltr' id='par_1_89' title="bbox 2048 3137 3640 3211">
     <span class='ocr_line' id='line_1_90' title="bbox 2048 3137 3640 3211; baseline -0.005 -10"><span class='ocrx_word' id='word_1_453' title='bbox 2048 3145 2105 3201; x_wconf 90' lang='lat' dir='ltr'><strong>Si</strong></span> <span class='ocrx_word' id='word_1_454' title='bbox 2136 3143 2494 3199; x_wconf 81' lang='lat' dir='ltr'><strong>oceultabitur</strong></span> <span class='ocrx_word' id='word_1_455' title='bbox 2518 3144 2603 3198; x_wconf 85' lang='lat' dir='ltr'><strong>vir</strong></span> <span class='ocrx_word' id='word_1_456' title='bbox 2626 3146 2677 3198; x_wconf 90' lang='lat' dir='ltr'><strong>in</strong></span> <span class='ocrx_word' id='word_1_457' title='bbox 2697 3137 3067 3209; x_wconf 65' lang='lat' dir='ltr'><strong>absconditis,</strong></span> <span class='ocrx_word' id='word_1_458' title='bbox 3096 3148 3153 3195; x_wconf 88' lang='lat' dir='ltr'><strong>et</strong></span> <span class='ocrx_word' id='word_1_459' title='bbox 3180 3152 3283 3211; x_wconf 88' lang='lat' dir='ltr'><strong>ego</strong></span> <span class='ocrx_word' id='word_1_460' title='bbox 3313 3154 3420 3194; x_wconf 92' lang='lat' dir='ltr'><strong>non</strong></span> <span class='ocrx_word' id='word_1_461' title='bbox 3445 3137 3640 3197; x_wconf 84' lang='lat' dir='ltr'><strong>videbo</strong></span> 
     </span>
    </p>
   </div>
   <div class='ocr_carea' id='block_1_90' title="bbox 2193 3214 2832 3270">
    <p class='ocr_par' dir='ltr' id='par_1_90' title="bbox 2193 3214 2832 3270">
     <span class='ocr_line' id='line_1_91' title="bbox 2193 3214 2832 3270; baseline -0.002 -1"><span class='ocrx_word' id='word_1_462' title='bbox 2193 3214 2363 3269; x_wconf 84' lang='lat' dir='ltr'><strong>eum?</strong></span> <span class='ocrx_word' id='word_1_463' title='bbox 2390 3215 2521 3270; x_wconf 89' lang='lat' dir='ltr'><strong>dicit</strong></span> <span class='ocrx_word' id='word_1_464' title='bbox 2550 3214 2832 3268; x_wconf 90' lang='lat' dir='ltr'><strong>Dominus.</strong></span> 
     </span>
    </p>
   </div>
   <div class='ocr_carea' id='block_1_91' title="bbox 2053 3278 3648 3410">
    <p class='ocr_par' dir='ltr' id='par_1_91' title="bbox 2053 3278 3648 3410">
     <span class='ocr_line' id='line_1_92' title="bbox 2053 3278 3648 3410; baseline -0.006 -67"><span class='ocrx_word' id='word_1_465' title='bbox 2053 3286 2475 3410; x_wconf 50' lang='lat' dir='ltr'><strong>Numtﬂtidmon</strong></span> <span class='ocrx_word' id='word_1_466' title='bbox 2513 3286 2707 3343; x_wconf 65' lang='lat' dir='ltr'><strong>caelum</strong></span> <span class='ocrx_word' id='word_1_467' title='bbox 2730 3326 2744 3351; x_wconf 94' lang='lat'><strong>,</strong></span> <span class='ocrx_word' id='word_1_468' title='bbox 2776 3295 2830 3341; x_wconf 92' lang='lat' dir='ltr'><strong>et</strong></span> <span class='ocrx_word' id='word_1_469' title='bbox 2859 3294 3063 3342; x_wconf 87' lang='lat' dir='ltr'><strong>terram</strong></span> <span class='ocrx_word' id='word_1_470' title='bbox 3103 3297 3205 3354; x_wconf 90' lang='lat' dir='ltr'><strong>ego</strong></span> <span class='ocrx_word' id='word_1_471' title='bbox 3241 3281 3483 3351; x_wconf 80' lang='lat' dir='ltr'><strong>impleo?</strong></span> <span class='ocrx_word' id='word_1_472' title='bbox 3513 3278 3648 3335; x_wconf 89' lang='lat' dir='ltr'><strong>dicit</strong></span> 
     </span>
     <span class='ocr_line' id='line_1_93' title="bbox 2246 3372 2479 3410; baseline 0 0"><span class='ocrx_word' id='word_1_473' title='bbox 2246 3372 2479 3410; x_wconf 80' lang='lat' dir='ltr'><strong>ominus.</strong></span> 
     </span>
    </p>
   </div>
   <div class='ocr_carea' id='block_1_92' title="bbox 2246 3372 2479 3412">
    <p class='ocr_par' dir='ltr' id='par_1_92' title="bbox 2246 3372 2479 3412">
     <span class='ocr_line' id='line_1_94' title="bbox 2246 3372 2479 3412; baseline 0.004 -1"><span class='ocrx_word' id='word_1_474' title='bbox 2246 3372 2479 3412; x_wconf 87' lang='lat' dir='ltr'><strong>omtnus.</strong></span> 
     </span>
    </p>
   </div>
   <div class='ocr_carea' id='block_1_93' title="bbox 2057 3427 3025 3499">
    <p class='ocr_par' dir='ltr' id='par_1_93' title="bbox 2057 3427 3025 3499">
     <span class='ocr_line' id='line_1_95' title="bbox 2057 3427 3025 3499; baseline -0.002 -14"><span class='ocrx_word' id='word_1_475' title='bbox 2057 3428 2249 3485; x_wconf 81' lang='lat' dir='ltr'><strong>Audivi</strong></span> <span class='ocrx_word' id='word_1_476' title='bbox 2283 3442 2404 3497; x_wconf 76' lang='lat' dir='ltr'><strong>qua:</strong></span> <span class='ocrx_word' id='word_1_477' title='bbox 2433 3428 2689 3483; x_wconf 85' lang='lat' dir='ltr'><strong>dixerunt</strong></span> <span class='ocrx_word' id='word_1_478' title='bbox 2712 3427 2992 3499; x_wconf 71' lang='lat' dir='ltr'><strong>propheta:</strong></span> <span class='ocrx_word' id='word_1_479' title='bbox 3009 3468 3025 3492; x_wconf 92' lang='lat'><strong>,</strong></span> 
     </span>
    </p>
   </div>
   <div class='ocr_carea' id='block_1_94' title="bbox 2129 3493 3647 3571">
    <p class='ocr_par' dir='ltr' id='par_1_94' title="bbox 2129 3493 3647 3571">
     <span class='ocr_line' id='line_1_96' title="bbox 2129 3493 3647 3571; baseline -0.003 -16"><span class='ocrx_word' id='word_1_480' title='bbox 2129 3493 2520 3571; x_wconf 83' lang='lat' dir='ltr'><strong>pr0phetantes</strong></span> <span class='ocrx_word' id='word_1_481' title='bbox 2563 3500 2615 3555; x_wconf 88' lang='lat' dir='ltr'><strong>in</strong></span> <span class='ocrx_word' id='word_1_482' title='bbox 2654 3493 2870 3555; x_wconf 79' lang='lat' dir='ltr'><strong>nomine</strong></span> <span class='ocrx_word' id='word_1_483' title='bbox 2901 3512 3027 3556; x_wconf 89' lang='lat' dir='ltr'><strong>meo</strong></span> <span class='ocrx_word' id='word_1_484' title='bbox 3068 3493 3409 3553; x_wconf 87' lang='lat' dir='ltr'><strong>mendacium</strong></span> <span class='ocrx_word' id='word_1_485' title='bbox 3433 3535 3449 3562; x_wconf 93' lang='lat'><strong>,</strong></span> <span class='ocrx_word' id='word_1_486' title='bbox 3483 3501 3647 3565; x_wconf 84' lang='lat' dir='ltr'><strong>atque</strong></span> 
     </span>
    </p>
   </div>
   <div class='ocr_carea' id='block_1_95' title="bbox 2202 3572 2466 3639">
    <p class='ocr_par' dir='ltr' id='par_1_95' title="bbox 2202 3572 2466 3639">
     <span class='ocr_line' id='line_1_97' title="bbox 2202 3572 2466 3639; baseline 0.008 -14"><span class='ocrx_word' id='word_1_487' title='bbox 2202 3572 2466 3639; x_wconf 89' lang='lat' dir='ltr'><strong>dicentes,</strong></span> 
     </span>
    </p>
   </div>
   <div class='ocr_carea' id='block_1_96' title="bbox 2058 3642 2357 3708">
    <p class='ocr_par' dir='ltr' id='par_1_96' title="bbox 2058 3642 2357 3708">
     <span class='ocr_line' id='line_1_98' title="bbox 2058 3642 2357 3708; baseline -0.017 -7"><span class='ocrx_word' id='word_1_488' title='bbox 2058 3642 2357 3708; x_wconf 74' lang='lat' dir='ltr'><strong>Somniavi,</strong></span> 
     </span>
    </p>
   </div>
   <div class='ocr_carea' id='block_1_97' title="bbox 2134 3713 2421 3770">
    <p class='ocr_par' dir='ltr' id='par_1_97' title="bbox 2134 3713 2421 3770">
     <span class='ocr_line' id='line_1_99' title="bbox 2134 3713 2421 3770; baseline -0.01 0"><span class='ocrx_word' id='word_1_489' title='bbox 2134 3713 2421 3770; x_wconf 87' lang='lat' dir='ltr'><strong>somniavi.</strong></span> 
     </span>
    </p>
   </div>
   <div class='ocr_carea' id='block_1_98' title="bbox 436 3776 3656 3870">
    <p class='ocr_par' dir='ltr' id='par_1_98' title="bbox 436 3776 3656 3870">
     <span class='ocr_line' id='line_1_100' title="bbox 436 3776 3656 3870; baseline -0.002 -29"><span class='ocrx_word' id='word_1_490' title='bbox 436 3802 467 3841; x_wconf 90' lang='lat' dir='ltr'><strong>a</strong></span> <span class='ocrx_word' id='word_1_491' title='bbox 515 3776 651 3870; x_wconf 65' lang='lat' dir='ltr'><strong>faeie</strong></span> <span class='ocrx_word' id='word_1_492' title='bbox 691 3784 944 3849; x_wconf 87' lang='lat' dir='ltr'><strong>Domini,</strong></span> <span class='ocrx_word' id='word_1_493' title='bbox 993 3790 1050 3838; x_wconf 90' lang='lat' dir='ltr'><strong>et</strong></span> <span class='ocrx_word' id='word_1_494' title='bbox 1076 3796 1106 3835; x_wconf 89' lang='lat' dir='ltr'><strong>a</strong></span> <span class='ocrx_word' id='word_1_495' title='bbox 1139 3782 1275 3839; x_wconf 87' lang='lat' dir='ltr'><strong>facie</strong></span> <span class='ocrx_word' id='word_1_496' title='bbox 1315 3776 1603 3840; x_wconf 79' lang='lat' dir='ltr'><strong>verborum</strong></span> <span class='ocrx_word' id='word_1_497' title='bbox 1641 3791 1957 3841; x_wconf 87' lang='lat' dir='ltr'><strong>sanctorum</strong></span> <span class='ocrx_word' id='word_1_498' title='bbox 2068 3787 2360 3870; x_wconf 78' lang='lat' dir='ltr'><strong>Usquequo</strong></span> <span class='ocrx_word' id='word_1_499' title='bbox 2389 3784 2533 3870; x_wconf 71' lang='lat' dir='ltr'><strong>istud</strong></span> <span class='ocrx_word' id='word_1_500' title='bbox 2558 3784 2617 3868; x_wconf 39' lang='lat' dir='ltr'><strong>in.</strong></span> <span class='ocrx_word' id='word_1_501' title='bbox 2638 3782 2803 3841; x_wconf 87' lang='lat' dir='ltr'><strong>corde</strong></span> <span class='ocrx_word' id='word_1_502' title='bbox 2827 3790 2913 3839; x_wconf 90' lang='lat' dir='ltr'><strong>est</strong></span> <span class='ocrx_word' id='word_1_503' title='bbox 2940 3780 3327 3855; x_wconf 81' lang='lat' dir='ltr'><strong>prOphetarum</strong></span> <span class='ocrx_word' id='word_1_504' title='bbox 3354 3776 3656 3836; x_wconf 80' lang='lat' dir='ltr'><strong>vaticinan-</strong></span> 
     </span>
    </p>
   </div>
   <div class='ocr_carea' id='block_1_99' title="bbox 358 3856 3408 4002">
    <p class='ocr_par' dir='ltr' id='par_1_99' title="bbox 358 3856 3408 4002">
     <span class='ocr_line' id='line_1_101' title="bbox 510 3856 2748 3926; baseline -0.001 -13"><span class='ocrx_word' id='word_1_505' title='bbox 510 3856 649 3926; x_wconf 87' lang='lat' dir='ltr'><strong>ejus.</strong></span> <span class='ocrx_word' id='word_1_506' title='bbox 2162 3856 2175 3858; x_wconf 72' lang='grc'><strong><em>“</em></strong></span> <span class='ocrx_word' id='word_1_507' title='bbox 2212 3858 2344 3912; x_wconf 93' lang='lat' dir='ltr'><strong>tium</strong></span> <span class='ocrx_word' id='word_1_508' title='bbox 2376 3856 2748 3920; x_wconf 87' lang='lat' dir='ltr'><strong>mendacium,</strong></span> 
     </span>
     <span class='ocr_line' id='line_1_102' title="bbox 358 3919 3408 4002; baseline -0.002 -18"><span class='ocrx_word' id='word_1_509' title='bbox 358 3927 794 4002; x_wconf 83' lang='lat' dir='ltr'><strong>Quiaadulteris</strong></span> <span class='ocrx_word' id='word_1_510' title='bbox 815 3926 1017 4002; x_wconf 68' lang='lat' dir='ltr'><strong>repleta</strong></span> <span class='ocrx_word' id='word_1_511' title='bbox 1048 3932 1130 4002; x_wconf 78' lang='lat' dir='ltr'><strong>est</strong></span> <span class='ocrx_word' id='word_1_512' title='bbox 1161 3933 1357 4002; x_wconf 72' lang='lat' dir='ltr'><strong>terra,_</strong></span> <span class='ocrx_word' id='word_1_513' title='bbox 2140 3937 2195 3983; x_wconf 90' lang='lat' dir='ltr'><strong>et</strong></span> <span class='ocrx_word' id='word_1_514' title='bbox 2228 3927 2670 4002; x_wconf 76' lang='lat' dir='ltr'><strong>prophetantium</strong></span> <span class='ocrx_word' id='word_1_515' title='bbox 2702 3926 3051 4002; x_wconf 78' lang='lat' dir='ltr'><strong>seductiones</strong></span> <span class='ocrx_word' id='word_1_516' title='bbox 3076 3919 3408 4002; x_wconf 79' lang='lat' dir='ltr'><strong>cordis_sui?</strong></span> 
     </span>
    </p>
   </div>
   <div class='ocr_carea' id='block_1_100' title="bbox 442 3993 3662 4072">
    <p class='ocr_par' dir='ltr' id='par_1_100' title="bbox 442 3993 3662 4072">
     <span class='ocr_line' id='line_1_103' title="bbox 442 3993 3662 4072; baseline -0.002 -18"><span class='ocrx_word' id='word_1_517' title='bbox 442 4001 567 4072; x_wconf 88' lang='lat' dir='ltr'><strong>quia</strong></span> <span class='ocrx_word' id='word_1_518' title='bbox 598 4014 629 4053; x_wconf 90' lang='lat' dir='ltr'><strong>a</strong></span> <span class='ocrx_word' id='word_1_519' title='bbox 659 3999 798 4053; x_wconf 87' lang='lat' dir='ltr'><strong>tacie</strong></span> <span class='ocrx_word' id='word_1_520' title='bbox 820 3993 1226 4072; x_wconf 76' lang='lat' dir='ltr'><strong>maledictionis</strong></span> <span class='ocrx_word' id='word_1_521' title='bbox 1246 3996 1387 4052; x_wconf 77' lang='lat' dir='ltr'><strong>luxit</strong></span> <span class='ocrx_word' id='word_1_522' title='bbox 1418 4004 1586 4065; x_wconf 89' lang='lat' dir='ltr'><strong>terra,</strong></span> <span class='ocrx_word' id='word_1_523' title='bbox 2073 4001 2175 4072; x_wconf 84' lang='lat' dir='ltr'><strong>Qui</strong></span> <span class='ocrx_word' id='word_1_524' title='bbox 2210 3993 2397 4055; x_wconf 66' lang='lat' dir='ltr'><strong>volu&#39;nt</strong></span> <span class='ocrx_word' id='word_1_525' title='bbox 2425 3999 2606 4072; x_wconf 80' lang='lat' dir='ltr'><strong>facere</strong></span> <span class='ocrx_word' id='word_1_526' title='bbox 2637 4008 2696 4053; x_wconf 92' lang='lat' dir='ltr'><strong>ut</strong></span> <span class='ocrx_word' id='word_1_527' title='bbox 2732 3998 3089 4054; x_wconf 87' lang='lat' dir='ltr'><strong>obliviscatur</strong></span> <span class='ocrx_word' id='word_1_528' title='bbox 3114 3993 3345 4067; x_wconf 87' lang='lat' dir='ltr'><strong>populus</strong></span> <span class='ocrx_word' id='word_1_529' title='bbox 3377 4007 3530 4052; x_wconf 84' lang='lat' dir='ltr'><strong>meus</strong></span> <span class='ocrx_word' id='word_1_530' title='bbox 3564 4006 3662 4049; x_wconf 83' lang='lat' dir='ltr'><strong>no-</strong></span> 
     </span>
    </p>
   </div>
   <div class='ocr_carea' id='block_1_101' title="bbox 445 4067 2536 4134">
    <p class='ocr_par' dir='ltr' id='par_1_101' title="bbox 445 4067 2536 4134">
     <span class='ocr_line' id='line_1_104' title="bbox 445 4067 2536 4134; baseline -0.001 -7"><span class='ocrx_word' id='word_1_531' title='bbox 445 4067 683 4128; x_wconf 84' lang='lat' dir='ltr'><strong>arefacta</strong></span> <span class='ocrx_word' id='word_1_532' title='bbox 713 4078 840 4125; x_wconf 79' lang='lat' dir='ltr'><strong>sunt</strong></span> <span class='ocrx_word' id='word_1_533' title='bbox 868 4083 995 4123; x_wconf 92' lang='lat' dir='ltr'><strong>arva</strong></span> <span class='ocrx_word' id='word_1_534' title='bbox 1025 4067 1227 4122; x_wconf 89' lang='lat' dir='ltr'><strong>deserti</strong></span> <span class='ocrx_word' id='word_1_535' title='bbox 1255 4085 1268 4121; x_wconf 91' lang='lat'><strong>:</strong></span> <span class='ocrx_word' id='word_1_536' title='bbox 2083 4067 2118 4072; x_wconf 67' lang='grc'><strong>’⁷</strong></span> <span class='ocrx_word' id='word_1_537' title='bbox 2216 4072 2377 4126; x_wconf 91' lang='lat' dir='ltr'><strong>minis</strong></span> <span class='ocrx_word' id='word_1_538' title='bbox 2406 4070 2536 4134; x_wconf 90' lang='lat' dir='ltr'><strong>mei,</strong></span> 
     </span>
    </p>
   </div>
   <div class='ocr_carea' id='block_1_102' title="bbox 369 4132 3662 4216">
    <p class='ocr_par' dir='ltr' id='par_1_102' title="bbox 369 4132 3662 4216">
     <span class='ocr_line' id='line_1_105' title="bbox 369 4132 3662 4216; baseline -0.004 -13"><span class='ocrx_word' id='word_1_539' title='bbox 369 4146 576 4216; x_wconf 78' lang='lat' dir='ltr'><strong>Factus</strong></span> <span class='ocrx_word' id='word_1_540' title='bbox 604 4153 685 4216; x_wconf 90' lang='lat' dir='ltr'><strong>est</strong></span> <span class='ocrx_word' id='word_1_541' title='bbox 714 4155 909 4216; x_wconf 83' lang='lat' dir='ltr'><strong>cursus</strong></span> <span class='ocrx_word' id='word_1_542' title='bbox 934 4154 1121 4216; x_wconf 79' lang='lat' dir='ltr'><strong>eorum</strong></span> <span class='ocrx_word' id='word_1_543' title='bbox 1150 4138 1347 4216; x_wconf 71' lang='lat' dir='ltr'><strong>malus,</strong></span> <span class='ocrx_word' id='word_1_544' title='bbox 2146 4152 2370 4216; x_wconf 79' lang='lat' dir='ltr'><strong>propter</strong></span> <span class='ocrx_word' id='word_1_545' title='bbox 2402 4132 2610 4196; x_wconf 84' lang='lat' dir='ltr'><strong>somnia</strong></span> <span class='ocrx_word' id='word_1_546' title='bbox 2633 4154 2820 4195; x_wconf 91' lang='lat' dir='ltr'><strong>eorum</strong></span> <span class='ocrx_word' id='word_1_547' title='bbox 2845 4155 2968 4214; x_wconf 75' lang='lat' dir='ltr'><strong>quae</strong></span> <span class='ocrx_word' id='word_1_548' title='bbox 2995 4146 3181 4193; x_wconf 86' lang='lat' dir='ltr'><strong>narrat</strong></span> <span class='ocrx_word' id='word_1_549' title='bbox 3204 4134 3573 4208; x_wconf 87' lang='lat' dir='ltr'><strong>unusquisque</strong></span> <span class='ocrx_word' id='word_1_550' title='bbox 3596 4132 3662 4190; x_wconf 87' lang='lat' dir='ltr'><strong>ad</strong></span> 
     </span>
    </p>
   </div>
   <div class='ocr_carea' id='block_1_103' title="bbox 450 4209 2745 4285">
    <p class='ocr_par' dir='ltr' id='par_1_103' title="bbox 450 4209 2745 4285">
     <span class='ocr_line' id='line_1_106' title="bbox 450 4209 2745 4285; baseline -0 -16"><span class='ocrx_word' id='word_1_551' title='bbox 450 4225 507 4269; x_wconf 88' lang='lat' dir='ltr'><strong>et</strong></span> <span class='ocrx_word' id='word_1_552' title='bbox 535 4214 797 4269; x_wconf 82' lang='lat' dir='ltr'><strong>fortitudo</strong></span> <span class='ocrx_word' id='word_1_553' title='bbox 822 4227 1007 4268; x_wconf 91' lang='lat' dir='ltr'><strong>eorum</strong></span> <span class='ocrx_word' id='word_1_554' title='bbox 1037 4209 1338 4285; x_wconf 79' lang='lat' dir='ltr'><strong>dissimilis.</strong></span> <span class='ocrx_word' id='word_1_555' title='bbox 1374 4283 1405 4285; x_wconf 22' lang='grc' dir='ltr'>α</span> <span class='ocrx_word' id='word_1_556' title='bbox 1477 4282 1488 4285; x_wconf 88' lang='lat'>_</span> <span class='ocrx_word' id='word_1_557' title='bbox 2148 4209 2164 4216; x_wconf 84' lang='grc'><em>’</em></span> <span class='ocrx_word' id='word_1_558' title='bbox 2221 4209 2522 4285; x_wconf 77' lang='lat' dir='ltr'><strong>proximum</strong></span> <span class='ocrx_word' id='word_1_559' title='bbox 2548 4227 2703 4267; x_wconf 92' lang='lat' dir='ltr'><strong>suum</strong></span> <span class='ocrx_word' id='word_1_560' title='bbox 2730 4228 2745 4268; x_wconf 84' lang='lat'><strong>:</strong></span> 
     </span>
    </p>
   </div>
   <div class='ocr_carea' id='block_1_104' title="bbox 374 4248 3668 4357">
    <p class='ocr_par' dir='ltr' id='par_1_104' title="bbox 374 4248 3668 4357">
     <span class='ocr_line' id='line_1_107' title="bbox 374 4248 3668 4357; baseline -0.003 -14"><span class='ocrx_word' id='word_1_561' title='bbox 374 4248 906 4357; x_wconf 46' lang='lat' dir='ltr'><strong>prBLi‘éii&#39;ﬁiﬁqiié</strong></span> <span class='ocrx_word' id='word_1_562' title='bbox 923 4248 988 4357; x_wconf 57' lang='lat' dir='ltr'><strong>et</strong></span> <span class='ocrx_word' id='word_1_563' title='bbox 1016 4248 1719 4357; x_wconf 42' lang='lat' dir='ltr'><strong>seserdoscpollutisuntg</strong></span> <span class='ocrx_word' id='word_1_564' title='bbox 2151 4248 2875 4354; x_wconf 41' lang='lat' dir='ltr'><strong>sic‘ut’oh&#39;lli‘li&quot;stitit&#39;patres</strong></span> <span class='ocrx_word' id='word_1_565' title='bbox 2904 4296 3092 4339; x_wconf 89' lang='lat' dir='ltr'><strong>eorum</strong></span> <span class='ocrx_word' id='word_1_566' title='bbox 3135 4278 3371 4339; x_wconf 88' lang='lat' dir='ltr'><strong>nominis</strong></span> <span class='ocrx_word' id='word_1_567' title='bbox 3400 4248 3506 4339; x_wconf 49' lang='lat' dir='ltr'><strong>nisi</strong></span> <span class='ocrx_word' id='word_1_568' title='bbox 3536 4289 3668 4349; x_wconf 83' lang='lat' dir='ltr'><strong>pro-</strong></span> 
     </span>
    </p>
   </div>
   <div class='ocr_carea' id='block_1_105' title="bbox 454 4352 2517 4430">
    <p class='ocr_par' dir='ltr' id='par_1_105' title="bbox 454 4352 2517 4430">
     <span class='ocr_line' id='line_1_108' title="bbox 454 4352 2517 4430; baseline -0.003 -15"><span class='ocrx_word' id='word_1_569' title='bbox 454 4352 511 4415; x_wconf 80' lang='lat' dir='ltr'><strong>et</strong></span> <span class='ocrx_word' id='word_1_570' title='bbox 537 4359 589 4414; x_wconf 92' lang='lat' dir='ltr'><strong>in</strong></span> <span class='ocrx_word' id='word_1_571' title='bbox 619 4358 781 4430; x_wconf 79' lang='lat' dir='ltr'><strong>domo</strong></span> <span class='ocrx_word' id='word_1_572' title='bbox 808 4352 926 4410; x_wconf 87' lang='lat' dir='ltr'><strong>mea</strong></span> <span class='ocrx_word' id='word_1_573' title='bbox 956 4352 1138 4409; x_wconf 88' lang='lat' dir='ltr'><strong>inveni</strong></span> <span class='ocrx_word' id='word_1_574' title='bbox 1178 4352 1381 4411; x_wconf 78' lang='lat' dir='ltr'><strong>malum</strong></span> <span class='ocrx_word' id='word_1_575' title='bbox 1414 4353 1520 4430; x_wconf 78' lang='lat' dir='ltr'><strong>[AL</strong></span> <span class='ocrx_word' id='word_1_576' title='bbox 1553 4352 1719 4428; x_wconf 89' lang='lat' dir='ltr'><strong>mala]</strong></span> <span class='ocrx_word' id='word_1_577' title='bbox 1759 4367 1972 4423; x_wconf 90' lang='lat' dir='ltr'><strong>eorum,</strong></span> <span class='ocrx_word' id='word_1_578' title='bbox 2226 4368 2345 4430; x_wconf 82' lang='lat' dir='ltr'><strong>pter</strong></span> <span class='ocrx_word' id='word_1_579' title='bbox 2370 4356 2517 4430; x_wconf 83' lang='lat' dir='ltr'><strong>Baal.</strong></span> 
     </span>
    </p>
   </div>
   <div class='ocr_carea' id='block_1_106' title="bbox 526 4426 3004 4499">
    <p class='ocr_par' dir='ltr' id='par_1_106' title="bbox 526 4426 3004 4499">
     <span class='ocr_line' id='line_1_109' title="bbox 526 4426 3004 4499; baseline -0.002 -14"><span class='ocrx_word' id='word_1_580' title='bbox 526 4431 599 4485; x_wconf 89' lang='lat' dir='ltr'><strong>ait</strong></span> <span class='ocrx_word' id='word_1_581' title='bbox 630 4427 909 4487; x_wconf 83' lang='lat' dir='ltr'><strong>Dominus.</strong></span> <span class='ocrx_word' id='word_1_582' title='bbox 1276 4498 1279 4499; x_wconf 18' lang='grc' dir='ltr'><em>ν</em></span> <span class='ocrx_word' id='word_1_583' title='bbox 1328 4497 1340 4499; x_wconf 25' lang='grc' dir='ltr'><strong>Α</strong></span> <span class='ocrx_word' id='word_1_584' title='bbox 1399 4426 1433 4499; x_wconf 55' lang='grc' dir='ltr'><em>ί</em></span> <span class='ocrx_word' id='word_1_585' title='bbox 1566 4495 1580 4499; x_wconf 30' lang='grc' dir='ltr'><strong>Α</strong></span> <span class='ocrx_word' id='word_1_586' title='bbox 1702 4426 1715 4428; x_wconf 58' lang='grc'><em>’</em></span> <span class='ocrx_word' id='word_1_587' title='bbox 2081 4427 2377 4499; x_wconf 88' lang='lat' dir='ltr'><strong>Propheta,</strong></span> <span class='ocrx_word' id='word_1_588' title='bbox 2402 4428 2490 4493; x_wconf 88' lang='lat' dir='ltr'><strong>qui</strong></span> <span class='ocrx_word' id='word_1_589' title='bbox 2522 4426 2687 4483; x_wconf 88' lang='lat' dir='ltr'><strong>habet</strong></span> <span class='ocrx_word' id='word_1_590' title='bbox 2712 4426 3004 4493; x_wconf 90' lang='lat' dir='ltr'><strong>somnium,</strong></span> 
     </span>
    </p>
   </div>
   <div class='ocr_carea' id='block_1_107' title="bbox 384 4495 2684 4571">
    <p class='ocr_par' dir='ltr' id='par_1_107' title="bbox 384 4495 2684 4571">
     <span class='ocr_line' id='line_1_110' title="bbox 384 4495 2684 4571; baseline -0.003 -12"><span class='ocrx_word' id='word_1_591' title='bbox 384 4501 707 4571; x_wconf 71' lang='lat' dir='ltr'><strong>Idcircovia</strong></span> <span class='ocrx_word' id='word_1_592' title='bbox 740 4514 926 4555; x_wconf 90' lang='lat' dir='ltr'><strong>eorum</strong></span> <span class='ocrx_word' id='word_1_593' title='bbox 953 4500 1058 4555; x_wconf 89' lang='lat' dir='ltr'><strong>erit</strong></span> <span class='ocrx_word' id='word_1_594' title='bbox 1086 4500 1242 4571; x_wconf 84' lang='lat' dir='ltr'><strong>quasi</strong></span> <span class='ocrx_word' id='word_1_595' title='bbox 1268 4497 1539 4556; x_wconf 90' lang='lat' dir='ltr'><strong>lubricum</strong></span> <span class='ocrx_word' id='word_1_596' title='bbox 1565 4495 1619 4553; x_wconf 85' lang='lat' dir='ltr'><strong>in</strong></span> <span class='ocrx_word' id='word_1_597' title='bbox 1644 4499 1904 4568; x_wconf 87' lang='lat' dir='ltr'><strong>tenebris,</strong></span> <span class='ocrx_word' id='word_1_598' title='bbox 2158 4495 2341 4571; x_wconf 79' lang='lat' dir='ltr'><strong>narret</strong></span> <span class='ocrx_word' id='word_1_599' title='bbox 2375 4500 2644 4571; x_wconf 80' lang='lat' dir='ltr'><strong>somnium</strong></span> <span class='ocrx_word' id='word_1_600' title='bbox 2672 4516 2684 4553; x_wconf 89' lang='lat'><strong>:</strong></span> 
     </span>
    </p>
   </div>
   <div class='ocr_carea' id='block_1_108' title="bbox 460 4570 3034 4658">
    <p class='ocr_par' dir='ltr' id='par_1_108' title="bbox 460 4570 3034 4658">
     <span class='ocr_line' id='line_1_111' title="bbox 460 4570 3034 4658; baseline -0.002 -31"><span class='ocrx_word' id='word_1_601' title='bbox 460 4570 811 4658; x_wconf 74' lang='lat' dir='ltr'><strong>impellentur</strong></span> <span class='ocrx_word' id='word_1_602' title='bbox 827 4570 975 4652; x_wconf 78' lang='lat' dir='ltr'><strong>enim</strong></span> <span class='ocrx_word' id='word_1_603' title='bbox 994 4610 1010 4637; x_wconf 93' lang='lat'><strong>,</strong></span> <span class='ocrx_word' id='word_1_604' title='bbox 1108 4570 1115 4571; x_wconf 53' lang='grc'><strong>“</strong></span> <span class='ocrx_word' id='word_1_605' title='bbox 2006 4594 2060 4658; x_wconf 71' lang='lat' dir='ltr'>D</span> <span class='ocrx_word' id='word_1_606' title='bbox 2088 4571 2276 4658; x_wconf 48' lang='lat' dir='ltr'><strong>Et&#39;qui</strong></span> <span class='ocrx_word' id='word_1_607' title='bbox 2310 4570 2474 4658; x_wconf 76' lang='lat' dir='ltr'><strong>liabet</strong></span> <span class='ocrx_word' id='word_1_608' title='bbox 2498 4581 2804 4623; x_wconf 90' lang='lat' dir='ltr'><strong>sermonem</strong></span> <span class='ocrx_word' id='word_1_609' title='bbox 2828 4581 3034 4633; x_wconf 83' lang='lat' dir='ltr'><strong>meum,</strong></span> 
     </span>
    </p>
   </div>
   <div class='ocr_carea' id='block_1_109' title="bbox 464 4642 3154 4712">
    <p class='ocr_par' dir='ltr' id='par_1_109' title="bbox 464 4642 3154 4712">
     <span class='ocr_line' id='line_1_112' title="bbox 464 4642 3154 4712; baseline 0.001 -18"><span class='ocrx_word' id='word_1_610' title='bbox 464 4651 519 4712; x_wconf 85' lang='lat' dir='ltr'><strong>et</strong></span> <span class='ocrx_word' id='word_1_611' title='bbox 546 4649 803 4694; x_wconf 89' lang='lat' dir='ltr'><strong>corruent</strong></span> <span class='ocrx_word' id='word_1_612' title='bbox 827 4642 881 4695; x_wconf 92' lang='lat' dir='ltr'><strong>in</strong></span> <span class='ocrx_word' id='word_1_613' title='bbox 912 4655 973 4696; x_wconf 91' lang='lat' dir='ltr'><strong>ea</strong></span> <span class='ocrx_word' id='word_1_614' title='bbox 999 4657 1014 4697; x_wconf 91' lang='lat'><strong>:</strong></span> <span class='ocrx_word' id='word_1_615' title='bbox 2006 4642 2055 4658; x_wconf 83' lang='lat'><strong><em>&quot;</em></strong></span> <span class='ocrx_word' id='word_1_616' title='bbox 2163 4642 2412 4712; x_wconf 83' lang='lat' dir='ltr'><strong>loquatur</strong></span> <span class='ocrx_word' id='word_1_617' title='bbox 2443 4654 2569 4712; x_wconf 87' lang='lat' dir='ltr'><strong>vero</strong></span> <span class='ocrx_word' id='word_1_618' title='bbox 2593 4654 2901 4712; x_wconf 84' lang='lat' dir='ltr'><strong>sermonem</strong></span> <span class='ocrx_word' id='word_1_619' title='bbox 2934 4653 3113 4712; x_wconf 79' lang='lat' dir='ltr'><strong>meum</strong></span> <span class='ocrx_word' id='word_1_620' title='bbox 3135 4653 3154 4712; x_wconf 64' lang='grc' dir='ltr'><em>ε</em></span> 
     </span>
    </p>
   </div>
   <div class='ocr_carea' id='block_1_110' title="bbox 397 4707 3276 4783">
    <p class='ocr_par' dir='ltr' id='par_1_110' title="bbox 397 4707 3276 4783">
     <span class='ocr_line' id='line_1_113' title="bbox 397 4707 3276 4783; baseline -0.002 -15"><span class='ocrx_word' id='word_1_621' title='bbox 397 4711 630 4768; x_wconf 65' lang='lat' dir='ltr'><strong>Alteram</strong></span> <span class='ocrx_word' id='word_1_622' title='bbox 658 4712 803 4783; x_wconf 87' lang='lat' dir='ltr'><strong>enim</strong></span> <span class='ocrx_word' id='word_1_623' title='bbox 826 4725 990 4783; x_wconf 88' lang='lat' dir='ltr'><strong>super</strong></span> <span class='ocrx_word' id='word_1_624' title='bbox 1014 4726 1109 4770; x_wconf 88' lang='lat' dir='ltr'><strong>eos</strong></span> <span class='ocrx_word' id='word_1_625' title='bbox 1140 4712 1299 4779; x_wconf 84' lang='lat' dir='ltr'><strong>mala,</strong></span> <span class='ocrx_word' id='word_1_626' title='bbox 2090 4707 2419 4783; x_wconf 48' lang='lat' dir='ltr'><strong>Quid-paleis</strong></span> <span class='ocrx_word' id='word_1_627' title='bbox 2445 4711 2512 4765; x_wconf 90' lang='lat' dir='ltr'><strong>ad</strong></span> <span class='ocrx_word' id='word_1_628' title='bbox 2541 4709 2814 4783; x_wconf 83' lang='lat' dir='ltr'><strong>triticum?</strong></span> <span class='ocrx_word' id='word_1_629' title='bbox 2841 4710 2972 4765; x_wconf 92' lang='lat' dir='ltr'><strong>dicit</strong></span> <span class='ocrx_word' id='word_1_630' title='bbox 2998 4707 3276 4783; x_wconf 76' lang='lat' dir='ltr'><strong>Dominus.</strong></span> 
     </span>
    </p>
   </div>
   <div class='ocr_carea' id='block_1_111' title="bbox 469 4774 3686 4853">
    <p class='ocr_par' dir='ltr' id='par_1_111' title="bbox 469 4774 3686 4853">
     <span class='ocr_line' id='line_1_114' title="bbox 469 4774 3686 4853; baseline 0.003 -17"><span class='ocrx_word' id='word_1_631' title='bbox 469 4797 667 4838; x_wconf 92' lang='lat' dir='ltr'><strong>annum</strong></span> <span class='ocrx_word' id='word_1_632' title='bbox 696 4774 1023 4853; x_wconf 79' lang='lat' dir='ltr'><strong>visitationis</strong></span> <span class='ocrx_word' id='word_1_633' title='bbox 1045 4798 1258 4852; x_wconf 90' lang='lat' dir='ltr'><strong>eorum,</strong></span> <span class='ocrx_word' id='word_1_634' title='bbox 1288 4774 1360 4840; x_wconf 85' lang='lat' dir='ltr'><strong>ait</strong></span> <span class='ocrx_word' id='word_1_635' title='bbox 1389 4783 1674 4843; x_wconf 82' lang='lat' dir='ltr'><strong>Dominus.</strong></span> <span class='ocrx_word' id='word_1_636' title='bbox 2091 4774 2361 4852; x_wconf 66' lang='lat' dir='ltr'><strong>Numquid</strong></span> <span class='ocrx_word' id='word_1_637' title='bbox 2392 4798 2499 4837; x_wconf 90' lang='lat' dir='ltr'><strong>non</strong></span> <span class='ocrx_word' id='word_1_638' title='bbox 2531 4780 2694 4836; x_wconf 89' lang='lat' dir='ltr'><strong>verba</strong></span> <span class='ocrx_word' id='word_1_639' title='bbox 2716 4796 2833 4838; x_wconf 91' lang='lat' dir='ltr'><strong>mea</strong></span> <span class='ocrx_word' id='word_1_640' title='bbox 2862 4788 2989 4837; x_wconf 89' lang='lat' dir='ltr'><strong>sunt</strong></span> <span class='ocrx_word' id='word_1_641' title='bbox 3016 4781 3169 4853; x_wconf 90' lang='lat' dir='ltr'><strong>quasi</strong></span> <span class='ocrx_word' id='word_1_642' title='bbox 3200 4779 3367 4851; x_wconf 67' lang='lat' dir='ltr'><strong>ignis.</strong></span> <span class='ocrx_word' id='word_1_643' title='bbox 3397 4776 3475 4835; x_wconf 69' lang='grc' dir='ltr'><strong>αἱῑ</strong></span> <span class='ocrx_word' id='word_1_644' title='bbox 3500 4774 3686 4834; x_wconf 72' lang='grc' dir='ltr'><strong>Ὸοπιί·</strong></span> 
     </span>
    </p>
   </div>
   <div class='ocr_carea' id='block_1_112' title="bbox 402 4852 1660 4924">
    <p class='ocr_par' dir='ltr' id='par_1_112' title="bbox 402 4852 1660 4924">
     <span class='ocr_line' id='line_1_115' title="bbox 402 4852 1660 4924; baseline -0.002 -12"><span class='ocrx_word' id='word_1_645' title='bbox 402 4854 472 4912; x_wconf 83' lang='grc' dir='ltr'><strong>Ει</strong></span> <span class='ocrx_word' id='word_1_646' title='bbox 499 4854 552 4909; x_wconf 85' lang='grc' dir='ltr'><strong>ἰη</strong></span> <span class='ocrx_word' id='word_1_647' title='bbox 585 4852 865 4924; x_wconf 85' lang='lat' dir='ltr'><strong>prophetis</strong></span> <span class='ocrx_word' id='word_1_648' title='bbox 890 4853 1146 4909; x_wconf 73' lang='lat' dir='ltr'><strong>Samaria:</strong></span> <span class='ocrx_word' id='word_1_649' title='bbox 1178 4856 1283 4911; x_wconf 89' lang='lat' dir='ltr'><strong>vidi</strong></span> <span class='ocrx_word' id='word_1_650' title='bbox 1317 4857 1618 4912; x_wconf 84' lang='lat' dir='ltr'><strong>fatuitatem</strong></span> <span class='ocrx_word' id='word_1_651' title='bbox 1648 4873 1660 4910; x_wconf 87' lang='lat'><strong>:</strong></span> 
     </span>
    </p>
   </div>
   <div class='ocr_carea' id='block_1_113' title="bbox 474 4924 1130 4997">
    <p class='ocr_par' dir='ltr' id='par_1_113' title="bbox 474 4924 1130 4997">
     <span class='ocr_line' id='line_1_116' title="bbox 474 4924 1130 4997; baseline -0.003 -17"><span class='ocrx_word' id='word_1_652' title='bbox 474 4926 733 4997; x_wconf 84' lang='lat' dir='ltr'><strong>propheta</strong></span> <span class='ocrx_word' id='word_1_653' title='bbox 744 4925 873 4980; x_wconf 84' lang='lat' dir='ltr'><strong>bant</strong></span> <span class='ocrx_word' id='word_1_654' title='bbox 900 4926 950 4979; x_wconf 93' lang='lat' dir='ltr'><strong>in</strong></span> <span class='ocrx_word' id='word_1_655' title='bbox 985 4924 1130 4991; x_wconf 87' lang='lat' dir='ltr'><strong>Baal,</strong></span> 
     </span>
    </p>
   </div>
   <div class='ocr_carea' id='block_1_114' title="bbox 474 4998 1600 5069">
    <p class='ocr_par' dir='ltr' id='par_1_114' title="bbox 474 4998 1600 5069">
     <span class='ocr_line' id='line_1_117' title="bbox 474 4998 1600 5069; baseline 0.002 -17"><span class='ocrx_word' id='word_1_656' title='bbox 474 5007 531 5053; x_wconf 89' lang='lat' dir='ltr'><strong>et</strong></span> <span class='ocrx_word' id='word_1_657' title='bbox 551 4998 890 5069; x_wconf 88' lang='lat' dir='ltr'><strong>decipiebant</strong></span> <span class='ocrx_word' id='word_1_658' title='bbox 918 4998 1172 5069; x_wconf 87' lang='lat' dir='ltr'><strong>populum</strong></span> <span class='ocrx_word' id='word_1_659' title='bbox 1205 5014 1382 5054; x_wconf 89' lang='lat' dir='ltr'><strong>meum</strong></span> <span class='ocrx_word' id='word_1_660' title='bbox 1409 4998 1600 5055; x_wconf 82' lang='lat' dir='ltr'><strong>Israel.</strong></span> 
     </span>
    </p>
   </div>
   <div class='ocr_carea' id='block_1_115' title="bbox 406 5067 1989 5137">
    <p class='ocr_par' dir='ltr' id='par_1_115' title="bbox 406 5067 1989 5137">
     <span class='ocr_line' id='line_1_118' title="bbox 406 5067 1989 5137; baseline -0.001 -11"><span class='ocrx_word' id='word_1_661' title='bbox 406 5071 473 5127; x_wconf 87' lang='lat' dir='ltr'><strong>Et</strong></span> <span class='ocrx_word' id='word_1_662' title='bbox 510 5071 563 5124; x_wconf 90' lang='lat' dir='ltr'><strong>in</strong></span> <span class='ocrx_word' id='word_1_663' title='bbox 597 5068 875 5137; x_wconf 86' lang='lat' dir='ltr'><strong>prophetis</strong></span> <span class='ocrx_word' id='word_1_664' title='bbox 902 5067 1203 5124; x_wconf 82' lang='lat' dir='ltr'><strong>Jerusalem</strong></span> <span class='ocrx_word' id='word_1_665' title='bbox 1245 5070 1351 5125; x_wconf 90' lang='lat' dir='ltr'><strong>vidi</strong></span> <span class='ocrx_word' id='word_1_666' title='bbox 1384 5068 1797 5126; x_wconf 90' lang='lat' dir='ltr'><strong>similitudinem</strong></span> <span class='ocrx_word' id='word_1_667' title='bbox 1835 5067 1989 5125; x_wconf 84' lang='lat' dir='ltr'><strong>adul-</strong></span> 
     </span>
    </p>
   </div>
   <div class='ocr_carea' id='block_1_116' title="bbox 549 5139 1379 5214">
    <p class='ocr_par' dir='ltr' id='par_1_116' title="bbox 549 5139 1379 5214">
     <span class='ocr_line' id='line_1_119' title="bbox 549 5139 1379 5214; baseline 0 -17"><span class='ocrx_word' id='word_1_668' title='bbox 549 5140 851 5214; x_wconf 11' lang='lat' dir='ltr'><strong>terantiums</strong></span> <span class='ocrx_word' id='word_1_669' title='bbox 870 5139 977 5214; x_wconf 74' lang='grc' dir='ltr'><strong>[ΑΙ.</strong></span> <span class='ocrx_word' id='word_1_670' title='bbox 1008 5141 1379 5214; x_wconf 89' lang='lat' dir='ltr'><strong>adulterium],</strong></span> 
     </span>
    </p>
   </div>
   <div class='ocr_carea' id='block_1_117' title="bbox 483 5212 1004 5270">
    <p class='ocr_par' dir='ltr' id='par_1_117' title="bbox 483 5212 1004 5270">
     <span class='ocr_line' id='line_1_120' title="bbox 483 5212 1004 5270; baseline -0.002 0"><span class='ocrx_word' id='word_1_671' title='bbox 483 5224 539 5270; x_wconf 90' lang='lat' dir='ltr'><strong>et</strong></span> <span class='ocrx_word' id='word_1_672' title='bbox 564 5215 670 5268; x_wconf 89' lang='lat' dir='ltr'><strong>iter</strong></span> <span class='ocrx_word' id='word_1_673' title='bbox 698 5212 962 5268; x_wconf 78' lang='lat' dir='ltr'><strong>mendacii</strong></span> <span class='ocrx_word' id='word_1_674' title='bbox 992 5231 1004 5269; x_wconf 92' lang='lat'><strong>:</strong></span> 
     </span>
    </p>
   </div>
   <div class='ocr_carea' id='block_1_118' title="bbox 412 5284 1576 5356">
    <p class='ocr_par' dir='ltr' id='par_1_118' title="bbox 412 5284 1576 5356">
     <span class='ocr_line' id='line_1_121' title="bbox 412 5284 1576 5356; baseline -0.003 -13"><span class='ocrx_word' id='word_1_675' title='bbox 412 5288 481 5343; x_wconf 83' lang='lat' dir='ltr'><strong>Et</strong></span> <span class='ocrx_word' id='word_1_676' title='bbox 506 5284 951 5341; x_wconf 89' lang='lat' dir='ltr'><strong>confortaverunt</strong></span> <span class='ocrx_word' id='word_1_677' title='bbox 979 5300 1171 5341; x_wconf 92' lang='lat' dir='ltr'><strong>manus</strong></span> <span class='ocrx_word' id='word_1_678' title='bbox 1193 5285 1576 5356; x_wconf 83' lang='lat' dir='ltr'><strong>pessimorum,</strong></span> 
     </span>
    </p>
   </div>
   <div class='ocr_carea' id='block_1_119' title="bbox 2166 4874 3245 4999">
    <p class='ocr_par' dir='ltr' id='par_1_119' title="bbox 2166 4874 3245 4999">
     <span class='ocr_line' id='line_1_122' title="bbox 2255 4877 2267 4912; baseline 0 0"><span class='ocrx_word' id='word_1_679' title='bbox 2255 4877 2267 4912; x_wconf 87' lang='lat' dir='ltr'><strong>I</strong></span> 
     </span>
     <span class='ocr_line' id='line_1_123' title="bbox 2166 4874 3245 4999; baseline -0.01 -11"><span class='ocrx_word' id='word_1_680' title='bbox 2166 4874 2403 4999; x_wconf 52' lang='lat' dir='ltr'><strong>et,q‘lisa,si</strong></span> <span class='ocrx_word' id='word_1_681' title='bbox 2431 4928 2656 4986; x_wconf 91' lang='lat' dir='ltr'><strong>malleus</strong></span> <span class='ocrx_word' id='word_1_682' title='bbox 2682 4936 2973 4985; x_wconf 91' lang='lat' dir='ltr'><strong>conterens</strong></span> <span class='ocrx_word' id='word_1_683' title='bbox 3001 4922 3245 4999; x_wconf 81' lang='lat' dir='ltr'><strong>petram?</strong></span> 
     </span>
    </p>
   </div>
   <div class='ocr_carea' id='block_1_120' title="bbox 2096 4990 3597 5076">
    <p class='ocr_par' dir='ltr' id='par_1_120' title="bbox 2096 4990 3597 5076">
     <span class='ocr_line' id='line_1_124' title="bbox 2096 4990 3597 5076; baseline -0.012 -14"><span class='ocrx_word' id='word_1_684' title='bbox 2096 4990 2390 5076; x_wconf 76' lang='lat' dir='ltr'><strong>Propterea</strong></span> <span class='ocrx_word' id='word_1_685' title='bbox 2421 5016 2548 5057; x_wconf 90' lang='lat' dir='ltr'><strong>ecce</strong></span> <span class='ocrx_word' id='word_1_686' title='bbox 2579 5015 2683 5070; x_wconf 82' lang='lat' dir='ltr'><strong>ego</strong></span> <span class='ocrx_word' id='word_1_687' title='bbox 2703 4999 2778 5076; x_wconf 74' lang='lat' dir='ltr'><strong>ad</strong></span> <span class='ocrx_word' id='word_1_688' title='bbox 2811 4990 3123 5069; x_wconf 80' lang='lat' dir='ltr'><strong>prophetas,</strong></span> <span class='ocrx_word' id='word_1_689' title='bbox 3149 4996 3225 5076; x_wconf 78' lang='lat' dir='ltr'><strong>ait</strong></span> <span class='ocrx_word' id='word_1_690' title='bbox 3247 4990 3529 5055; x_wconf 85' lang='lat' dir='ltr'><strong>Dominus,</strong></span> <span class='ocrx_word' id='word_1_691' title='bbox 3585 5060 3597 5076; x_wconf 44' lang='lat'><em>.</em></span> 
     </span>
    </p>
   </div>
   <div class='ocr_carea' id='block_1_121' title="bbox 2171 5069 3696 5147">
    <p class='ocr_par' dir='ltr' id='par_1_121' title="bbox 2171 5069 3696 5147">
     <span class='ocr_line' id='line_1_125' title="bbox 2171 5069 3696 5147; baseline -0.01 -17"><span class='ocrx_word' id='word_1_692' title='bbox 2171 5069 2263 5147; x_wconf 83' lang='lat' dir='ltr'><strong>qui</strong></span> <span class='ocrx_word' id='word_1_693' title='bbox 2308 5074 2556 5129; x_wconf 90' lang='lat' dir='ltr'><strong>furantur</strong></span> <span class='ocrx_word' id='word_1_694' title='bbox 2603 5069 2766 5127; x_wconf 85' lang='lat' dir='ltr'><strong>verba</strong></span> <span class='ocrx_word' id='word_1_695' title='bbox 2821 5086 2936 5127; x_wconf 90' lang='lat' dir='ltr'><strong>mea</strong></span> <span class='ocrx_word' id='word_1_696' title='bbox 2977 5069 3347 5141; x_wconf 88' lang='lat' dir='ltr'><strong>unusquisuue</strong></span> <span class='ocrx_word' id='word_1_697' title='bbox 3384 5078 3414 5121; x_wconf 83' lang='lat' dir='ltr'><strong>a</strong></span> <span class='ocrx_word' id='word_1_698' title='bbox 3445 5069 3696 5134; x_wconf 85' lang='lat' dir='ltr'><strong>proximo</strong></span> 
     </span>
    </p>
   </div>
   <div class='ocr_carea' id='block_1_122' title="bbox 2102 5161 3230 5287">
    <p class='ocr_par' dir='ltr' id='par_1_122' title="bbox 2102 5161 3230 5287">
     <span class='ocr_line' id='line_1_126' title="bbox 2102 5161 3230 5287; baseline -0.006 -13"><span class='ocrx_word' id='word_1_699' title='bbox 2102 5161 2373 5284; x_wconf 57' lang='lat' dir='ltr'><strong>Ecces&#39;ego</strong></span> <span class='ocrx_word' id='word_1_700' title='bbox 2403 5217 2468 5271; x_wconf 91' lang='lat' dir='ltr'><strong>ad</strong></span> <span class='ocrx_word' id='word_1_701' title='bbox 2500 5215 2817 5287; x_wconf 86' lang='lat' dir='ltr'><strong>prophetas,</strong></span> <span class='ocrx_word' id='word_1_702' title='bbox 2848 5215 2925 5270; x_wconf 90' lang='lat' dir='ltr'><strong>ait</strong></span> <span class='ocrx_word' id='word_1_703' title='bbox 2952 5213 3230 5287; x_wconf 86' lang='lat' dir='ltr'><strong>Dominus,</strong></span> 
     </span>
    </p>
   </div>
   <div class='ocr_carea' id='block_1_123' title="bbox 2177 5272 3703 5359">
    <p class='ocr_par' dir='ltr' id='par_1_123' title="bbox 2177 5272 3703 5359">
     <span class='ocr_line' id='line_1_127' title="bbox 2177 5272 3703 5359; baseline -0.009 -17"><span class='ocrx_word' id='word_1_704' title='bbox 2177 5290 2268 5359; x_wconf 90' lang='lat' dir='ltr'><strong>qui</strong></span> <span class='ocrx_word' id='word_1_705' title='bbox 2294 5272 2577 5344; x_wconf 68' lang='lat' dir='ltr'><strong>assumunt</strong></span> <span class='ocrx_word' id='word_1_706' title='bbox 2606 5272 2816 5358; x_wconf 76' lang='lat' dir='ltr'><strong>linguas</strong></span> <span class='ocrx_word' id='word_1_707' title='bbox 2846 5301 2996 5352; x_wconf 86' lang='lat' dir='ltr'><strong>suas,</strong></span> <span class='ocrx_word' id='word_1_708' title='bbox 3029 5294 3084 5341; x_wconf 89' lang='lat' dir='ltr'><strong>et</strong></span> <span class='ocrx_word' id='word_1_709' title='bbox 3112 5272 3299 5339; x_wconf 82' lang='lat' dir='ltr'><strong>aiunt:</strong></span> <span class='ocrx_word' id='word_1_710' title='bbox 3333 5277 3478 5336; x_wconf 85' lang='lat' dir='ltr'><strong>Dicit</strong></span> <span class='ocrx_word' id='word_1_711' title='bbox 3514 5272 3703 5345; x_wconf 84' lang='lat' dir='ltr'><strong>Domi-</strong></span> 
     </span>
    </p>
   </div>
   <div class='ocr_carea' id='block_1_124' title="bbox 487 5355 3681 5430">
    <p class='ocr_par' dir='ltr' id='par_1_124' title="bbox 487 5355 3681 5430">
     <span class='ocr_line' id='line_1_128' title="bbox 487 5355 3681 5430; baseline 0.002 -18"><span class='ocrx_word' id='word_1_712' title='bbox 487 5368 548 5412; x_wconf 92' lang='lat' dir='ltr'><strong>ut</strong></span> <span class='ocrx_word' id='word_1_713' title='bbox 592 5372 701 5412; x_wconf 91' lang='lat' dir='ltr'><strong>non</strong></span> <span class='ocrx_word' id='word_1_714' title='bbox 731 5366 1141 5430; x_wconf 70' lang='lat' dir='ltr'><strong>Converterelur</strong></span> <span class='ocrx_word' id='word_1_715' title='bbox 1170 5355 1542 5430; x_wconf 89' lang='lat' dir='ltr'><strong>unusquisque</strong></span> <span class='ocrx_word' id='word_1_716' title='bbox 1572 5373 1602 5412; x_wconf 91' lang='lat' dir='ltr'><strong>a</strong></span> <span class='ocrx_word' id='word_1_717' title='bbox 1632 5355 1840 5412; x_wconf 87' lang='lat' dir='ltr'><strong>malitia</strong></span> <span class='ocrx_word' id='word_1_718' title='bbox 1863 5372 1959 5414; x_wconf 88' lang='lat' dir='ltr'><strong>sua</strong></span> <span class='ocrx_word' id='word_1_719' title='bbox 1984 5374 1996 5411; x_wconf 92' lang='lat'><strong>:</strong></span> <span class='ocrx_word' id='word_1_720' title='bbox 2197 5355 2209 5359; x_wconf 67' lang='grc'>⁷</span> <span class='ocrx_word' id='word_1_721' title='bbox 2252 5377 2374 5417; x_wconf 90' lang='lat' dir='ltr'><strong>nus.</strong></span> <span class='ocrx_word' id='word_1_722' title='bbox 2688 5355 2704 5358; x_wconf 54' lang='grc'>⁷</span> <span class='ocrx_word' id='word_1_723' title='bbox 3011 5428 3018 5430; x_wconf 19' lang='grc' dir='ltr'><em>Α</em></span> <span class='ocrx_word' id='word_1_724' title='bbox 3368 5424 3382 5430; x_wconf 91' lang='lat'>_</span> <span class='ocrx_word' id='word_1_725' title='bbox 3456 5422 3470 5430; x_wconf 88' lang='lat'>_</span> <span class='ocrx_word' id='word_1_726' title='bbox 3666 5416 3681 5430; x_wconf 80' lang='grc'>,</span> 
     </span>
    </p>
   </div>
   <div class='ocr_carea' id='block_1_125' title="bbox 415 5422 3709 5503">
    <p class='ocr_par' dir='ltr' id='par_1_125' title="bbox 415 5422 3709 5503">
     <span class='ocr_line' id='line_1_129' title="bbox 415 5422 3709 5503; baseline -0.003 -16"><span class='ocrx_word' id='word_1_727' title='bbox 415 5429 718 5503; x_wconf 16' lang='grc' dir='ltr'><strong>Ἐθοιίίειξηι</strong></span> <span class='ocrx_word' id='word_1_728' title='bbox 746 5428 875 5482; x_wconf 88' lang='lat' dir='ltr'><strong>mihi</strong></span> <span class='ocrx_word' id='word_1_729' title='bbox 902 5442 1093 5503; x_wconf 85' lang='lat' dir='ltr'><strong>omnes</strong></span> <span class='ocrx_word' id='word_1_730' title='bbox 1121 5438 1147 5466; x_wconf 75' lang='grc' dir='ltr'>ιι</span> <span class='ocrx_word' id='word_1_731' title='bbox 1172 5422 1430 5503; x_wconf 72' lang='lat' dir='ltr'><strong>Sodoma,</strong></span> <span class='ocrx_word' id='word_1_732' title='bbox 1454 5422 1468 5429; x_wconf 68' lang='grc'>⁷</span> <span class='ocrx_word' id='word_1_733' title='bbox 1501 5499 1513 5503; x_wconf 29' lang='grc' dir='ltr'><strong>Α</strong></span> <span class='ocrx_word' id='word_1_734' title='bbox 2112 5431 2257 5489; x_wconf 89' lang='lat' dir='ltr'><strong>Ecce</strong></span> <span class='ocrx_word' id='word_1_735' title='bbox 2282 5448 2382 5501; x_wconf 81' lang='lat' dir='ltr'><strong>ego</strong></span> <span class='ocrx_word' id='word_1_736' title='bbox 2418 5432 2485 5486; x_wconf 88' lang='lat' dir='ltr'><strong>ad</strong></span> <span class='ocrx_word' id='word_1_737' title='bbox 2524 5430 2813 5503; x_wconf 87' lang='lat' dir='ltr'><strong>prophetas</strong></span> <span class='ocrx_word' id='word_1_738' title='bbox 2849 5428 3185 5485; x_wconf 87' lang='lat' dir='ltr'><strong>somniantes</strong></span> <span class='ocrx_word' id='word_1_739' title='bbox 3222 5422 3596 5487; x_wconf 88' lang='lat' dir='ltr'><strong>mendacium,</strong></span> <span class='ocrx_word' id='word_1_740' title='bbox 3632 5422 3709 5473; x_wconf 83' lang='lat' dir='ltr'><strong>ait</strong></span> 
     </span>
    </p>
   </div>
   <div class='ocr_carea' id='block_1_126' title="bbox 490 5499 2540 5571">
    <p class='ocr_par' dir='ltr' id='par_1_126' title="bbox 490 5499 2540 5571">
     <span class='ocr_line' id='line_1_130' title="bbox 490 5499 2540 5571; baseline 0 -15"><span class='ocrx_word' id='word_1_741' title='bbox 490 5511 545 5556; x_wconf 90' lang='lat' dir='ltr'><strong>et</strong></span> <span class='ocrx_word' id='word_1_742' title='bbox 571 5500 909 5556; x_wconf 88' lang='lat' dir='ltr'><strong>habitatores</strong></span> <span class='ocrx_word' id='word_1_743' title='bbox 938 5500 1056 5571; x_wconf 88' lang='lat' dir='ltr'><strong>ejus</strong></span> <span class='ocrx_word' id='word_1_744' title='bbox 1083 5502 1235 5568; x_wconf 89' lang='lat' dir='ltr'><strong>quasi</strong></span> <span class='ocrx_word' id='word_1_745' title='bbox 1265 5499 1614 5555; x_wconf 81' lang='lat' dir='ltr'><strong>Gomorrha.‘</strong></span> <span class='ocrx_word' id='word_1_746' title='bbox 2232 5554 2237 5557; x_wconf 75' lang='grc'>,</span> <span class='ocrx_word' id='word_1_747' title='bbox 2262 5499 2540 5570; x_wconf 75' lang='lat' dir='ltr'><strong>Dominus,</strong></span> 
     </span>
    </p>
   </div>
   <div class='ocr_carea' id='block_1_127' title="bbox 420 5571 2014 5645">
    <p class='ocr_par' dir='ltr' id='par_1_127' title="bbox 420 5571 2014 5645">
     <span class='ocr_line' id='line_1_131' title="bbox 420 5571 2014 5645; baseline 0.001 -16"><span class='ocrx_word' id='word_1_748' title='bbox 420 5572 714 5645; x_wconf 88' lang='lat' dir='ltr'><strong>Propterea</strong></span> <span class='ocrx_word' id='word_1_749' title='bbox 764 5572 883 5627; x_wconf 81' lang='lat' dir='ltr'><strong>haec</strong></span> <span class='ocrx_word' id='word_1_750' title='bbox 916 5572 1050 5627; x_wconf 92' lang='lat' dir='ltr'><strong>dicit</strong></span> <span class='ocrx_word' id='word_1_751' title='bbox 1096 5571 1358 5628; x_wconf 89' lang='lat' dir='ltr'><strong>Dominus</strong></span> <span class='ocrx_word' id='word_1_752' title='bbox 1394 5574 1735 5629; x_wconf 84' lang='lat' dir='ltr'><strong>exercituum</strong></span> <span class='ocrx_word' id='word_1_753' title='bbox 1773 5573 1840 5629; x_wconf 87' lang='lat' dir='ltr'><strong>ad</strong></span> <span class='ocrx_word' id='word_1_754' title='bbox 1887 5587 2014 5645; x_wconf 88' lang='lat' dir='ltr'><strong>pro-</strong></span> 
     </span>
    </p>
   </div>
   <div class='ocr_carea' id='block_1_128' title="bbox 605 5569 3249 5699">
    <p class='ocr_par' dir='ltr' id='par_1_128' title="bbox 605 5569 3249 5699">
     <span class='ocr_line' id='line_1_132' title="bbox 605 5569 3249 5645; baseline 0.002 -20"><span class='ocrx_word' id='word_1_755' title='bbox 605 5588 714 5626; x_wconf 74' lang='lat' dir='ltr'><strong>:rea</strong></span> <span class='ocrx_word' id='word_1_756' title='bbox 764 5572 883 5627; x_wconf 81' lang='lat' dir='ltr'><strong>haec</strong></span> <span class='ocrx_word' id='word_1_757' title='bbox 916 5569 1050 5627; x_wconf 84' lang='lat' dir='ltr'><strong>dicit</strong></span> <span class='ocrx_word' id='word_1_758' title='bbox 1096 5571 1358 5628; x_wconf 89' lang='lat' dir='ltr'><strong>Dominus</strong></span> <span class='ocrx_word' id='word_1_759' title='bbox 1394 5574 1735 5629; x_wconf 84' lang='lat' dir='ltr'><strong>exercituum</strong></span> <span class='ocrx_word' id='word_1_760' title='bbox 1773 5573 1840 5629; x_wconf 87' lang='lat' dir='ltr'><strong>ad</strong></span> <span class='ocrx_word' id='word_1_761' title='bbox 1887 5587 2014 5645; x_wconf 89' lang='lat' dir='ltr'><strong>pro—</strong></span> <span class='ocrx_word' id='word_1_762' title='bbox 2189 5574 2660 5643; x_wconf 86' lang='lat' dir='ltr'><strong>qninarraverunt</strong></span> <span class='ocrx_word' id='word_1_763' title='bbox 2690 5574 2796 5645; x_wconf 79' lang='grc' dir='ltr'><strong>[ΑΙ.</strong></span> <span class='ocrx_word' id='word_1_764' title='bbox 2834 5569 3077 5643; x_wconf 87' lang='lat' dir='ltr'><strong>narrant]</strong></span> <span class='ocrx_word' id='word_1_765' title='bbox 3107 5584 3249 5630; x_wconf 87' lang='lat' dir='ltr'><strong>eam.</strong></span> 
     </span>
     <span class='ocr_line' id='line_1_133' title="bbox 605 5644 3249 5699; baseline -0.001 -1"><span class='ocrx_word' id='word_1_766' title='bbox 605 5644 797 5699; x_wconf 82' lang='lat' dir='ltr'><strong>betas:</strong></span> <span class='ocrx_word' id='word_1_767' title='bbox 2194 5653 2253 5699; x_wconf 88' lang='lat' dir='ltr'><strong>et</strong></span> <span class='ocrx_word' id='word_1_768' title='bbox 2284 5645 2619 5699; x_wconf 85' lang='lat' dir='ltr'><strong>seduxerunt</strong></span> <span class='ocrx_word' id='word_1_769' title='bbox 2663 5647 2770 5699; x_wconf 79' lang='grc' dir='ltr'><strong>[ΑΙ.</strong></span> <span class='ocrx_word' id='word_1_770' title='bbox 2813 5646 3080 5699; x_wconf 89' lang='lat' dir='ltr'><strong>seducunt</strong></span> <span class='ocrx_word' id='word_1_771' title='bbox 3120 5657 3249 5699; x_wconf 80' lang='lat' dir='ltr'><strong>Dom</strong></span> 
     </span>
    </p>
   </div>
   <div class='ocr_carea' id='block_1_129' title="bbox 566 5659 797 5714">
    <p class='ocr_par' dir='ltr' id='par_1_129' title="bbox 566 5659 797 5714">
     <span class='ocr_line' id='line_1_134' title="bbox 566 5659 797 5714; baseline 0.009 -17"><span class='ocrx_word' id='word_1_772' title='bbox 566 5659 797 5714; x_wconf 79' lang='lat' dir='ltr'><strong>poetas:</strong></span> 
     </span>
    </p>
   </div>
   <div class='ocr_carea' id='block_1_130' title="bbox 2194 5631 3714 5719">
    <p class='ocr_par' dir='ltr' id='par_1_130' title="bbox 2194 5631 3714 5719">
     <span class='ocr_line' id='line_1_135' title="bbox 2194 5631 3714 5719; baseline -0.011 -18"><span class='ocrx_word' id='word_1_773' title='bbox 2194 5631 2253 5701; x_wconf 77' lang='lat' dir='ltr'><strong>et</strong></span> <span class='ocrx_word' id='word_1_774' title='bbox 2284 5645 2619 5703; x_wconf 86' lang='lat' dir='ltr'><strong>seduxerunt</strong></span> <span class='ocrx_word' id='word_1_775' title='bbox 2663 5631 2770 5719; x_wconf 70' lang='grc' dir='ltr'><strong>[Άι.</strong></span> <span class='ocrx_word' id='word_1_776' title='bbox 2813 5631 3080 5700; x_wconf 73' lang='lat' dir='ltr'><strong>seducunt</strong></span> <span class='ocrx_word' id='word_1_777' title='bbox 3120 5640 3380 5713; x_wconf 86' lang='lat' dir='ltr'><strong>populum</strong></span> <span class='ocrx_word' id='word_1_778' title='bbox 3430 5647 3611 5692; x_wconf 87' lang='lat' dir='ltr'><strong>meum</strong></span> <span class='ocrx_word' id='word_1_779' title='bbox 3660 5631 3714 5686; x_wconf 88' lang='lat' dir='ltr'><strong>in</strong></span> 
     </span>
    </p>
   </div>
   <div class='ocr_carea' id='block_1_131' title="bbox 430 5768 3727 5927">
    <p class='ocr_par' dir='ltr' id='par_1_131' title="bbox 430 5768 3727 5927">
     <span class='ocr_line' id='line_1_136' title="bbox 430 5768 3727 5927; baseline -0.004 -89"><span class='ocrx_word' id='word_1_780' title='bbox 430 5779 870 5927; x_wconf 45' lang='grc' dir='ltr'><strong>ᾳυέαῗὲρὲξὲἓω</strong></span> <span class='ocrx_word' id='word_1_781' title='bbox 901 5781 1149 5840; x_wconf 89' lang='lat' dir='ltr'><strong>voculam</strong></span> <span class='ocrx_word' id='word_1_782' title='bbox 1175 5824 1192 5853; x_wconf 93' lang='lat'><strong>,</strong></span> <span class='ocrx_word' id='word_1_783' title='bbox 1249 5789 1339 5838; x_wconf 89' lang='lat' dir='ltr'><strong>aut</strong></span> <span class='ocrx_word' id='word_1_784' title='bbox 1386 5781 1573 5854; x_wconf 76' lang='lat' dir='ltr'><strong>quasi,</strong></span> <span class='ocrx_word' id='word_1_785' title='bbox 1635 5778 2090 5852; x_wconf 86' lang='lat' dir='ltr'><strong>quemadmodum</strong></span> <span class='ocrx_word' id='word_1_786' title='bbox 2136 5779 2254 5852; x_wconf 85' lang='lat' dir='ltr'><strong>ipse</strong></span> <span class='ocrx_word' id='word_1_787' title='bbox 2302 5780 2465 5842; x_wconf 84' lang='lat' dir='ltr'><strong>habet</strong></span> <span class='ocrx_word' id='word_1_788' title='bbox 2533 5782 2587 5838; x_wconf 91' lang='lat' dir='ltr'><strong>in</strong></span> <span class='ocrx_word' id='word_1_789' title='bbox 2652 5778 3059 5839; x_wconf 88' lang='lat' dir='ltr'><strong>Commentario</strong></span> <span class='ocrx_word' id='word_1_790' title='bbox 3112 5775 3173 5835; x_wconf 91' lang='lat' dir='ltr'><strong>S.</strong></span> <span class='ocrx_word' id='word_1_791' title='bbox 3228 5774 3406 5832; x_wconf 86' lang='lat' dir='ltr'><strong>Pater.</strong></span> <span class='ocrx_word' id='word_1_792' title='bbox 3463 5768 3727 5827; x_wconf 68' lang='lat' dir='ltr'><strong>Hebraeus</strong></span> 
     </span>
     <span class='ocr_line' id='line_1_137' title="bbox 652 5892 1796 5927; baseline -0.003 -6"><span class='ocrx_word' id='word_1_793' title='bbox 652 5894 666 5921; x_wconf 74' lang='grc'><strong>9</strong></span> <span class='ocrx_word' id='word_1_794' title='bbox 835 5892 849 5907; x_wconf 88' lang='lat'><strong>-</strong></span> <span class='ocrx_word' id='word_1_795' title='bbox 1240 5926 1243 5927; x_wconf 22' lang='grc' dir='ltr'><em>ν</em></span> <span class='ocrx_word' id='word_1_796' title='bbox 1782 5906 1796 5927; x_wconf 71' lang='lat'><strong>,</strong></span> 
     </span>
    </p>
   </div>
   <div class='ocr_carea' id='block_1_132' title="bbox 652 5892 849 5921">
    <p class='ocr_par' dir='ltr' id='par_1_132' title="bbox 652 5892 849 5921">
     <span class='ocr_line' id='line_1_138' title="bbox 652 5892 849 5921; baseline -0.005 -6"><span class='ocrx_word' id='word_1_797' title='bbox 652 5894 666 5921; x_wconf 61' lang='grc' dir='ltr'>θ</span> <span class='ocrx_word' id='word_1_798' title='bbox 690 5892 727 5916; x_wconf 69' lang='grc' dir='ltr'><em>υ</em></span> <span class='ocrx_word' id='word_1_799' title='bbox 743 5892 849 5920; x_wconf 55' lang='grc' dir='ltr'><strong>Ιυυο</strong></span> 
     </span>
    </p>
   </div>
  </div>
