4114 6364
456 231 566 292 887

463 350 618 408 Dabo
638 350 860 410 domum
882 344 1378 424 istantsiQUlSiIO:
1453 412 1468 424 ,
1523 412 1559 424 .,
1602 412 1634 424 ,.
1996 412 2025 424 κ.

540 432 596 480 et
639 425 828 479 urbem
881 421 1022 476 hanc
1071 419 1212 475 dabo
1260 417 1315 474 in
1364 412 1800 470 maledictionem
1850 412 2058 470 eunetis

611 495 864 566 gentibus
890 501 1072 566 terrae.

465 564 538 623 Et
567 555 857 622 audierunt
887 561 1226 627 sacerdotes,
1253 566 1307 613 et
1335 555 1613 630 prophetae
1631 602 1644 626 ,
1670 562 1730 630 et
1753 555 1932 630 omnis
1958 569 2060 625 po-

649 638 791 704 ulus,
821 634 1112 692 Jeremiam
1143 627 1453 702 loquentem
1476 629 1640 685 verba
1666 629 1780 684 haec
1805 630 1868 683 in
1894 627 2061 683 domo

655 709 841 764 omini.

467 780 719 851 Cumque
747 772 1374 851 complesset_.leremias
1398 818 1414 843 ,
1453 773 1688 851 loquens
1726 771 1908 851 omnia
1940 784 2061 851 qua:

609 841 946 921 praeceperat
974 847 1024 921 ei
1065 845 1326 901 Dominus
1351 890 1365 914 ,
1401 841 1470 900 'ut
1498 841 1813 915 ldqueretur
1838 841 1906 897 ad
1936 843 2062 900 uni-

608 919 827 978 versum
858 919 1144 990 populum,

543 983 1023 1064 appreltenderunt
1049 983 1188 1064 eum
1214 986 1556 1056 sacerdotes,
1587 995 1643 1043 et
1670 983 1952 1057 prophetae
1972 1025 1989 1052 ,

537 1058 595 1122 et
618 1058 798 1119 omnis
827 1061 1093 1134 pepulus,
1136 1058 1324 1134 dicens
1360 1077 1372 1134 :_

468 1135 644 1192 Morte
671 1129 934 1190 morietur
959 1132 1069 1204 [ΑΙ.
1101 1129 1405 1204 moriatur].

540 1206 720 1276 Quare
749 1197 1094 1276 propheiavit
1119 1203 1174 1276 in
1200 1197 1420 1257 nomine
1446 1198 1686 1266 Domini,
1720 1197 1907 1254 dicens
1938 1211 1955 1253 :

467 1273 624 1334 Sicut
651 1273 768 1333 Silo
796 1273 902 1332 erit
932 1275 1127 1330 domus
1158 1273 1275 1327 haec
1301 1291 1314 1327 :

538 1357 596 1405 et
635 1347 910 1473 urbsyista
957 1345 1314 1412 desolabitur,
1356 1358 1423 1400 eo
1461 1342 1607 1414 quod
1644 1355 1750 1398 non
1797 1341 1872 1397 sit
1912 1339 2069 1398 habi-

615 1427 666 1473 ta
694 1435 756 1473 Ol‘

615 1426 756 1475 tator

1468 225 1530 284 S.
1569 220 1958 282 HIERONYMI
1995 220 2230 281 DIVINA
2267 215 2743 279 BlBLlO'l‘HECA.

2080 343 2135 402 A
2162 339 2432 425 Elnathan
2466 338 2636 396 tilium
2667 335 2948 404 Acbobor,
2981 341 3039 391 et
3065 335 3214 393 viros
3240 349 3362 394 cum
3393 348 3461 393 eo
3491 332 3550 391 in
3577 331 3772 425 [Egy-

2166 1123 2316 1198 [Cap.
2347 1125 2560 1198 xxvn.

3649 213 3761 273 888

2305 422 2476 480 ptum.

2163 483 2229 540 Et
2256 478 2562 540 eduxerunt
2590 480 2778 538 Uriam
2809 479 2875 535 de
2904 478 3144 551 Egypto
3169 494 3182 533 :

2233 565 2290 611 et
2320 557 2660 611 adduxerunt
2688 567 2812 608 eum
2843 552 2909 606 ad
2940 549 3128 624 regem
3156 549 3389 617 .loacim,

2199 650 2214 655 ·
2235 637 2290 683 et
2316 628 2584 697 percussit
2609 640 2730 697 eum
2755 624 2934 697 gladio
2959 640 2973 677 :

2233 707 2289 754 et
2309 691 2563 782 :projecit
2602 691 2839 751 cadaver
2877 695 2998 765 ejus
3029 694 3084 750 in
3118 692 3390 766 sepulcris
3419 691 3571 765 vulgi
3611 691 3778 764 igno-

2232 769 2539 912 lgiiuiisikl.
2577 836 2988 912 Verumtamen]
3033 851 3228 892 manus
3267 835 3497 892 Ahicam
3526 834 3625 891 filii
3669 835 3779 894 Sa-

2303 909 2448 982 phan
2479 911 2581 982 fuit
2611 926 2734 966 cum
2763 909 3002 966 Jeremia
3031 925 3048 964 :

2236 977 2438 1052 utfnon
2467 981 2776 1038 traderetur
2805 982 2857 1036 in
2889 995 3081 1036 manus
3113 979 3340 1052 populi,
3386 987 3444 1035 et
3491 977 3780 1035 interﬁceo

2310 1064 2687 1252 Τῗξὶδὲιῖῐη
2728 1122 2995 1195 principio
3031 1123 3182 1196 regni
3221 1120 3428 1178 Joacim
3470 1120 3566 1177 ﬁlii
3605 1119 3782 1177 Josiae

2311 1213 2456 1252 regis
2522 1214 2551 1250 11
2593 1212 2654 1252 a.

2240 1213 2456 1396 fathitgms
2471 1197 2806 1326 e's'idserbum
2836 1266 2986 1323 istud
3019 1265 3086 1322 ad
3115 1265 3410 1323 Jeremiam
3441 1279 3473 1320 a
3501 1261 3733 1320 Domino
3758 1301 3780 1331 ,

2350 1355 2500 1396 tcens
2531 1355 2545 1395 ζ

2350 1355 2500 1396 tcens
2531 1355 2545 1395 2

2168 1409 2298 1466 Haec
2321 1411 2455 1468 dicit
2480 1411 2741 1466 Dominus
2770 1410 2838 1466 ad
2870 1424 2957 1465 me
2987 1427 3003 1468 :

466 1487 541 1545 Et
559 1472 914 1560 congregatus
937 1495 1021 1544 est
1040 1486 1223 1560 omnis
1242 1484 1473 1558 populus
1494 1484 1754 1542 adversus
1774 1472 2067 1540 Jeremiam
2169 1481 2281 1538 Fac
2311 1483 2406 1538 tibi
2431 1483 2656 1560 vincula
2680 1490 2736 1537 et
2765 1490 2984 1560 catenas
3013 1499 3028 1536 :

614 1559 679 1615 in
697 1559 860 1616 domo
895 1559 1131 1616 Domini.

466 1629 537 1686 Et
565 1631 856 1687 audierunt
885 1632 1161 1701 principes
1182 1629 1322 1685 Juda
1348 1627 1517 1701 verba
1544 1628 1662 1701 haec
1691 1646 1704 1680 :

543 1710 601 1759 et
629 1695 993 1759 ascenderunt
1022 1695 1092 1757 de
1116 1701 1278 1756 domo
1312 1699 1456 1770 regis
1488 1699 1541 1754 in
1572 1699 1792 1770 domum
1821 1695 2062 1770 Domini,

540 1783 596 1830 et
621 1775 880 1830 sederunt
913 1775 966 1828 in
1003 1774 1226 1828 introitu
1259 1767 1430 1842 portae
1459 1770 1651 1826 domus
1683 1769 1796 1841 [AL
1835 1777 1934 1824 tac.
1966 1767 2066 1824 do-

468 1844 516 1916 ;
575 1915 585 1916 ί
617 1844 760 1916 mus]
786 1845 1000 1900 Domini
1028 1858 1204 1916 novae.

473 1913 547 1971 Et
573 1909 900 1970 locuti'sunt
927 1914 1241 1971 sacerdotes
1271 1923 1327 1969 et
1355 1911 1640 1984 prephetae
1670 1910 1738 1966 ad
1766 1909 2066 1982 principes,

544 1994 602 2042 et
624 1987 693 2042 ad
721 2001 937 2042 omnem
963 1986 1256 2057 populum,
1290 1984 1532 2040 dicentes
1565 2001 1577 2036 :

475 2054 747 2113 Judicium
775 2054 1077 2112 mortis—est
1100 2057 1218 2110 viro
1245 2056 1373 2110 huic
1405 2071 1421 2110 :

548 2129 675 2198 quia
706 2127 1050 2198 prophetavit
1076 2126 1340 2198 adversus
1359 2126 1631 2198 civitatem
1663 2124 1842 2192 istam,

546 2197 688 2254 sicut
717 2198 945 2253 audistis
971 2197 1190 2252 auribus
1220 2197 1438 2253 vestris.

478 2271 551 2329 Et
573 2269 649 2325 ait
677 2267 943 2324 Jeremias
972 2268 1042 2324 ad
1062 2282 1254 2324 omnes
1283 2267 1582 2338 principes,

549 2348 606 2397 et
621 2341 702 2412 ad
731 2339 1047 2412 universum
1074 2337 1360 2412 p0puluiu,
1390 2337 1578 2412 dicens
1607 2355 1620 2389 :

477 2410 743 2470 Dominus
789 2411 938 2465 misit
989 2406 1246 2474 me’fut
1302 2409 1687 2479 prophetarem
1726 2406 1794 2464 ad
1848 2407 2072 2464 domum

619 2481 801 2546 istam,
833 2491 889 2536 et
915 2480 984 2535 ad
1015 2481 1287 2536 civitatem
1312 2479 1476 2546 hanc,

549 2553 733 2609 omnia
761 2551 927 2606 verba
950 2567 1070 2620 quae
1097 2551 1344 2606 audistis.

477 2625 633 2682 Nunc
653 2637 784 2691 ergo
811 2622 982 2679 bonas
1009 2621 1169 2678 facile
1190 2623 1306 2677 vias
1326 2629 1560 2688 vestras,
1584 2628 1642 2676 et
1662 2620 1841 2677 studia
1866 2629 2072 2690 vestra,

549 2705 607 2753 et
635 2694 821 2754 audite
849 2707 1041 2748 vocem
1070 2693 1281 2748 Domini
1313 2693 1411 2749 Dei
1441 2693 1607 2748 vestri
1639 2709 1654 2745 :

547 2773 606 2824 et
626 2765 914 2836 plenitebit
942 2764 1228 2820 Dominum
1260 2765 1413 2831 mali,
1442 2763 1589 2834 quod
1615 2763 1831 2820 locutus
1861 2772 1950 2820 est
1975 2761 2074 2819 ad-

623 2850 842 2891 versum
866 2851 986 2890 VOS.

477 2907 599 2980 Ego
624 2914 961 2980 autemecce
985 2904 1318 2980 inmanibus
1338 2904 1537 2960 vestris
1563 2921 1680 2961 sum
1709 2923 1723 2960 :

553 2974 888 3057 facitegmihi
923 2974 1071 3047 quod
1111 2975 1311 3032 bonum
1344 2985 1400 3032 et
1429 2986 1638 3033 rectum
1687 2985 1772 3034 est
1803 2976 1859 3034 in
1903 2977 2078 3034 oculis

625 3054 824 3104 vestris
849 3064 862 3100 :

479 3117 870 3190 Verumtamen
900 3117 1096 3190 scitote
1112 3125 1180 3190 et
1203 3117 1534 3190 cognoscite,

555 3189 701 3260 quod
730 3189 816 3261 _si7
841 3187 1153 3245 occideritis
1193 3187 1312 3257 me',
1363 3190 1684 3261 sanguinem
1726 3190 2076 3249 innocentem

627 3258 852 3316 tradetis
877 3268 1068 3332 contra
1094 3258 1477 3332 vosmetipsos,

552 3339 610 3390 et
635 3340 828 3404 contra
859 3331 1132 3404 civitatem
1161 3330 1352 3404 istam,
1383 3340 1442 3404 et
1464 3332 1797 3388 habitatores
1826 3333 1966 3404 ejus.

484 3401 542 3458 In
571 3401 802 3457 veritate
824 3403 967 3457 enim
994 3403 1142 3456 misit
1169 3417 1256 3458 me
1282 3403 1544 3458 Dominus
1571 3404 1638 3458 ad
1658 3419 1778 3468 vos,

555 3482 617 3528 ut
645 3474 901 3542 loquerer
931 3475 983 3528 in
1012 3472 1234 3542 auribus
1264 3475 1460 3530 vestris
1500 3475 1680 3531 omnia
1713 3477 1877 3533 verba
1907 3475 2025 3532 haec
2059 3491 2073 3531 :

553 3545 622 3617 Et
648 3544 903 3617 dixerunt
933 3545 1225 3617 principes,
1255 3555 1308 3601 et
1335 3545 1512 3602 omnis
1537 3547 1792 3617 populus,

554 3613 625 3670 ad
654 3614 965 3686 sacerdotes
979 3624 1042 3686 et
1070 3615 1364 3686 prophetas
1389 3632 1403 3670 :

482 3684 603 3742 Non
631 3696 714 3742 est
750 3685 870 3741 viro
895 3684 1386 3754 judici’um‘mortis
1416 3706 1429 3744 :

554 3757 684 3827 quia
717 3755 772 3810 in
801 3756 1021 3812 nomine
1047 3755 1266 3812 Domini
1294 3759 1391 3814 Dei
1434 3760 1609 3818 nostri
1639 3761 1855 3818 locutus
1894 3768 1980 3818 est
2007 3760 2075 3819 ad
2118 3832 2120 3835 τ

626 3841 750 3884 nos.

484 3899 863 3956 Surrexerunt
891 3912 1021 3969 ergo
1051 3884 1153 3955 viri
1183 3900 1253 3956 de
1276 3900 1588 3960 senioribus
1620 3909 1784 3959 terrae
1815 3918 1830 3958 :

555 3978 612 4026 et
638 3970 897 4044 dixerunt
923 3970 990 4024 ad
1020 3986 1237 4044 omnem
1271 3979 1471 4028 ctetum
1501 3973 1708 4044 populi,
1741 3975 2027 4043 loquentes
2057 3992 2072 4028 :

2095 1736 2144 1798 B

2177 3404 2240 3462 In

2241 1563 2297 1608 et
2321 1569 2490 1625 pones
2519 1569 2615 1610 eas
2643 1555 2698 1625 in
2725 1553 2871 1608 collo
2899 1562 3015 1625 tuo.

2171 1623 2242 1679 Et
2263 1623 2447 1681 mittes
2472 1641 2565 1681 eas
2586 1624 2657 1680 ad
2683 1639 2868 1695 regem
2896 1623 3091 1693 Edom,

2243 1705 2300 1752 et
2319 1696 2386 1752 ad
2416 1713 2599 1767 regem
2627 1696 2800 1761 Moab,

2244 1777 2300 1823 et
2329 1768 2394 1822 ad
2423 1766 2605 1839 regem
2637 1769 2870 1823 filiorum
2897 1766 3163 1835 Ammon,

2240 1849 2296 1895 et
2324 1839 2391 1894 ad
2423 1854 2610 1909 regem
2639 1839 2792 1909 Tyri,

2241 1920 2298 1966 et
2323 1910 2392 1966 ad
2419 1925 2603 1980 regem
2632 1909 2894 1977 Sidonis;

2242 1983 2297 2037 in
2326 1975 2510 2052 imanti
2555 1975 2889 2045 nuntiorum,
2929 1979 3022 2052 qui
3068 1983 3337 2034 venerunt
3374 1975 3680 2033 Jerusalem
3711 1975 3790 2031 ad

2316 2051 2598 2108 Sedeciam
2621 2067 2804 2124 regem
2827 2052 2987 2108 Juda.

2174 2122 2243 2178 Et
2273 2125 2560 2194 praecipies
2584 2125 2665 2179 eis
2688 2119 2752 2178 ut
2777 2125 2843 2178 ad
2873 2121 3123 2179 dominos
3151 2135 3282 2194 suos
3303 2119 3595 2194 loquantur
3619 2135 3636 2173 :

2176 2188 2304 2249 Haec
2332 2188 2462 2251 dicit
2497 2196 2755 2251 Dominus
2783 2196 3118 2250 exercituum
3149 2193 3297 2250 Deus
3324 2188 3496 2246 Israel
3526 2206 3540 2243 :

2175 2265 2305 2321 Haec
2333 2265 2527 2322 dicetis
2556 2265 2622 2322 ad
2651 2267 2903 2322 dominos
2930 2274 3138 2322 vestros
3165 2281 3180 2319 :

2176 2337 2292 2408 Ego
2323 2337 2426 2392 feci
2457 2347 2656 2393 terram
2677 2378 2690 2404 ,
2721 2347 2777 2392 et
2805 2338 3085 2403 homines,
3115 2343 3171 2391 et
3192 2333 3441 2408 iumenta
3463 2377 3476 2400 ,
3505 2347 3627 2403 quae
3656 2339 3794 2387 sunt

2321 2423 2484 2479 super
2505 2408 2700 2464 faciem
2721 2418 2903 2477 terrm,
2927 2409 2982 2463 in
3004 2405 3324 2463 fortitudine
3345 2418 3464 2460 mea
3488 2418 3707 2474 magna,

2249 2489 2302 2535 et
2331 2480 2384 2534 in
2418 2480 2642 2534 brachio
2666 2493 2792 2536 meo
2821 2488 3082 2536 extento:

2249 2557 2304 2606 et
2324 2550 2447 2606 dedi
2469 2567 2588 2608 eam
2620 2553 2696 2617 ei,
2725 2550 2818 2623 qui
2845 2549 2951 2623 [AL
2981 2551 3093 2622 cui]
3116 2548 3319 2621 placuit
3341 2547 3395 2623 in
3423 2545 3599 2623 oculis
3619 2544 3788 2600 meis.

2177 2621 2249 2678 Et
2276 2637 2422 2678 nunc
2448 2623 2631 2693 itaque
2659 2619 2760 2693 ego
2786 2619 2912 2678 de'di
2940 2619 3131 2693 omnes
3163 2630 3338 2693 terras
3368 2619 3504 2693 istas
3532 2619 3786 2693 inAmanu

2322 2688 2824 2749 Nabuchodonosor
2851 2693 2998 2764 regis
3027 2691 3325 2764 Babylonis
3341 2688 3613 2764 servimei
3637 2702 3654 2743 :

2249 2763 2473 2833 insuper
2498 2776 2552 2820 et
2579 2765 2782 2836 bestias
2810 2759 3076 2836 agri'dedi
3102 2759 3161 2819 ut
3185 2762 3433 2836 serviant
3455 2759 3557 2815 illi.

2179 2835 2250 2892 Et
2294 2829 2540 2962 sgrvient
2581 2835 2632 2892 ei
2667 2829 2871 2893 omnes
2891 2843 3105 2908 gentes,
3145 2841 3202 2890 et
3237 2831 3353 2888 tilio
3387 2833 3536 2903 ejus,
3575 2839 3630 2888 et
3666 2829 3790 2886 tilio

2385 2923 2418 2961 ιι
2446 2922 2565 2962 etus
2595 2925 2608 2961 :

2385 2923 2418 2961 ιι
2446 2922 2565 2976 ejus
2595 2925 2608 2961 :

2253 2977 2432 3034 donec
2456 2974 2639 3050 veniat
2667 2986 2884 3050 tempus
2911 2985 3074 3034 terra:
3101 2977 3220 3048 ejus
3245 2985 3302 3033 et
3331 2974 3500 3046 ipsius
3533 2991 3545 3027 :

2253 3057 2310 3104 et
2334 3048 2573 3105 servient
2603 3051 2654 3106 ei
2680 3044 2871 3118 gentes
2895 3050 3103 3117 multae,
3127 3044 3183 3104 et
3208 3044 3367 3118 reges
3393 3044 3597 3118 magni.

2106 3123 2152 3190 Ο
2183 3119 2328 3178 Gens
2348 3129 2531 3177 autem
2556 3128 2612 3177 et
2636 3113 2888 3188 regnum,
2911 3121 3056 3191 quod
3079 3113 3187 3176 non
3213 3113 3464 3174 servierit
3489 3113 3790 3171 Nabucho-

2325 3191 2569 3248 donosor
2595 3194 2712 3264 regi
2743 3192 3056 3265 Babylonis,

2251 3271 2306 3320 et
2331 3255 2687 3335 quicumque
2721 3279 2828 3320 non
2861 3255 3180 3320 curvaverit
3223 3259 3429 3317 collum
3471 3272 3629 3334 suum
3675 3255 3784 3313 sub

2328 3334 2452 3406 iugo
2481 3334 2624 3405 regis
2644 3335 2936 3406 Babylonis
2961 3353 2973 3389 :

2313 3351 2452 3459 fugo
2481 3351 2624 3405 regis
2644 3351 2936 3406 Babylonis
2961 3353 2973 3389 :

2278 3419 2311 3477 g
2335 3405 2494 3473 adio,
2537 3416 2594 3462 et
2637 3408 2694 3462 in
2738 3406 2913 3471 fame,
2961 3413 3019 3460 et
3057 3406 3110 3460 in
3149 3411 3303 3474 peste
3340 3401 3576 3460 visitabo
3615 3414 3785 3472 super

2323 3486 2541 3548 gentem
2573 3478 2742 3549 illam,
2773 3478 2849 3532 ait
2884 3477 3166 3541 Dominus,

2251 3547 2427 3604 donec
2452 3547 2766 3604 consumam
2795 3564 2890 3604 eos
2915 3549 2966 3603 in
2998 3563 3160 3602 manu
3192 3547 3332 3617 ejus.

2181 3617 2292 3676 Vos
2312 3635 2444 3690 ergo
2467 3620 2634 3674 nolite
2654 3619 2847 3676 audire
2874 3619 3170 3691 prophetas
3189 3615 3511 3691 vestro‘s,_et
3532 3615 3772 3684 divinos,

2327 3688 2802 3758 et'somniatores,
2834 3688 2894 3746 et
2916 3688 3171 3760 augures,
3202 3701 3255 3745 et
3283 3688 3580 3760 maleﬁcos,

2251 3762 2342 3845 qui
2372 3762 2742 3845 dicuntyobis
2773 3781 2783 3814 :
2817 3762 2933 3845 Non
2963 3758 3215 3845 servietis
3237 3761 3352 3832 regi
3381 3758 3698 3832 Babylonis.

2179 3831 2312 3902 Quia
2339 3833 2678 3889 mendacium
2711 3833 3040 3904 prophetam
3067 3831 3224 3888 vobis
3255 3850 3266 3885 :

2251 3913 2311 3959 ut
2338 3904 2499 3976 longe
2527 3905 2726 3960 faciant
2755 3920 2853 3960 vos
2881 3905 2950 3959 de
2980 3912 3126 3959 terra
3153 3912 3357 3969 vestra,

2249 3983 2307 4030 et
2333 3976 2556 4045 ejiciant
2584 3990 2702 4041 vos,
2733 3985 2787 4031 et
2814 3976 3069 4045 pereatis.

485 4039 692 4099 Michas
719 4040 1079 4117 de_M9rastbi
1107 4042 1204 4098 fuit
1233 4039 1588 4116 propheta'in‘
1608 4045 1800 4100 diebus
1817 4039 2076 4101 Ezechiae
2178 4043 2349 4102 Porro
2362 4039 2528 4115 'gens,
2563 4039 3006 4117 quae'subjecerit
3035 4045 3306 4101 cervicem
3336 4058 3491 4100 suam
3518 4041 3624 4099 sub
3638 4040 3774 4113 jugo

620 4111 767 4183 regis
792 4111 929 4168 Juda
949 4154 965 4180 ,

554 4192 612 4239 et
635 4186 713 4238 ait
739 4183 807 4240 ad
835 4199 1051 4239 onmem
1075 4186 1335 4254 populum
1357 4184 1386 4242 J
1395 4185 1526 4254 uda,
1557 4185 1746 4242 dicens
1773 4202 1786 4240 :

480 4254 611 4311 Ilaec
638 4255 770 4310 dicit
794 4255 1058 4310 Dominus
1083 4259 1423 4312 exercituum
1456 4272 1472 4314 :

478 4326 612 4382 Sion
640 4326 793 4395 quasi
825 4339 955 4396 ager
981 4327 1230 4382 arabitur
1257 4347 1271 4383 :

548 4408 605 4452 ct
632 4396 936 4453 Jerusalem
965 4396 1018 4451 in
1049 4410 1304 4453 acervum
1334 4398 1571 4468 lapidum
1599 4399 1705 4455 erit
1735 4416 1748 4455 :

549 4479 605 4523 et
631 4484 786 4523 mons
812 4469 1006 4522 domus
1034 4468 1086 4522 in
1118 4471 1338 4525 excelsa
1367 4471 1646 4526 silvarum.

473 4536 746 4610 Numquid
765 4547 939 4615 morte
958 4539 1341 4615 condemnavit
1358 4557 1481 4597 eum
1503 4540 1767 4600 Ezechias
1787 4558 1881 4600 rex
1898 4543 2061 4615 Iuda,
2093 4530 2147 4590 Ι)

614 4617 674 4667 et
696 4611 873 4666 omnis
898 4610 1035 4667 Juda
1058 4610 1082 4664 ?

545 4684 812 4758 numquid
842 4697 950 4758 non
981 4684 1277 4758 t_imuerunt
1313 4684 1605 4743 Dominum
1627 4725 1644 4754 ,
1682 4693 1741 4742 et
1782 4686 2062 4758 deprecati

615 4764 743 4810 sunt
770 4755 959 4811 faciem
982 4755 1195 4812 Domini
1224 4773 1238 4812 :

471 4823 542 4880 Et
568 4829 819 4897 paenituit
856 4827 1147 4902 Dominum
1176 4829 1340 4900 mali,
1383 4828 1531 4902 quod
1569 4827 1782 4885 locutus
1811 4839 1930 4886 erat
1960 4830 2060 4886 ad-

617 4914 828 4955 versum
861 4915 957 4956 eos
979 4901 1004 4954 ?

471 4965 656 5037 Itaque
705 4987 803 5026 nos
844 4971 1073 5029 facimus
1121 4973 1324 5030 malum
1365 4973 1571 5045 grande
1613 4978 1808 5029 contra
1847 4973 2062 5031 animas

616 5050 848 5098 nostras.

469 5105 600 5163 Fuit
622 5125 835 5186 quoque
857 5115 940 5169 vir
958 5115 1290 5186 prophetans
1313 5115 1366 5170 in
1389 5115 1610 5170 nomine
1633 5114 1872 5182 Domini,
1896 5115 2060 5172 Urias

612 5182 760 5237 ﬁlius
784 5182 1503 5242 Semei'de'Cariath-Jarim
1536 5204 1550 5241 :

534 5259 592 5307 et
620 5256 963 5325 prophetarit
1006 5257 1269 5313 adversus
1309 5257 1586 5313 civitatem
1618 5255 1773 5312 istam
1798 5301 1815 5326 ,
1857 5267 1915 5314 et
1957 5258 2053 5315 ad-

607 5340 799 5398 versus
819 5337 1019 5383 terram
1041 5328 1201 5392 hanc,
1217 5329 1370 5398 juxta
1389 5329 1572 5384 omnia
1591 5329 1752 5383 verba
1775 5328 2047 5385 Jeremite.

460 5390 529 5448 Et
553 5395 759 5473 audivit
789 5413 887 5473 rex
920 5398 1162 5473 Joacim,
1192 5390 1249 5454 e't
1276 5414 1467 5455 omnes
1497 5407 1780 5471 potentes,
1811 5409 1864 5457 et
1896 5403 2047 5473 prin-

600 5467 752 5536 cipes
777 5468 928 5536 ejus,
956 5468 1122 5523 verba
1149 5469 1264 5525 haec
1294 5487 1308 5524 :

527 5545 583 5592 et
608 5540 859 5606 quaesivit
886 5555 979 5594 rex
1009 5539 1316 5597 interficere
1344 5558 1488 5600 eum.

455 5604 756 5679 Et_audlvit
786 5609 970 5679 Urias,
1000 5619 1054 5667 et
1086 5611 1283 5678 timuit,

526 5677 771 5756 fugitque
798 5677 1154 5756 ct_ingrcssus
1181 5677 1275 5756 est
1295 5684 1612 5756 Egyptum.

392 5813 399 5824 κ
446 5745 516 5804 Et
541 5745 696 5809 misit
718 5766 815 5810 rex
841 5745 1046 5812 Joacim
1075 5754 1219 5813 viros
1250 5755 1302 5813 in
1333 5745 1652 5828 Egyptum;

2317 4119 2460 4187 regis
2489 4118 2810 4189 Babylonis,
2842 4127 2898 4173 et
2926 4117 3178 4172 servierit
3206 4117 3259 4172 ei
3287 4134 3301 4170 :

2249 4185 2517 4243 dimittant
2545 4185 2621 4244 ea'
2639 4189 2690 4244 in
2721 4185 2860 4243 terra
2894 4203 3020 4255 sua,
3049 4189 3184 4243 dicit
3210 4185 3468 4242 Dominus
3503 4204 3518 4242 :

2247 4269 2302 4313 et
2327 4259 2466 4314 colet
2488 4274 2633 4325 eam,
2663 4269 2719 4315 et
2743 4259 3007 4314 habitabit
3033 4261 3086 4314 in
3111 4274 3196 4314 ea.

2175 4327 2246 4383 Et
2269 4330 2336 4384 ad
2369 4330 2649 4389 Sedeciam
2683 4346 2867 4402 regem
2897 4331 3037 4402 Juda
3069 4331 3283 4386 locutus
3309 4343 3430 4386 sum
3461 4325 3766 4384 secundum

2319 4403 2495 4458 omnia
2527 4402 2686 4458 verba
2714 4401 2858 4470 hate,
2891 4401 3121 4458 dicens:

2174 4469 2437 4555 Subjicite
2453 4474 2592 4555 colla
2622 4482 2802 4555 vestra
2825 4469 2926 4555 sub
2943 4474 3074 4555 ju_go
3100 4472 3243 4544 regis
3269 4470 3582 4545 Babylonis,

2243 4552 2300 4628 et
2325 4547 2522 4628 servite
2543 4543 2615 4611 ei,
2647 4553 2704 4601 et
2730 4544 2932 4616 populo
2950 4543 3098 4616 ejus,

2242 4624 2296 4669 et
2328 4624 2538 4672 vivatis.

2170 4685 2349 4754 Quare
2377 4687 2687 4744 moriemini
2718 4697 2795 4759 tu,
2831 4688 3061 4760 populus
3097 4695 3239 4756 tuus,
3270 4685 3471 4758 gladio,
3510 4683 3675 4752 fame,
3707 4691 3767 4741 et

2246 4769 2627 4886 sic'iiisizcutus
2649 4839 2734 4887 est
2751 4831 3017 4888 Dominus
3043 4830 3110 4886 ad
3137 4839 3379 4901 gentem,
3401 4843 3524 4900 quae
3550 4828 3763 4884 servire

2317 4901 2551 4976 noluerit
2578 4903 3053 4976 regi_Babylonis?

2171 4973 2350 5030 Nolite
2377 4974 2566 5029 audire
2603 4969 2767 5030 verba
2801 4969 3189 5044 prophetarum
3231 4972 3530 5044 dicentium
3555 4969 3754 5044 vobis:

2236 5045 2356 5100 Non
2397 5045 2652 5116 servietis
2686 5040 2990 5116 [Alfnolite
3019 5044 3244 5116 servire]
3275 5043 3388 5116 regi
3421 5040 3711 5114 Babylonis
3739 5060 3752 5096 :

2234 5119 2361 5187 quia
2393 5115 2735 5170 mendacium
2765 5117 2864 5186 ipsi
2895 5117 3189 5186 loquuntur
3213 5115 3390 5172 vobis.

2159 5186 2297 5256 Quia
2327 5203 2435 5242 non
2465 5186 2587 5241 misi
2617 5203 2735 5253 eos,
2763 5190 2838 5242 ait
2868 5187 3130 5242 Dominus
3155 5205 3169 5242 :

2229 5269 2282 5316 ct
2309 5257 2414 5327 ipsi
2445 5258 2776 5328 prOphetant
2808 5261 2862 5313 in
2893 5260 3114 5316 nomine
3143 5271 3266 5314 meo
3297 5256 3636 5314 mendaciter
3662 5275 3677 5311 :

2155 5328 2227 5387 Ut
2248 5331 2467 5402 ejiciant
2493 5343 2609 5395 vos,
2639 5338 2692 5384 et
2720 5330 2976 5399 pereatis,

2223 5400 2331 5458 tam
2356 5415 2454 5456 vos
2471 5441 2485 5466 ,
2517 5415 2682 5472 quam
2707 5402 2990 5472 prophetae
3011 5443 3024 5465 ,
3056 5402 3148 5471 qui
3174 5402 3542 5458 vaticinantur
3567 5400 3746 5455 vobis.

2149 5471 2220 5527 Et
2245 5473 2312 5528 ad
2334 5471 2673 5540 sacerdotes,
2701 5481 2758 5527 et
2783 5471 2852 5527 ad
2879 5473 3137 5544 populum
3160 5475 3323 5530 istum
3355 5473 3570 5528 locutus
3597 5486 3743 5537 sum.

2291 5545 2482 5600 dicens
2510 5561 2522 5594 :

2147 5613 2276 5671 Haec
2305 5615 2437 5672 dicit
2467 5614 2729 5670 Dominus
2755 5631 2769 5669 :

2144 5685 2323 5766 Nolite
2368 5685 2562 5766 audire
2607 5685 3210 5766 verba_pr_ophetarum
3256 5695 3593 5766 vestrorum,

2212 5756 2306 5828 qui
2333 5756 2662 5830 prophetam
2684 5756 2840 5825 vobis
2866 5759 3116 5836 dicentes
3149 5780 3160 5813 :
