4114 6364
340 248 447 309 889

1488 243 1695 302 LIBER
1732 244 1760 302 .I
1770 243 2059 303 EBEMIE
2100 246 2519 306 PBOPIIETA'I.

3530 242 3638 303 890

346 365 490 423 Ecce
516 377 666 445 _vasa
718 363 933 422 Domini
976 369 1318 421 revertentur
1362 361 1430 419 de
1473 362 1753 436 Babylone
1797 378 1940 420 nunc
1968 366 2021 427 A
2048 364 2141 423 Sic
2170 366 2510 445 confringam
2529 365 2715 445 jugum
2750 362 3257 445 Nabuchodonosor
3279 362 3429 445 rfgis
3460 361 3642 445 Baby-

481 437 591 492 cito
611 477 626 503 ,

408 508 755 565 mendacium
785 508 932 564 enim
964 505 1292 578 prophetant
1318 505 1505 563 vobis.

341 578 518 636 Nolite
546 596 678 652 ergo
705 580 897 636 audire
927 594 1043 652 eos,

412 652 510 707 sed
534 650 735 709 ser’vite
763 653 874 722 regi
905 650 1220 721 Babylonis,
1248 658 1307 705 ut
1337 650 1534 722 vivatis
1558 664 1574 722 ;

338 722 519 790 Quare
547 724 707 780 datur
734 721 849 779 haec
874 723 1067 777 civitas
1108 722 1161 775 in
1190 721 1576 776 solitudinem?

293 833 302 840 .
340 794 479 849 Etsi
514 799 793 867 prophetae
823 803 988 867 sunt,
1021 800 1076 847 et
1101 803 1183 867 est
1213 794 1439 848 verbum
1467 792 1685 847 Domini
1718 791 1770 847 in
1802 791 1884 847 eis
1918 807 1935 847 :

408 864 701 923 occurrant
730 866 964 921 Domino
994 864 1356 931 exercituum,

410 947 470 992 ut
492 953 598 994 non
621 940 843 994 veniant
862 950 1011 1003 vasa,
1037 949 1158 1005 qua:
1176 934 1435 992 derelicta
1456 935 1671 992 fuerant
1696 938 1749 990 in
1772 935 1937 991 domo

486 1010 699 1066 Domini
728 1027 739 1062 :

410 1090 465 1136 et
492 1081 547 1136 in
574 1082 736 1139 domo
763 1081 909 1151 regis
936 1076 1071 1135 Juda
1089 1119 1105 1146 ,
1133 1086 1190 1134 et
1226 1078 1278 1133 in
1305 1077 1606 1136 Jerusalem
1632 1122 1648 1146 ,
1682 1079 1737 1134 in
1764 1078 1941 1151 Baby-

485 1153 686 1210 Ionem.

337 1223 475 1291 Quia
497 1223 613 1279 haec
639 1226 768 1281 dicit
799 1222 1058 1279 Dominus
1085 1221 1427 1278 exercituum
1456 1222 1523 1278 ad
1546 1222 1853 1290 columnas,
1880 1228 1937 1278 et

485 1296 550 1351 ad
581 1311 751 1365 mare,
785 1306 837 1352 et
866 1293 933 1349 ad
960 1293 1141 1358 bases,

412 1375 469 1422 et
495 1368 563 1423 ad
602 1363 809 1438 reliqua
836 1378 1112 1432 vasorum,
1154 1380 1276 1436 quae
1306 1374 1685 1423 remanserunt
1712 1364 1767 1419 in
1796 1363 1935 1420 civi-

484 1448 594 1495 tate
618 1439 717 1494 hac
748 1458 761 1493 :

408 1524 531 1580 quas
558 1525 664 1565 non
696 1509 819 1565 tulit
840 1507 1343 1564 Nabuchodonosor
1370 1523 1464 1563 rex
1499 1506 1789 1580 Babylonis
1807 1549 1822 1571 ,

412 1579 533 1635 cum
566 1581 885 1637 transferret
913 1580 1230 1635 Jechoniam
1284 1580 1451 1634 ﬁlium
1491 1579 1701 1636 Joacim
1748 1593 1931 1648 regem

482 1653 619 1707 Juda
652 1654 721 1709 de
749 1651 1055 1709 Jerusalem
1086 1651 1139 1705 in
1172 1650 1500 1719 Babylonem
1522 1694 1537 1718 ,

410 1731 465 1779 et
490 1738 681 1779 omnes
706 1725 995 1793 optimates
1016 1722 1154 1777 Juda
1182 1734 1235 1777 et
1263 1721 1589 1779 Jerusalem.

337 1760 801 1863 Qu‘ia‘iiiecwdi’c'it
832 1794 1091 1850 Dominus
1120 1794 1456 1849 exercituum
1492 1760 1633 1851 Deus
1662 1791 1831 1850 Israel
1860 1791 1930 1848 ad
1962 1760 2004 1820 Β

478 1881 604 1921 vasa

411 1911 823 2008 quaevderelicta
863 1946 990 1994 sunt
1029 1938 1082 1993 in
1110 1936 1277 2008 domo
1308 1935 1555 2006 Domini,
1588 1945 1645 1993 et
1682 1936 1736 1992 in
1767 1936 1933 1993 domo

485 2009 628 2079 regis
658 2010 794 2066 Juda
825 2018 880 2067 et
915 2006 1220 2065 Jerusalem
1255 2026 1267 2060 :

347 2077 408 2133 In
439 2077 771 2161 Babylonem
802 2080 1223 2161 transferentur.
1304 2148 1317 2161 θ
1356 2148 1387 2161 ,μ
1434 2149 1467 2161 Α,
1549 2146 1563 2161 ,

409 2160 464 2206 et
489 2148 571 2224 ibi
608 2162 767 2209 erunt
792 2168 965 2224 usque
995 2152 1063 2207 ad
1093 2150 1237 2206 diem
1266 2148 1595 2206 visitationis
1620 2162 1766 2217 suae,
1793 2148 1931 2207 dicit

484 2223 747 2280 Dominus
769 2266 783 2290 ,

408 2300 464 2348 et
492 2293 675 2351 afferri
706 2298 898 2352 faciam
930 2312 1015 2361 ea,

408 2372 465 2419 et
491 2367 703 2423 restitui
733 2368 785 2422 in
818 2370 940 2424 loco
969 2370 1094 2423 isto.

335 2433 493 2511 [Εᾳρ.
516 2436 780 2511 XXVIII]
809 2442 876 2495 Et
910 2440 1113 2511 factum
1142 2443 1227 2511 est
1251 2435 1305 2489 in
1328 2448 1473 2511 anno
1491 2432 1614 2511 illo,

409 2503 465 2561 in
496 2503 780 2580 principio‘
804 2512 958 2579 regni
1006 2506 1248 2564 Sedecias
1296 2506 1440 2576 regis
1479 2504 1616 2561 Juda
1640 2544 1655 2569 ,
1686 2503 1739 2559 in
1780 2520 1926 2562 anno

480 2589 695 2650 quarto,
725 2583 778 2636 in
811 2597 998 2638 mense
1022 2583 1234 2650 (ιιιίιιιον
1263 2648 1270 2650 _
1560 2582 1563 2587 Ἴ

406 2646 544 2704 dixit
570 2652 638 2707 ad
668 2668 755 2709 me
781 2654 1019 2711 Ananias
1041 2646 1206 2706 'filius
1247 2648 1390 2704 Azur
1420 2647 1685 2719 prapheta
1719 2649 1787 2706 de
1813 2648 1923 2705 Ga-

481 2721 644 2788 baon,
672 2727 725 2779 in
754 2726 916 2780 domo
944 2724 1183 2787 Domini,

406 2804 589 2847 coram
620 2796 995 2851 sacerdotibus
1022 2802 1079 2850 et
1105 2793 1251 2847 omni
1277 2790 1508 2862 populo,
1539 2791 1727 2850 dicens
1759 2810 1774 2847 :

336 2859 465 2916 Haec
487 2863 621 2919 dicit
648 2867 904 2922 Dominus
934 2859 1435 2923 exercituumDeus
1466 2861 1661 2921 Israel:

329 2929 783 3010 (_30_r_ttrivi_jugum
815 2939 956 3010 regis
982 2936 1293 3008 Babylonis.

329 3003 525 3060 Adhuc
557 3003 817 3065 duo'anni
849 3003 1079 3073 dierum.

403 3085 458 3129 et
480 3091 581 3147 ego
606 3081 798 3137 referri
830 3079 1025 3137 faciam
1068 3078 1135 3133 ad
1164 3079 1343 3134 locum
1384 3078 1549 3134 istum
1576 3078 1755 3134 omnia
1783 3093 1914 3135 vasa

473 3147 667 3223 domus
699 3152 806 3223 [AL
833 3162 936 3208 τσο.
969 3151 1187 3223 domus]
1214 3151 1445 3223 Domini,

324 3229 451 3289 quae
472 3219 601 3295 _tuli_t
629 3219 739 3295 [AL
766 3223 1066 3295 transtulit]
1096 3219 1599 3278 Nabuchodonosor
1623 3221 1923 3295 rexiBaby-

472 3290 611 3347 Ionis
630 3290 703 3351 de
729 3297 847 3351 loco
873 3296 977 3350 isto
991 3336 1007 3359 ,

401 3368 457 3436 et
483 3366 761 3436 transtulit
793 3382 856 3421 ea
890 3367 941 3420 in
966 3364 1324 3436 Babylonem.

328 3429 397 3484 Et
427 3430 741 3492 Jechoniam
773 3438 940 3492 ﬁlium
964 3429 1174 3493 Joaéim
1206 3450 1386 3506 regem
1413 3434 1580 3505 Juda,
1611 3444 1666 3493 et
1697 3451 1917 3493 omnem

476 3510 1011 3578 transmigrationem
1031 3506 1190 3571 Juda,

396 3576 488 3643 qui
514 3576 745 3646 ingressi
768 3590 893 3635 sunt
918 3580 972 3635 in
1006 3579 1357 3649 Babylonem,

399 3660 500 3716 ego
520 3659 831 3706 convertam
858 3651 922 3706 ad
952 3651 1130 3705 locum
1159 3652 1347 3713 istum,
1370 3652 1447 3705 ait
1474 3651 1733 3706 Dominus
1766 3668 1778 3705 :

393 3726 677 3793 conteram
699 3724 841 3778 enim
868 3722 1056 3793 jugum
1081 3721 1239 3793 regis;
1254 3721 1570 3793 Babylonis.

325 3784 398 3841 Et
426 3787 564 3864 dixit
589 3784 1243 3864 Jeremias'pfopheta'ad
1274 3784 1543 3847 Ananiam
1568 3791 1914 3864 prophetam,

469 3860 523 3914 in
558 3862 733 3919 oculis
764 3860 1131 3926 sacerdotum,

390 3936 445 3985 et
472 3929 536 4015 in_
552 3933 728 4015 oculis
754 3935 932 3989 omnis
958 3932 1163 4003 populi,
1191 3932 1282 4003 qui
1310 3931 1492 3988 stabat
1516 3934 1573 3988 iu
1611 3932 1777 3989 domo
1808 3932 1917 3989 Do-

468 4018 618 4059 mlnl.

321 4069 389 4125 Et
409 4074 488 4147 ait
510 4076 784 4147 Jeremias
815 4076 1080 4147 propheta
1116 4097 1130 4132 :
1164 4076 1371 4141 Amen,

390 4143 472 4199 sic
498 4146 657 4202 faciat
688 4143 948 4203 Dom—inus
971 4166 981 4200 :

326 4210 563 4272 Suscitet
586 4218 847 4274 Dominus
874 4220 1037 4275 verba
1066 4228 1179 4285 tua,
1210 4233 1331 4287 qua:
1362 4217 1729 4287 prOphetasti,

389 4295 449 4341 ttt
473 4301 792 4345 reserantur
820 4306 945 4345 vasa
976 4292 1029 4345 in
1061 4291 1289 4344 Domum
1325 4290 1567 4353 Domini,

386 4366 439 4412 et
460 4360 641 4433 omnis
664 4363 1064 4432 transmigratio
1082 4361 1152 4417 de
1172 4361 1449 4433 Babylone
1468 4360 1572 4433 [AL
1595 4360 1907 4433 Babylonis]

458 4430 524 4484 ad
548 4431 725 4487 locum
751 4430 934 4487 istum.

2189 438 2333 493 lonis
2355 432 2483 509 post
2512 432 2648 493 duos
2667 450 2838 493 annos
2870 435 3084 491 dierum
3111 433 3179 489 de
3216 432 3364 489 collo
3394 432 3637 490 omnium

2224 511 2451 563 entium.

2042 580 2109 635 Et
2130 523 2547 637 abgiitnieti'glmias
2571 578 2837 654 propheta
2861 578 2968 651 [AL
2990 586 3093 633 tac.
3114 575 3395 648 propheta]
3419 576 3471 632 in
3495 576 3637 632 viam

2185 666 2364 707 suam.

2041 722 2109 778 Et
2131 721 2333 779 factum
2361 733 2443 779 est
2468 724 2692 780 verbum
2716 721 2933 779 Domini
2951 720 3018 777 ad
3043 720 3362 787 Jeremiam,

2113 805 2403 866 postquam
2432 798 2699 865 confregit
2725 796 2965 851 Ananias
2995 794 3258 866 propheta
3286 799 3535 849 catenam
3566 789 3636 847 de

2185 868 2328 922 collo
2356 868 2607 923 Joremia:
2640 868 2944 938 prophetae,
2978 865 3166 921 dicens
3202 882 3215 915 :

2042 935 2211 1001 Vade,
2246 947 2300 994 et
2320 939 2468 994 dices
2494 935 2766 996 Ananiae}

2040 1008 2168 1065 Haec
2193 1008 2325 1065 dicit
2358 1011 2620 1067 Dominus
2650 1029 2662 1063 :

2041 1078 2279 1137 Catenas
2304 1083 2508 1152 ligneas
2535 1082 2838 1139 contrivisti
2866 1103 2878 1137 :

2109 1160 2165 1226 et
2193 1151 2361 1226 facies
2387 1169 2485 1226 pro
2501 1157 2581 1211 eis
2611 1162 2830 1209 catenas
2857 1154 2963 1226 [AL
3000 1151 3201 1226 furcas]
3234 1153 3460 1226 ferreas.

2039 1222 2175 1291 Quia
2209 1223 2324 1280 haec
2354 1219 2486 1280 dicit
2513 1226 2773 1281 Dominus
2803 1219 3141 1281 exercituum
3166 1219 3313 1280 Deus
3332 1219 3495 1277 Israel
3524 1237 3540 1275 :

2038 1296 2233 1366 Jugum
2269 1298 2504 1352 ferreum
2534 1299 2683 1363 posui
2713 1312 2883 1368 super
2918 1297 3118 1353 collum
3148 1303 3467 1352 cunctarum
3496 1307 3632 1363 geu-

2185 1367 2317 1422 tium
2351 1370 2602 1435 istarum,

2111 1449 2171 1493 ut
2199 1441 2438 1495 serviant
2467 1438 2967 1497 Nabuchodonosor
2995 1438 3116 1510 regi
3143 1435 3466 1509 Babylonis,
3500 1483 3506 1488 .

2108 1522 2164 1565 et
2186 1512 2424 1568 servient
2450 1512 2499 1567 ei
2535 1529 2547 1565 :

2111 1582 2337 1652 insuper
2362 1593 2417 1638 et
2445 1583 2647 1638 bestias
2677 1592 2836 1640 terra:
2858 1582 2983 1639 dedi
3010 1581 3058 1638 ei
3086 1599 3101 1635 :

2038 1652 2105 1727 Et
2141 1648 2277 1727 dixit
2300 1654 2565 1709 Jeremias
2591 1655 2850 1727 prapheta
2878 1655 2944 1710 ad
2974 1653 3240 1709 Ananiam
3269 1648 3587 1723 prophetam
3612 1667 3625 1703 :

2038 1724 2207 1791 Audi,
2239 1726 2449 1780 Anania
2474 1743 2488 1779 :

2036 1794 2151 1850 Non
2185 1798 2336 1851 misit
2365 1807 2417 1851 te
2445 1798 2706 1853 Dominus
2725 1842 2740 1865 ,

2107 1868 2584 1994 etdtu‘conftdere
2629 1869 2802 1925 fecisti
2845 1871 3099 1942 populum
3142 1869 3305 1925 istum
3364 1866 3418 1922 in
3478 1878 3635 1921 men-

2216 1953 2353 1994 aco.

2216 1941 2353 1994 acio.

2032 2007 2239 2065 Idcirco
2273 2010 2389 2065 haec
2418 2010 2549 2067 dicit
2582 2011 2843 2067 Dominus
2877 2029 2891 2065 :

2038 2081 2178 2137 Ecce
2200 2096 2301 2151 ego
2331 2083 2540 2136 mittam
2574 2093 2626 2139 te
2648 2099 2674 2135 a
2710 2085 2847 2139 facie
2876 2093 3039 2139 terrae
3064 2100 3078 2136 :

2105 2151 2209 2209 hoc
2234 2168 2383 2207 anno
2413 2154 2664 2209 morieris
2694 2173 2705 2208 :

2103 2224 2393 2279 adversum
2426 2225 2711 2280 Dominum
2740 2226 2885 2282 enim
2918 2226 3133 2281 locutus
3163 2236 3246 2279 es.

2033 2293 2100 2349 Et
2132 2305 2381 2350 mortuus
2411 2305 2495 2370 est
2525 2298 2736 2351 Anania
2770 2296 3036 2370 propheta
3068 2297 3122 2351 in
3154 2309 3302 2350 anno
3336 2293 3453 2360 illo,

2103 2380 2291 2421 mense
2320 2367 2575 2436 septimo.

2032 2432 2435 2516 [Cap._XXIi_t'.]
2475 2439 2542 2493 Et
2570 2439 2688 2516 haec
2727 2448 2856 2516 sunt
2885 2438 3050 2516 verba
3079 2435 3237 2516 libri,
3264 2432 3632 2516 quem__misit

2171 2506 2442 2565 Jeremias
2480 2510 2747 2579 prOpheta
2793 2512 2863 2566 de
2912 2510 3219 2566 Jerusalem
3259 2506 3328 2562 ad
3360 2506 3628 2577 reliquias

2171 2581 2450 2652 seniorum
2483 2582 2997 2652 transmigrationis,

2098 2658 2157 2704 et
2176 2650 2248 2724 ad
2266 2652 2602 2717 sacerdotes,
2632 2661 2687 2706 et
2713 2650 2777 2707 sn
2803 2656 3119 2724 prophetas,

2099 2732 2154 2776 et
2182 2721 2251 2793 ad
2284 2737 2501 2777 omnem
2548 2717 2833 2793 populum',
2878 2717 3038 2793 quem
3099 2717 3418 2777 traduxerat
3443 2717 3629 2774 Nabu-

2168 2790 2526 2849 Chodonosor
2552 2790 2957 2851 lle'Jerusale'm
2990 2796 3043 2849 in
3074 2793 3405 2865 Babylonem
3438 2808 3449 2865 ξ

2027 2861 2320 2934 Postquam
2348 2878 2606 2935 egressus
2636 2876 2722 2921 est
2747 2866 3041 2921 Jechonias
3069 2860 3275 2927 rex,'et
3304 2860 3548 2927 domina,
3572 2867 3629 2916 et

2170 2934 2430 3003 eunuchi,
2464 2944 2521 2991 et
2550 2937 2828 3007 principes
2852 2936 2989 2992 Juda
3019 2947 3073 2992 et
3104 2934 3443 3007 Jerusalem,

2098 3015 2154 3063 et
2203 3007 2355 3132 faber
2398 3002 2453 3064 et
2505 3002 2749 3065 inclusor
2788 3009 2858 3065 de
2911 3008 3021 3080 [AL
3062 3006 3299 3062 artifices
3332 3002 3422 3075 de]
3469 3003 3628 3059 Jeru-

2166 3094 2225 3132 sa
2250 3094 2367 3132 em:

2166 3094 2367 3135 salem:

1941 3144 1988 3208 C
2091 3148 2368 3223 in_manu
2422 3150 2579 3206 Elasa
2637 3151 2734 3206 fllli
2788 3151 3029 3223 Saphan,
3081 3156 3135 3206 et
3188 3145 3467 3204 Gamariae
3516 3144 3611 3199 lilii

2169 3221 2376 3277 Helciae
2392 3264 2407 3289 ,

2094 3307 2235 3363 quos
2264 3286 2412 3349 misit
2437 3293 2695 3349 Sedecias
2724 3308 2818 3349 rex
2846 3293 2987 3348 Juda
3020 3291 3087 3347 ad
3118 3286 3626 3363 Nabuchodonosor

2168 3379 2351 3439 regem
2370 3365 2668 3439 Babylonis
2697 3364 2752 3419 in
2782 3365 3141 3439 Babylonem,
3165 3362 3354 3439 dicens
3391 3376 3431 3439 :_
3608 3426 3620 3439 .

2024 3434 2152 3490 Haec
2182 3429 2314 3490 dicit
2367 3429 2629 3491 Dominus
2675 3429 3015 3491 exercituum
3073 3435 3215 3488 Deus
3263 3429 3434 3486 Israel
3474 3429 3623 3483 omni

2169 3508 2633 3578 transmigrationi
2653 3548 2668 3572 ,

2093 3592 2257 3648 quam
2290 3573 2540 3633 transtuli
2572 3579 2641 3634 de
2670 3576 2972 3633 Jerusalem
2999 3574 3054 3631 in
3080 3573 3416 3647 Babylonem
3451 3589 3465 3628 :

2020 3645 2313 3705 IEdiﬁcate
2338 3651 2554 3715 domos,
2586 3662 2638 3706 et
2672 3650 2913 3704 habitate
2942 3665 2957 3703 :

2093 3729 2151 3775 et
2182 3722 2417 3788 plantate
2449 3721 2658 3787 hortos,

2093 3802 2148 3846 et
2176 3794 2447 3848 comedite
2474 3792 2708 3848 fructum
2738 3808 2946 3849 eorum.

2021 3862 2266 3933 Accipite
2298 3880 2495 3919 uxores
2516 3907 2531 3929 ,

2092 3943 2147 3987 et
2173 3948 2431 4003 generate
2463 3936 2605 3989 filios
2633 3944 2688 3989 et
2721 3934 2863 3989 ﬁlias
2894 3954 2905 3987 :

2020 4003 2155 4059 Date
2178 4004 2303 4084 ﬁliis
2334 4008 2531 4062 veSIris
2560 4021 2788 4084 uxores,
2827 4079 2838 4084 _
2879 4078 2889 4084 _
3030 4083 3033 4084 ν
3190 4074 3201 4084 _
3287 4082 3294 4084 Α
3361 4071 3432 4084 Μ,

2091 4076 2337 4200 etnfilias
2382 4087 2595 4133 vestras
2625 4078 2749 4134 date
2788 4078 2944 4145 viris,
2988 4083 3043 4133 et
3090 4074 3303 4146 pariant
3356 4071 3505 4127 filios
3561 4078 3617 4125 et

2181 4163 2192 4199 ι
2222 4163 2300 4200 tas
2329 4170 2342 4200 :

2089 4225 2146 4273 et
2178 4220 2612 4291 multiplicamini
2646 4220 2715 4275 ibi
2748 4220 2854 4291 [AL
2892 4228 2993 4274 tac.
3023 4216 3158 4288 ibi],
3191 4226 3246 4272 et
3274 4214 3449 4270 nolite
3488 4224 3618 4267 esse

2160 4292 2315 4359 pauci
2346 4308 2595 4347 numero.

2018 4356 2331 4431 thuaerite
2360 4378 2547 4434 pacem
2583 4362 2851 4434 civitatis,
2907 4360 2975 4434 ad
3025 4372 3186 4429 quam
3225 4356 3618 4427 transmigrare

2159 4448 2255 4487 vos
2286 4432 2386 4490 feci
2413 4434 2519 4503 [AL
2552 4433 2799 4489 transtuli
2837 4432 2955 4501 vos]
2986 4449 2999 4484 :

318 4496 870 4597 Verumtamen-andi
908 4504 1135 4559 verbum
1171 4503 1298 4575 hoc,
1321 4502 1466 4573 quod
1498 4515 1599 4572 ego
1627 4502 1820 4574 loquor
1849 4504 1903 4559 in
1936 4536 1990 4597 D
2087 4512 2142 4597 et
2162 4514 2319 4586 pryle
2349 4496 2446 4574 ντὶ)
2472 4505 2624 4597 gerat]
2660 4496 2996 4597 D_9}“_i[‘_‘_"f‘:j

459 4573 682 4628 auribus
715 4572 843 4639 tuis,

386 4641 512 4717 etin
540 4644 769 4717 auribus
793 4644 1030 4701 universi
1063 4646 1269 4717 populi.

319 4707 605 4779 Prophetae
632 4716 722 4785 qui
747 4713 968 4771 fuerunt
995 4707 1119 4772 anie
1138 4707 1237 4773 'me
1263 4726 1319 4771 et
1346 4724 1472 4772 ante
1499 4724 1551 4771 te
1580 4716 1649 4773 ab
1677 4716 1864 4782 initio,

387 4790 442 4836 et
476 4785 933 4853 prnpberaverunt
971 4803 1137 4858 super
1182 4798 1356 4843 terras
1403 4788 1626 4855 multas,
1655 4796 1711 4844 et
1738 4802 1905 4859 super

454 4870 617 4929 regna
646 4873 861 4929 magna,

379 4922 449 4980 de
478 4922 688 4997 praelio,
720 4922 774 4983 e't
804 4922 871 4986 de
901 4929 1220 4997 afflictione,
1254 4938 1310 4985 et
1336 4929 1405 4986 de
1434 4928 1598 4987 fame.

312 4993 606 5064 Propheta,
640 4993 733 5067 qui
758 5002 1080 5057 vaticinatus
1104 5010 1188 5057 est
1205 4993 1402 5072 pacem
1428 5026 1444 5069 ,

383 5080 508 5143 cum
541 5071 755 5125 venerit
780 5073 1006 5127 verbum
1038 5073 1179 5143 ejus.

378 5139 590 5223 scietur
614 5144 896 5223 propheta,
928 5139 1089 5214 quem
1125 5144 1274 5200 misit
1302 5143 1408 5215 [AL
1442 5144 1677 5217 miserit]
1713 5146 1898 5201 Domi-

451 5226 555 5265 nus
578 5216 631 5265 in
662 5216 914 5268 veritate.

300 5279 371 5333 Et
410 5281 533 5355 tulit
560 5284 799 5338 Ananias
832 5287 1099 5355 propheta
1128 5295 1378 5342 catenam
1427 5286 1498 5342 de
1544 5286 1691 5342 collo
1742 5288 1897 5345 Jere-

446 5353 571 5406 mim.
598 5355 894 5424 prophetae,

371 5424 713 5496 etconfregit
732 5440 877 5493 eam,

300 5490 369 5571 ξξῑ
396 5490 732 5571 ait_Ananias
763 5498 816 5552 in
850 5490 1146 5570 conspectu
1177 5498 1357 5555 omnis
1383 5498 1590 5571 populi,
1622 5502 1811 5560 dicens
1838 5520 1854 5560 :

300 5560 431 5620 llaec
454 5566 587 5624 dicit
618 5570 880 5625 Dominus
907 5588 921 5625 :

370 5688 397 5717 ⁸
430 5681 635 5741 Vitiose
696 5688 1041 5762 Martianaeus
1086 5705 1097 5741 :
1148 5688 1408 5745 suscitabo
1472 5708 1630 5762 super
1682 5691 1888 5745 verbum

298 5766 487 5823 meum,
513 5764 618 5812 etc.
653 5759 1047 5829 praetermisso,
1097 5775 1201 5830 vos,
1233 5759 1585 5834 pronomine,
1613 5763 1758 5843 quod
1789 5778 1887 5825 nos

2086 4576 2209 4643 quia
2231 4574 2284 4629 in
2318 4571 2448 4645 pace
2477 4576 2624 4631 illius
2654 4576 2757 4629 erit
2785 4588 2885 4643 pax
2919 4571 3097 4645 vobis.

2012 4636 2140 4699 Haec
2167 4636 2476 4701 enim-dicit
2506 4646 2763 4702 Dominus
2785 4636 3123 4698 exercituum
3152 4640 3294 4695 Dens
3335 4636 3500 4694 Israel
3524 4654 3535 4691 :

2014 4714 2132 4771 Non
2164 4732 2261 4772 vos
2289 4720 2553 4775 seducant
2579 4715 2856 4788 prophetae
2879 4716 3070 4782 vestri,
3093 4714 3183 4785 qui
3208 4720 3334 4767 sunt
3356 4712 3409 4765 in
3435 4706 3615 4766 medio

2152 4797 2388 4844 vestrum
2406 4834 2419 4857 ,

2081 4869 2136 4913 et
2156 4859 2325 4916 divini
2358 4863 2553 4917 vestri:

2009 4927 2081 4985 Et
2101 4947 2167 4985 ne
2187 4933 2483 4989 attendatis
2494 4934 2560 4990 ad
2576 4932 2789 4989 somnia
2801 4940 3004 4997 vestra,
3019 4944 3140 4998 quae
3159 4941 3259 4981 vos
3280 4922 3570 4998 somniatls
3597 4940 3611 4978 :

2080 5003 2219 5086 quia.
2240 5003 2379 5060 falso
2406 5005 2525 5078 [AL
2557 5005 2722 5075 falsa]
2750 5004 2851 5076 ipsi
2883 4995 3210 5073 proplietant
3236 4995 3393 5052 vobis
3438 4995 3489 5049 in
3515 5009 3613 5049 no-

2149 5090 2293 5131 mine
2320 5092 2444 5132 meo
2468 5097 2481 5132 ε

2077 5156 2132 5201 et
2152 5161 2259 5201 non
2285 5148 2404 5202 misi
2429 5163 2545 5215 eos,
2571 5147 2704 5203 dicit
2737 5146 3020 5203 Dominus.

2001 5216 2138 5283 Quia
2167 5220 2283 5273 hzec
2309 5221 2441 5274 dicit
2465 5220 2725 5275 Dominus
2748 5236 2761 5273 :

2002 5282 2136 5343 Cum
2166 5293 2431 5356 coeperint
2455 5292 2665 5361 impleri
2692 5290 2743 5344 in
2768 5288 3047 5360 Babylone
3078 5285 3425 5361 septuaginta
3446 5282 3607 5347 anni;

2073 5361 2304 5416 visitabo
2329 5378 2448 5429 vos,
2471 5357 2817 5422 tat-suscitabo
2838 5357 3001 5431 super
3016 5369 3041 5396 ⁸
3062 5374 3161 5415 vos
3186 5357 3411 5414 verbum
3426 5367 3607 5411 meum

2151 5432 2376 5501 bonum,

2073 5512 2134 5558 ut
2160 5505 2420 5561 reducam
2445 5520 2542 5561 vos
2571 5506 2636 5560 ad
2669 5507 2848 5562 locum
2881 5505 3069 5561 istum.

2002 5574 2117 5646 Ego
2146 5577 2295 5632 enim
2324 5578 2439 5633 scio
2468 5579 2850 5648 cogitationes,

1995 5706 2119 5750 cum
2154 5708 2222 5749 ex
2256 5692 2379 5751 aliis
2410 5694 2563 5751 libris
2602 5694 2914 5760 sutl‘ccimus
2942 5736 2957 5763 ,
3006 5702 3121 5757 tum
3169 5705 3236 5755 cx
3283 5686 3604 5748 auctoritate

1997 5784 2208 5844 Hebraei
2238 5793 2445 5858 textus,
2468 5769 2659 5859 φνεν.
2680 5804 2690 5857 j.
