3994 6342
455 303 554 365 891

528 435 666 492 quas
685 418 866 495 cogito
887 435 1051 494 super
1077 436 1200 492 vos,
1232 422 1311 479 ait
1331 421 1628 495 Dominus:

460 493 830 565 Cogitationes
857 493 1024 565 pacis,
1055 505 1110 552 et
1140 510 1244 551 non
1275 494 1617 560 afﬂictionis,

530 561 590 621 tit
617 561 741 622 dem
764 561 922 623 vobis
950 561 1109 623 finem
1139 574 1194 622 et
1215 567 1552 634 patientiam.

460 636 526 692 Et
554 638 882 696 invocabitis
907 653 1015 707 me,
1039 648 1096 696 et
1118 639 1264 694 ibitis
1290 656 1304 694 :

531 719 586 765 et
615 711 842 766 orabitis
866 723 983 774 me,
1009 719 1064 766 et
1090 711 1191 781 ego
1220 708 1508 766 exaudiam
1537 722 1659 764 vos.-

457 777 725 848 Quaeretls
752 797 860 850 me,
890 791 944 837 et
971 777 1284 849 invenietis,

532 867 656 908 cum
683 853 1009 923 quaesieritis
1032 863 1118 910 me
1147 853 1201 908 in
1235 861 1348 908 toto
1378 851 1546 909 corde
1572 857 1776 910 vestro.

462 923 534 980 Et
563 924 808 979 inveniar
838 940 866 979 a
898 924 1080 991 vobis,
1113 924 1189 980 ait
1218 925 1479 981 Dominus
1507 943 1519 978 :

534 1003 590 1051 et
619 995 870 1050 reducam
895 997 1259 1066 captivitatem
1287 1006 1550 1062 vestram,

531 1075 588 1122 et
623 1071 968 1138 congregabo
1012 1083 1109 1124 vos
1139 1069 1207 1123 de
1247 1069 1525 1124 universis
1569 1067 1865 1138 gentibus,
1907 1067 2059 1124 etde

606 1139 818 1210 cunctis
844 1140 1000 1206 locis,
1017 1139 1085 1194 ad
1109 1145 1229 1208 qua:
1251 1139 1440 1210 expuli
1470 1153 1590 1207 vos,-
1606 1138 1738 1195 dicit
1758 1139 2055 1195 Dominus:

462 1209 536 1267 Et
557 1209 758 1334 revertfi
787 1223 884 1294 vos
907 1209 1101 1267 faciam
1133 1210 1203 1268 de
1227 1209 1372 1280 loco,
1395 1210 1462 1267 ad
1489 1225 1650 1282 quem
1671 1210 2060 1283 transmigrare

605 1295 703 1334 νος
741 1293 848 1334 Gel.

605 1295 703 1337 vos
724 1293 848 1349 reci,

462 1352 597 1423 Quia
610 1353 839 1481 l(sintiisltis
863 1372 876 1409 :
901 1354 1187 1413 suscitavit
1209 1355 1366 1413 nobis
1395 1354 1657 1412 Dominus
1683 1353 1980 1427 prophetas
2007 1353 2061 1409 in

651 1441 680 1480 a
718 1442 753 1481 ν
777 1440 904 1481 one.

651 1440 904 1498 anytone.

464 1495 598 1566 Quia
622 1495 739 1572 haec
779 1497 911 1572 dicit
948 1498 1209 1572 Dominus
1236 1499 1304 1556 ad
1330 1512 1550 1571 regem,
1583 1499 1674 1572 qui
1703 1497 1862 1556 sedet
1897 1510 2062 1569 super

607 1569 805 1624 solium
836 1569 1022 1638 David,

535 1647 592 1694 et
612 1639 678 1713 ad
701 1654 919 1696 omnem
944 1642 1202 1713 populum
1233 1641 1592 1697 habitatorem
1625 1641 1780 1696 urbis
1807 1640 1990 1710 hujus.

538 1710 822 1794 etfratres
854 1710 1099 1794 vestros,
1126 1714 1218 1784 qui
1239 1729 1345 1771 non
1379 1723 1509 1769 sunt
1547 1715 1750 1786 egressi
1779 1713 2062 1769 vobiscum

610 1786 663 1856 in
697 1786 1231 1856 transmigrationem
1249 1827 1264 1853 ,

467 1852 594 1908 llmc
617 1854 745 1910 dicit
767 1852 1027 1912 Dominus
1046 1852 1384 1913 exercituum
1407 1872 1422 1911 :

468 1923 613 1980 Ecce
642 1928 851 1982 mittam
879 1929 933 1983 in
961 1942 1055 1983 eos
1083 1927 1319 1999 gladium
1344 1967 1360 1993 ,
1386 1935 1442 1982 et
1466 1926 1661 1982 famem
1684 1967 1700 1993 ,
1734 1934 1791 1982 et
1818 1934 2022 1999 pestem
2048 1942 2063 1982 :

540 2003 597 2052 et
621 2012 816 2066 ponam
841 2013 937 2056 eos
966 1998 1119 2069 quaSi
1150 2000 1281 2055 ﬂens
1313 2000 1482 2054 malas
1507 2031 1524 2066 ε
1560 2013 1681 2070 qua:
1717 1998 1929 2055 comedi
1956 2001 2066 2054 ndn

609 2078 871 2140 possunt,

541 2152 608 2195 eo
637 2140 782 2209 quod
806 2141 1055 2212 pessimae
1084 2142 1213 2197 sint.

467 2208 539 2265 Et
559 2208 856 2336 pe'gselquar
893 2227 988 2270 eos
1019 2213 1072 2269 in
1093 2213 1272 2285 gladio
1297 2235 1312 2282 ,-
1345 2219 1400 2268 et
1429 2212 1482 2267 in
1510 2211 1684 2283 fame,
1715 2220 1772 2268 et
1805 2211 1858 2267 in
1898 2213 2068 2283 pesti-

671 2299 703 2336 n
733 2299 779 2336 ia
803 2301 822 2336 ε

639 2291 779 2339 entia
803 2301 822 2343 ἓ

541 2363 599 2427 et
625 2355 766 2427 dabo
794 2371 890 2424 eos
917 2357 971 2413 in
1002 2357 1342 2414 vexationem
1375 2355 1642 2411 universis
1667 2355 1846 2427 regnis
1872 2362 2067 2422 terrae;

544 2425 598 2480 in
629 2425 1090 2497 maledictionem,
1123 2438 1179 2484 et
1211 2430 1260 2483 in
1293 2439 1568 2493 stuporem
1599 2445 1609 2480 :
1733 2425 1749 2427 ⁷
1919 2483 1922 2487 ,
2017 2483 2022 2488 ,

542 2505 599 2551 et
625 2496 679 2571 in
705 2497 949 2566 sibilum,
983 2509 1041 2555 et
1068 2496 1120 2555 in
1153 2499 1505 2571 opprobrium
1543 2498 1754 2555 cunctis
1775 2498 2026 2570 gentibus
2053 2539 2068 2565 ,

709 2584 843 2657 quas
871 2571 1156 2657 ejeci_[Af.
1182 2568 1425 2657 eiiciam]
1453 2585 1546 2626 eos
1573 2588 1584 2623 :

473 2635 556 2694 Eo
592 2635 741 2709 quod‘
780 2635 1569 2709 non'andi'erint'verlia"mea,
1608 2641 1736 2697 dicit
1761 2642 2057 2696 Dominus:

543 2713 663 2781 quas
693 2713 812 2767 misi
851 2714 916 2784 ad
958 2729 1054 2771 eos
1090 2730 1190 2785 per
1209 2729 1402 2770 servos
1446 2728 1600 2769 meos
1647 2713 1962 2785 prophetas,
2003 2712 2071 2768 de

618 2791 776 2839 nocte
795 2793 1147 2858 consurgens,
1179 2795 1233 2841 et
1259 2787 1509 2840 mittens:

545 2861 729 2909 etnon
753 2856 1010 2923 audistis,
1031 2857 1162 2913 dicit
1191 2858 1474 2913 Dominus.

480 2923 589 2982 Vos
608 2927 929 2996 ergoaudite
949 2929 1176 2984 verbum
1195 2927 1427 2993 Domini,
1447 2928 1624 2982 omnis
1645 2925 2068 2998 transmigratio.

549 2999 894 3072 quamemisi
920 2999 990 3055 de
1015 2999 1316 3056 Jerusalem
1339 2999 1394 3055 in
1424 2999 1754 3072 Babylonem
1778 3013 1793 3072 ξ

476 3067 606 3123 Haec
631 3068 759 3125 dicit
790 3071 1050 3127 Dominus
1085 3073 1424 3128 exercituum
1457 3067 1602 3126 Deus
1634 3071 1800 3126 Israel
1827 3069 1893 3126 ad
1920 3068 2074 3126 Ahab

621 3141 787 3195 filium
815 3137 988 3210 Colia,
1234 3141 1238 3144 ’

550 3219 605 3265 et
631 3212 699 3268 ad
721 3211 1000 3270 Scdeciam
1031 3214 1195 3269 filium
1221 3215 1456 3277 Mnasias,
1649 3253 1656 3258 -

548 3283 639 3352 qui
674 3285 1001 3356 prophetam
1024 3285 1178 3342 vobis
1212 3289 1264 3341 in
1296 3284 1516 3341 nomine
1546 3297 1672 3340 meo
1699 3282 2072 3356 mendaciter:

474 3354 620 3410 Ecce
622 3369 743 3480 lfglo
771 3354 978 3482 {radam
1006 3372 1102 3414 eos
1129 3359 1183 3414 in
1213 3373 1376 3414 manu
1403 3356 1906 3414 Nabuchodonosor
1933 3355 2077 3428 regis

665 3441 692 3480 a
717 3442 766 3482 ιν
792 3441 950 3482 oms:

665 3429 911 3484 ahvlonis
935 3443 950 3484 :

622 3442 911 3500 uanytonts
935 3443 950 3484 :

549 3507 604 3552 et
635 3502 901 3566 percutiet
938 3499 1117 3565 eosin
1152 3501 1325 3555 oculis
1352 3501 1570 3556 vestris.
1943 3529 1948 3536 ι

480 3567 552 3626 Et
580 3572 887 3642 assumetur
912 3585 980 3627 ex
1007 3574 1086 3627 eis
1112 3573 1419 3627 maledictio
1441 3575 1586 3626 omni
1619 3569 2078 3642 transmigrationi

625 3640 790 3716 Juda,
818 3657 939 3716 quae
965 3651 1048 3698 est
1077 3643 1131 3716 in
1156 3643 1449 3716 Babylone,
1483 3645 1776 3716 dicentium
1803 3658 1818 3696 :

483 3711 654 3766 Ponat
682 3719 736 3767 te
762 3712 1024 3768 Dominus
1063 3715 1202 3769 sicut
1249 3711 1564 3782 Sedeciam,
1618 3724 1673 3770 et
1713 3713 1856 3768 sicut
1899 3711 2076 3780 Ahab,

625 3798 762 3854 quos
795 3785 940 3859 frixit
964 3801 1059 3859 rex
1084 3785 1376 3859 Babylonis
1399 3787 1451 3842 in
1479 3790 1645 3859 igne,‘

552 3871 657 3925 pro
687 3869 752 3908 eo
781 3856 925 3924 quod
959 3855 1579 3913 fecerint'stultitiamin
1603 3855 1788 3923 Israel,

551 3935 607 3980 et
633 3926 888 3982 mtechati
919 3937 1040 3983 sunt
1071 3930 1124 3983 in
1154 3945 1351 3985 uxores
1376 3934 1671 3984 amicorum
1705 3939 1928 3983 suorum
1955 3967 1971 3992 ,

553 4005 610 4052 et
639 3997 802 4051 locuti
833 4008 959 4054 sunt
984 4001 1208 4054 verbum
1240 4001 1294 4056 in
1325 4001 1542 4058 nomine
1565 4014 1686 4056 meo
1715 3997 2076 4065 mendaciter,

625 4067 773 4137 quod
807 4084 911 4124 non
943 4071 1190 4126 mandavi
1219 4073 1344 4128 eis:

478 4138 594 4211 Ego
622 4153 740 4211 sum
767 4139 936 4210 iudex
960 4152 1014 4196 et
1046 4143 1220 4206 testis.
1247 4143 1381 4198 dicit
1409 4143 1692 4198 Dominus.

479 4209 549 4264 Et
571 4210 636 4266 ad
666 4210 938 4267 Semeiam
968 4212 1316 4270 Neelamitem
1357 4215 1540 4270 dices:

477 4281 610 4339 Haec
638 4283 770 4337 dicit
799 4283 1061 4339 Dominus
1084 4287 1445 4350 exercituum,
1481 4287 1623 4341 Deus
1653 4285 1818 4342 Israel
1853 4301 1864 4336 :

478 4350 586 4407 Pro
616 4365 683 4409 eo
708 4354 852 4421 quod
882 4354 1077 4410 misisti
1107 4356 1163 4411 in
1195 4359 1413 4416 nomine
1439 4367 1530 4412 tuo
1556 4359 1724 4415 libros
1758 4356 1826 4413 ad
1860 4365 2078 4412 omnem

621 4425 902 4499 populum,
929 4427 1022 4499 qui
1050 4437 1137 4483 est
1162 4429 1215 4482 in
1248 4428 1574 4499 Jerusalem,

549 4506 604 4550 et
626 4497 692 4570 ad
713 4497 1044 4570 Sophoniam
1075 4499 1241 4554 filium
1270 4501 1480 4556 Maasiae
1509 4497 1871 4570 sacerdotem,

551 4576 607 4622 et
624 4567 695 4641 ad
727 4569 1014 4641 universos
1039 4572 1380 4641 sacerdotes,
1410 4572 1599 4629 dicens
1624 4591 1637 4629 :

476 4634 739 4716 Dominus
764 4639 919 4716 dedit
942 4634 1379 4716 te_sacerdotem'
1403 4661 1502 4715 pro
1530 4645 1721 4701 Joiade
1747 4644 2026 4701 sacerdote
2052 4685 2068 4713 ,

549 4716 610 4765 ut
649 4711 724 4765 sis
766 4711 874 4788 dux
904 4713 958 4767 in
988 4713 1149 4768 domo
1196 4711 1421 4788 Domini
1449 4731 1613 4788 super
1645 4731 1861 4773 omnem
1898 4711 2068 4772 virum

623 4783 962 4866 arreptitium
993 4794 1048 4866 et
1076 4785 1519 4866 prophetantem,

549 4861 610 4908 ut
635 4855 823 4910 mittas
854 4870 978 4910 eum
1004 4855 1059 4910 in
1090 4871 1316 4911 nervum
1346 4867 1402 4912 et
1429 4859 1479 4912 in
1503 4870 1777 4916 carcerem
1805 4875 1820 4916 :
2015 4919 2020 4924 ,

473 4921 544 4980 Et
574 4939 718 4980 nunc
744 4940 913 4996 quare
942 4940 1049 4996 non
1073 4925 1361 4996 increpasti
1402 4928 1692 4986 Jeremiam
1739 4921 2070 4988 Anathotlii-

620 5004 734 5060 ten,
763 4997 854 5066 qui
891 4995 1179 5066 prophetat
1203 4995 1394 5054 vobis?

542 5067 678 5133 Quia
695 5082 859 5135 super
882 5067 985 5123 hoc
996 5068 1220 5124 misitad
1243 5085 1362 5138 nos,
1387 5072 1438 5128 in
1459 5073 1812 5145 Babylonem,
1831 5071 2021 5130 dicens
2049 5091 2064 5130 :

470 5135 715 5206 Longum
737 5147 822 5192 est
847 5155 858 5191 :

542 5207 807 5265 azdificate
829 5210 1044 5277 domos,
1072 5221 1128 5269 et
1163 5212 1409 5272 habitate
1442 5231 1456 5269 τ

542 5287 596 5333 et
617 5278 856 5348 plautate
879 5283 1066 5339 hortos
1082 5326 1097 5349 ,

537 5356 595 5404 et
620 5351 887 5408 comedite
914 5353 1145 5412 fructum
1171 5371 1379 5414 eorum.

462 5419 619 5492 Legit
641 5436 772 5494 ergo
792 5423 1097 5494 Sophonias
1119 5430 1379 5487 sacerdos
1431 5431 1626 5489 librum
1685 5432 1850 5490 istum
1883 5433 1937 5489 in
1975 5449 2070 5490 au-

608 5492 760 5548 ribus
781 5492 1030 5551 .leremiaz
1063 5500 1358 5568 prophetat.

461 5562 762 5645 _E.tfactum
794 5575 878 5622 est
901 5562 1124 5624 verbum
1159 5562 1367 5629 Domini
1399 5574 1465 5629 ad
1497 5577 2024 5645 Jeremiam,dicens
2051 5596 2062 5633 :

460 5634 614 5712 Mitte
640 5636 725 5712 ad_
735 5653 951 5712 omnem
978 5645 1529 5712 transmigrationem,
1561 5648 1748 5704 dicens
1773 5667 1788 5706 :

539 5705 664 5762 llaec
694 5708 824 5764 dicit
854 5710 1116 5769 Dominus
1143 5705 1891 5778 adSemciam'Neelamitctn
1929 5741 1940 5776 :

467 5777 577 5836 Pro
604 5794 678 5908 Eoi
683 5782 1202 5912 1't'tiutcai‘t‘lutlirophetavit
1233 5789 1387 5847 vobis
1410 5789 1657 5850 Semeias
1679 5834 1695 5863 ,
1726 5801 1782 5852 et
1818 5777 1928 5869 ego
1956 5809 2066 5863 non

1465 305 1527 365 S.
1568 304 1950 365 IIIERONYMI
1987 304 2224 366 DIVINA
2260 304 2741 369 BIBLIOTHECA.

2079 422 2139 485 Α
2233 431 2288 478 et
2311 422 2436 480 fecit
2468 439 2568 480 vos
2588 421 2867 480 conﬁdere
2896 421 2949 477 in
2973 419 3296 478 mendacio:

3639 308 3748 368 892

2238 493 2442 551 idcirco
2471 496 2587 551 hmc
2625 495 2758 550 dicit
2784 495 3044 549 Dominus
3068 503 3084 548 :

2158 565 2302 622 Ecce
2331 583 2432 637 ego
2452 567 2683 624 visitabo
2704 581 2870 636 super
2895 565 3166 622 Semeiam
3189 555 3543 622 Neelamitem
3575 604 3594 634 ,

2233 645 2471 708 etsuper
2497 653 2683 694 semen
2710 639 2831 706 ejus
2860 655 2873 690 :

2158 708 2276 765 Non
2310 705 2413 765 erit
2433 709 2483 766 ei
2509 711 2590 765 vir
2610 705 2807 765 sedens
2829 709 2882 764 in
2909 705 3089 767 medio
3103 708 3299 780 populi
3316 708 3492 780 hujus
3511 748 3529 778 ,

2232 789 2288 838 et
2313 797 2421 836 non
2442 780 2648 853 Videbit
2675 781 2877 838 bonum
2908 819 2928 848 ,
2973 779 3120 851 quod
3169 794 3271 852 ego
3303 779 3503 837 faciam
3557 780 3764 853 populo

2312 869 2452 920 meo,
2478 852 2552 907 ait
2580 853 2842 908 Dominus
2873 891 2888 917 ,

2234 925 2375 1008 quia.
2409 924 2914 994 praevaricationem
2951 924 3169 981 locutus
3217 932 3304 981 est
3345 923 3616 982 adversus
3661 924 3769 982 Do—

2305 1012 2535 1052 mtuum.

2163 1065 2310 1142 [ϐαρ.
2333 1066 2532 1142 XXX-.1
2557 1066 2673 1142 {Ioc
2698 1066 2926 1142 verbum
2945 1109 2959 1133 ,
2983 1066 3129 1135 quod
3168 1066 3372 1124 factum
3401 1073 3490 1124 est
3513 1066 3586 1124 ad
3610 1066 3766 1124 lere-

2304 1140 2467 1194 miam
2499 1138 2528 1193 a
2557 1138 2809 1204 Domino,
2841 1139 3066 1195 dicens:

2164 1211 2294 1267 Haec
2322 1211 2452 1266 dicit
2471 1211 2730 1267 Do‘minus
2756 1212 2894 1266 Deus
2916 1211 3108 1275 israel,
3139 1209 3330 1266 dicens
3359 1226 3371 1263 :
3539 1247 3546 1272 .-

2165 1281 2484 1410 Scrilzebtiobi
2506 1283 2688 1339 omnia
2709 1283 2895 1352 verba,
2919 1297 3042 1354 qua:
3070 1282 3284 1339 locutus
3317 1295 3439 1338 sum
3477 1279 3548 1338 ad
3587 1288 3644 1341 te
3663 1323 3682 1352 ,
3713 1279 3768 1338 in

2325 1371 2346 1409 ι
2383 1370 2408 1408 r
2450 1381 2467 1409 δ
3105 1382 3108 1386 -

2325 1369 2467 1410 101·οδ
3105 1382 3108 1386 '

2164 1425 2309 1483 Ecce
2337 1427 2482 1481 enim
2503 1424 2622 1482 dies
2648 1425 2896 1493 veniunt,
2926 1425 3057 1481 dicit
3077 1424 3379 1481 Dominus:

2237 1507 2296 1554 et
2311 1505 2625 1568 convertam
2648 1497 3063 1568 conversionem
3079 1494 3265 1567 populi
3277 1496 3380 1551 mei
3397 1494 3510 1568 [ΑΙ.
3523 1493 3580 1553 in
3593 1496 3764 1568 terra]

2312 1569 2476 1625 Israel
2506 1572 2566 1625 el
2587 1567 2751 1632 Juda,
2775 1569 2853 1624 ait
2881 1567 3144 1624 Dominus
3170 1583 3186 1620 :

2240 1648 2294 1698 et
2315 1648 2634 1697 convertam
2664 1653 2760 1697 eos
2787 1639 2859 1696 ad
2880 1648 3110 1708 terram;
3138 1652 3307 1710 quam
3346 1637 3477 1695 dedi
3523 1636 3769 1712 patribus

2311 1727 2499 1768 eorum
2532 1731 2546 1767 2

2095 1807 2146 1883 Β
2240 1794 2300 1840 et
2324 1784 2676 1855 possidebunt
2697 1797 2840 1840 eam.

2173 1853 2240 1912 Et
2270 1855 2387 1912 bzec
2410 1857 2595 1912 verba.
2628 1872 2751 1912 uuas
2779 1855 2840 1912 lo<

2221 1863 2240 1912 t
2270 1850 2387 1982 hic;
2410 1857 2595 1984 verba,
2628 1872 2751 1927 quae
2779 1855 2992 1912 locutus
3020 1861 3105 1912 est
3128 1852 3390 1912 Dominus
3425 1851 3495 1909 ad
3523 1850 3690 1910 Israel
3716 1861 3768 1910 et

2449 1944 2478 1982 ΙΙ
2521 1943 2608 1982 am
2641 1945 2653 1981 2
3349 1942 3362 1955 ⁸

2449 1942 2608 1982 uuam
2641 1945 2653 1981 2
3349 1942 3362 1955 ⁸

2169 1999 2436 2067 Quoniam
2469 1998 2584 2054 haec
2614 1998 2744 2055 dicit
2782 1998 3046 2054 Dominus
3075 2014 3090 2053 :

2170 2069 2371 2126 Vocem
2407 2071 2630 2126 terroris
2657 2070 2963 2127 audivimus
2998 2088 3010 2123 :

2241 2141 2498 2209 formido,
2531 2151 2587 2198 et
2613 2157 2722 2197 non
2747 2151 2830 2197 est
2859 2155 2983 2211 pax.

2169 2211 2522 2284 Interrogata,
2555 2223 2606 2268 et
2635 2213 2822 2269 videte
2853 2209 2898 2268 si
2933 2219 3160 2281 generat
3219 2209 3488 2284 masculus
3544 2225 3560 2263 :
3609 2223 3770 2277 quare

2246 2281 2508 2354 ergo'vidi
2533 2285 2710 2340 omnis
2734 2284 2838 2340 viri
2865 2298 3081 2343 manum
3104 2297 3273 2354 super
3301 2281 3541 2337 lumbum
3571 2294 3724 2336 suum
3753 2320 3768 2346 ,

2312 2353 2466 2426 quasi
2498 2357 2844 2430 parturientis
2863 2354 2974 2430 [.41.
3001 2353 3308 2430 parientis],

2245 2435 2299 2483 et
2327 2421 2604 2484 conversae
2651 2437 2779 2482 sunt
2806 2421 3077 2482 universas
3120 2421 3289 2482 facies
3326 2423 3382 2480 lu
3408 2421 3768 2494 aeruginem?

2173 2498 2299 2555 Vae!
2331 2499 2456 2568 quia
2487 2505 2679 2569 magna
2709 2499 2824 2554 dies
2855 2499 2979 2565 illa,

2247 2585 2348 2625 nec
2375 2580 2458 2626 est
2485 2571 2682 2625 similis
2713 2570 2830 2640 ejus
2862 2585 2877 2622 :

2173 2640 2519 2712 Tempusqu'e
2553 2639 2916 2697 tribulationis
2943 2649 3026 2698 est
3053 2639 3264 2708 Jsoob;

2245 2722 2302 2768 et
2327 2728 2395 2769 ex
2426 2713 2543 2783 ipso
2565 2714 2885 2769 salvabitur.

2175 2785 2245 2842 Et
2273 2784 2381 2842 erit
2399 2781 2462 2839 iri
2481 2786 2567 2842 die
2595 2785 2707 2852 illa,
2731 2786 2806 2838 ait
2838 2784 3097 2840 Dominus
3117 2781 3483 2852 exercituum.

2245 2865 2524 2983 codnteram
2545 2847 2738 2927 jugum
2767 2855 2887 2926 ejus
2908 2856 2980 2912 de
3007 2855 3148 2911 collo
3177 2864 3304 2920 tuo,
3339 2863 3395 2909 et
3416 2851 3635 2911 vincula
3661 2847 3773 2922 ejus

2338 2943 2632 2983 tsrumoam
2655 2967 2672 2983 .

2338 2943 2632 2997 tsrumpam
2655 2967 2672 2994 ,

2247 3007 2303 3054 et
2326 3014 2429 3054 non
2461 2993 2888 3055 dominabuntur
2914 2997 2963 3055 ei
2988 2997 3220 3069 amplius
3241 2993 3407 3053 alieni
3437 3009 3454 3050 :

2175 3070 2282 3128 Sed
2313 3070 2554 3126 servient
2582 3071 2814 3126 Domino
2836 3071 2950 3127 Deo
2976 3084 3108 3136 suo,

2253 3153 2307 3198 et
2337 3142 2506 3196 David
2535 3143 2645 3213 regi
2670 3158 2792 3209 suo,
2819 3149 2979 3213 quem
3009 3140 3286 3213 suscitabo,
3301 3139 3401 3196 eis.

2103 3215 2156 3279 G
2181 3215 2260 3271 Tu
2289 3225 2423 3284 ergo
2451 3229 2517 3269 ne
2544 3207 2764 3280 timeas,
2780 3207 2946 3270 'se'rve‘
2967 3221 3124 3269 metis
3141 3211 3348 3276 Jacob,
3371 3211 3448 3265 ait
3477 3207 3736 3266 Dominus
3755 3247 3770 3274 ,

2322 3300 2498 3356 neque
2527 3300 2750 3355 pavens,
2780 3285 2944 3341 Israel
2978 3302 2989 3338 :
3229 3355 3239 3356 ί
3351 3307 3380 3356 τι

2178 3357 2314 3425 Quia
2341 3353 2466 3411 ecce
2493 3353 2595 3430 ego
2619 3357 2840 3430 salvabo
2873 3367 2924 3411 te
2949 3357 3020 3410 de
3051 3362 3195 3430 terra
3227 3353 3522 3430 longinqua
3545 3379 3566 3419 δ

2249 3441 2304 3485 et
2330 3441 2515 3483 semen
2535 3426 2692 3484 tuum
2714 3429 2783 3484 de
2812 3436 2959 3483 terra
2977 3426 3306 3497 captivitatis
3328 3437 3522 3481 eorum
3545 3443 3560 3478 :

2180 3501 2251 3556 Et
2279 3508 2582 3556 revertetur
2606 3500 2795 3561 Jacob.
2824 3508 2882 3554 et
2903 3500 3167 3569 quiescet,

2250 3583 2306 3629 et
2331 3572 2540 3627 cunctis
2571 3570 2759 3626 at‘ﬂuet
2777 3570 2956 3635 bonis,

2251 3654 2306 3700 et
2335 3658 2442 3698 non
2463 3641 2568 3697 erit
2595 3657 2754 3711 quem
2788 3642 3039 3697 formidet
3071 3656 3089 3694 τε

2179 3715 2448 3783 Quoniam
2475 3709 2649 3770 tecum
2672 3727 2775 3783 ego
2805 3729 2946 3779 sum,
2980 3712 3054 3766 ait
3084 3710 3364 3783 Dominus,
3383 3717 3444 3783 ut
3461 3709 3664 3783 salveto
3690 3716 3766 3761 te:

2181 3781 2397 3845 Faciam
2429 3784 2570 3841 enim
2600 3781 3124 3842 consummationem
3158 3782 3210 3836 in
3235 3781 3450 3837 eunetis
3473 3781 3726 3852 gentibus
3753 3818 3768 3845 ,

2326 3857 2381 3914 in
2411 3856 2607 3926 quibus
2638 3857 2871 3935 dispersi
2892 3865 2949 3935 tu
2978 3872 2993 3910 :
3298 3923 3329 3935 γ’

2253 3940 2308 3987 te
2333 3939 2512 3984 autem
2542 3935 2647 3984 non
2678 3932 2866 3984 faciam
2891 3929 2946 3984 in
2971 3929 3496 3983 consummationem
3523 3939 3540 3979 :

2181 4003 2288 4060 Sed
2311 4001 2587 4071 castigabo
2615 4008 2668 4055 te
2697 4001 2749 4056 in
2772 4001 2978 4068 judicio
3003 4043 3017 4066 ,

2254 4085 2311 4130 ut
2339 4069 2708 4128 non‘videaris
2737 4073 2830 4127 tibi
2854 4069 3131 4127 innoxius.

2181 4146 2317 4216 Quia
2351 4147 2467 4200 haec
2489 4144 2623 4216 dicit
2649 4144 2909 4200 Dominus
2939 4160 2951 4196 :

2255 4211 2574 4271 Insanabilis
2604 4214 2836 4270 fractura
2870 4225 2958 4270 tua
2983 4253 2998 4282 ,

2251 4289 2487 4359 pessima
2514 4285 2674 4368 plaga
2705 4297 2814 4368 tua.

2180 4348 2298 4417 No'n
2320 4370 2402 4415 εει
2435 4348 2532 4429 qui
2557 4348 2758 4428 iudicet
2784 4357 3047 4426 judicium
3076 4363 3227 4429 tuum
3258 4353 3326 4410 ad
3357 4348 3692 4422 alligandum
3723 4363 3736 4400 :

2251 4428 2589 4487 curationum
2619 4430 2824 4484 utilitas
2848 4443 2955 4484 non
2977 4438 3063 4483 est
3093 4428 3216 4482 tibi.

2180 4503 2382 4559 Omnes
2409 4509 2682 4557 amatores
2708 4500 2801 4571 qui
2829 4500 2984 4556 obliti
3003 4510 3131 4555 sunt
3152 4498 3227 4554 tui
3257 4537 3278 4565 ,

2101 4608 2153 4670 Β
2183 4645 2237 4670 nl
2262 4587 2422 4646 teque
2579 4581 2822 4656 quaerent
2854 4589 2866 4624 2

2181 4645 2239 4700 Pl

2245 4632 2347 4718 aga
2372 4632 3019 4718 enimlinimicipercussi
3047 4650 3120 4718 te,
3149 4636 3511 4718 castigatione
3530 4632 3735 4718 crudeli
3752 4653 3767 4718 ε

2252 4705 2472 4788 promer
2499 4705 2900 4771 multitudinem
2940 4712 3242 4784 iniquitatis
3293 4705 3400 4765 iure
3445 4710 3586 4764 dura
3638 4705 3769 4760 facta

2321 4793 2447 4843 sunt
2473 4796 2694 4859 peccata
2725 4796 2838 4842 tua.

2179 4859 2316 4930 Quid
2355 4853 2555 4916 clamas
2580 4872 2745 4928 super
2774 4855 3109 4913 contritione
3137 4853 3272 4910 tua?

2250 4930 2568 4987 insanabilis
2597 4939 2681 4986 est
2703 4929 2858 4985 dolor
2880 4939 3002 4984 tuus
3027 4944 3042 4982 ε

2177 5002 2405 5074 Propter
2426 5001 2826 5076 multitudinem
2855 4998 3157 5076 iniquitatis
3183 5004 3294 5076 tum
3317 5037 3334 5062 ,
3477 5063 3490 5076 ο

2249 5064 2305 5130 εἰ
2331 5083 2550 5147 propter
2569 5073 2702 5127 dnra
2728 5064 3067 5147 peccata'tua
3096 5069 3197 5124 feci
3231 5067 3347 5147 huic
3391 5064 3516 5147 tibi.

2176 5134 2469 5216 Propterea
2497 5159 2711 5210 omnes,
2728 5134 2834 5211 ἀιιὶ
2855 5143 3147 5216 comedunt
3167 5151 3244 5216 te,
3266 5134 3702 5216 devorabuntttr.

2248 5207 2304 5274 ei
2330 5218 2564 5275 universi
2587 5207 2775 5272 hostes
2804 5215 2880 5269 tui
2905 5216 2956 5268 in
2985 5212 3358 5282 captivitatem
3382 5207 3659 5262 ducentur
3686 5221 3698 5256 :

2177 5291 2244 5347 Et
2269 5291 2361 5361 qui
2384 5298 2436 5346 te
2462 5296 2698 5354 vastant,
2730 5286 3122 5361 vastabantur,

2247 5347 2576 5438 cunctosque
2598 5347 2932 5438 praedatores
2964 5366 3087 5438 tuos
3111 5347 3258 5409 dabo
3285 5350 3339 5406 in
3371 5347 3639 5421 prtedam.

2176 5427 2627 5506 Obducamienim
2650 5431 2958 5506 cicatricem
2991 5427 3118 5506 tibi:
3207 5494 3246 5506 ,,
3286 5494 3317 5506 ._
3343 5494 3383 5506 η
3487 5491 3498 5502 .

2252 5515 2307 5561 et
2329 5519 2357 5560 a
2388 5504 2705 5559 vulneribus
2725 5503 2832 5556 tuis
2854 5497 3061 5554 sanabo
3092 5506 3167 5559 te,
3191 5494 3627 5550 dicitDominus.

2171 5579 2308 5648 Quia
2341 5577 2570 5648 ejectam
2595 5580 2927 5649 vocaverunt
2951 5578 3027 5634 te,
3056 5569 3187 5649 Sion
3222 5583 3236 5621 :

2248 5643 2506 5713 lla-eest,
2538 5662 2659 5718 qum
2681 5660 2787 5701 non
2818 5643 3012 5699 habeat
3039 5643 3426 5711 requirentem.

2173 5721 2304 5784 Hazc
2325 5719 2458 5788 dicit
2485 5719 2747 5776 Dominus
2783 5735 2796 5774 :
3072 5783 3085 5788 _
3359 5779 3373 5788 _
3602 5773 3615 5788 ,
3798 5768 3800 5771 .

2176 5773 2439 5861 Eéhé'égo
2477 5773 2798 5847 convertant
2839 5783 3256 5843 conversionem
3302 5773 3768 5836 tabernaculoi'um

2320 5862 2488 5924 Jacob
2503 5907 2520 5934 ,
