4114 6364
353 295 466 355 895

423 420 481 470 et
504 412 662 486 tectis
690 410 804 483 ejus
831 410 940 485 [AL
973 411 1179 486 eorum]
1213 408 1550 486 miserebor;

424 493 480 542 et
504 483 864 540 mdiﬁcabitur
884 486 1074 540 civitas
1104 483 1395 540 inexcclso
1425 497 1555 547 suo,

421 568 478 614 et
503 557 762 624 templum
790 557 943 627 juxta
972 557 1218 612 ordinem
1245 570 1407 627 suum,
1434 550 1764 627 fundabitur.

350 628 423 685 Et
451 628 759 698 egredietur
783 624 851 683 de
881 629 959 681 eis
984 630 1120 697 laus,
1153 642 1366 697 voxque
1398 624 1693 681 ludentium
1724 640 1738 678 :

424 713 478 755 et
501 699 869 767 multiplicabo
898 716 1015 764 eos,
1046 710 1100 756 et
1128 716 1232 753 non
1258 698 1570 753 minuentur
1602 714 1617 761 ;

421 780 477 827 et
506 770 826 840 gloriﬁcabo
856 786 975 837 eos,
1003 780 1059 827 et
1086 786 1193 826 non
1223 770 1667 825 attenuabuutur.

350 843 417 900 Et
443 852 601 899 erunt
632 842 726 897 lilii
747 843 866 912 ejus
895 842 1036 898 sicut
1064 859 1093 898 a
1122 840 1390 912 principio
1411 882 1425 907 ,

419 924 474 971 et
496 923 672 971 cretus
698 913 816 982 ejus
846 929 1027 969 coram
1057 931 1143 970 me
1166 912 1543 985 permanebit:

420 998 475 1042 et
503 985 739 1041 visitabo
760 985 1047 1041 adversum
1077 983 1266 1041 omnes
1296 983 1387 1055 qui
1415 984 1672 1040 tribulant
1697 998 1842 1040 eum.

346 1056 419 1112 Et
445 1058 551 1112 erit
570 1057 677 1112 dux
702 1059 823 1125 ejus
847 1072 915 1112 ex
947 1073 1015 1111 eo
1049 1076 1063 1114 :

418 1139 475 1184 et
506 1131 755 1198 princeps
777 1126 845 1184 de
876 1130 1056 1185 medio
1085 1129 1205 1196 ejus
1237 1127 1564 1198 producetur
1598 1141 1615 1183 :

418 1208 475 1255 et
505 1199 790 1270 applicabo
812 1216 958 1267 eum,
990 1211 1044 1255 et
1067 1201 1289 1256 accedet
1309 1199 1374 1253 ad
1401 1215 1505 1255 me.

346 1271 479 1339 Quis
508 1273 651 1327 enim
684 1273 919 1344 isteest,
950 1272 1041 1344 qui
1071 1273 1306 1341 applicet
1335 1285 1429 1326 eor
1470 1285 1629 1327 suum
1664 1278 1939 1343 utappro-

494 1343 718 1413 pinquet
743 1342 808 1397 ad
835 1358 941 1411 me,
966 1342 1043 1398 ait
1068 1343 1368 1399 Dominus:

347 1413 419 1469 Et
446 1414 600 1469 eritis
629 1415 757 1469 milii
781 1417 835 1469 in
861 1416 1115 1484 populum
1144 1457 1159 1480 ,

340 1516 388 1557 ‘7‘
417 1493 474 1540 et
494 1500 594 1557 ego
625 1502 720 1541 ero
742 1487 897 1543 vobis
926 1487 977 1541 in
1006 1486 1201 1541 Deum.

347 1555 491 1613 Ecce
516 1555 672 1612 turbo
697 1557 932 1621 Domini,
960 1558 1106 1613 t‘urur
1130 1558 1439 1626 egrediens,
1469 1555 1707 1627 procella
1732 1570 1898 1613 ruens
1923 1598 1939 1624 ,

420 1629 472 1681 in
504 1630 680 1697 capite
707 1630 998 1698 impiorum
1032 1628 1401 1696 conquiescet.

343 1697 463 1753 Non
485 1710 695 1755 avertet
722 1701 855 1754 iram
889 1699 1274 1771 indignationis
1301 1700 1562 1754 Dominus
1583 1741 1599 1765 ,
1643 1698 1819 1771 donec
1858 1698 1940 1755 fa-

487 1771 594 1827 ciat
621 1782 677 1848 et
699 1773 977 1848 eumpleat
1003 1772 1381 1848 cogitationem
1407 1771 1590 1848 cordis
1617 1770 1700 1825 sui
1724 1788 1739 1826 :

419 1842 470 1895 in
512 1842 805 1900 nmissituo
832 1844 1039 1898 dierum
1085 1844 1394 1911 intelligetis
1422 1842 1507 1894 ca'.

346 1912 498 1987 [qu.
531 1913 753 1987 XXXIJ
784 1915 838 1970 In
865 1924 1107 1987 tempore
1134 1916 1248 1979 illo,
1277 1912 1728 1987 (licitmeinus:

418 1984 528 2040 Ero
561 1986 699 2040 Deus
735 1984 1000 2042 universis
1023 1987 1441 2055 cogitationibus
1462 1984 1651 2050 Israel,

413 2065 469 2111 et
497 2056 596 2129 ipsi
628 2068 790 2129 erunt
816 2057 945 2113 mihi
974 2062 1029 2114 in
1060 2060 1343 2129 populum.

344 2126 471 2181 Ilatc
490 2126 621 2183 dicit
650 2127 908 2184 Dominus
940 2148 951 2182 :

343 2197 553 2254 Invenit
572 2202 802 2273 gratiam
832 2202 888 2257 in
920 2201 1139 2258 deserto
1168 2200 1436 2273 populus,
1479 2197 1573 2272 qui
1604 2208 1945 2257 remanserat

486 2271 766 2329 agladio:
1169 2271 1182 2273 ⁷
1242 2271 1258 2273 “
1378 2319 1390 2329 .

488 2287 773 2416 ἓξὲξ]
805 2343 984 2416 vadat]
1004 2344 1070 2400 ad
1095 2344 1335 2416 requiem
1364 2319 1517 2401 suam
1545 2338 1738 2400 Israel.

342 2408 530 2483 Longe
559 2408 815 2473 Dominus
840 2408 1093 2484 apparuit
1118 2408 1271 2471 mihi.

345 2485 494 2558 Elin
519 2485 782 2544 charitate
809 2499 1064 2558 perpetua
1097 2487 1259 2543 dilexi
1282 2497 1333 2545 te
1362 2504 1377 2542 :

422 2556 542 2611 ideo
570 2559 789 2625 attraxi,
824 2568 876 2614 te
896 2556 1180 2616 miserans.

345 2626 690 2698 Rursumque
720 2630 1003 2687 aediﬁcabo
1033 2641 1083 2685 te
1103 2672 1119 2696 ,

417 2707 475 2771 et
504 2700 876 2769 :edilicaberis,
913 2703 1060 2771 virgo
1084 2701 1248 2757 Israel
1275 2719 1288 2757 :

342 2768 533 2826 Adhuc
560 2768 1150 2845 ornaberistympanis
1180 2775 1307 2841 tuis,

415 2849 469 2914 et
499 2844 796 2914 egredieris
838 2843 1084 2901 in'choro
1115 2845 1438 2901 ludentium.

341 2912 550 2985 Adliuc‘
572 2915 841 2985 plantabis
876 2917 1066 2972 vineas
1107 2918 1159 2972 in
1191 2918 1467 2974 montibus
1496 2917 1757 2975 Samariae
1786 2935 1799 2969 :

413 2984 731 3059 plantaLunt
760 2995 787 3024 ⁸
819 2986 1120 3059 plantantes
1143 3030 1157 3054 ,

414 3067 467 3110 et
491 3056 665 3113 donec
697 3056 907 3129 tempus
928 3060 1128 3127 veniat,
1168 3074 1271 3115 non
1298 3061 1729 3117 vindetniabunt.

344 3124 620 3253 QuiaEerlit
648 3130 785 3212 dies,
811 3124 873 3186 in
904 3147 1010 3204 qua
1043 3124 1356 3189 clamabunt
1379 3133 1634 3189 custodes
1664 3134 1718 3188 in
1761 3138 1946 3186 monte

532 3217 565 3253 1)
589 3217 741 3253 ll‘ﬂlm
764 3220 775 3253 Σ

532 3217 775 3270 pttratm:

343 3265 584 3342 Surgite,
610 3282 667 3328 et
690 3273 1050 3330 ascendamus
1081 3275 1133 3330 in
1163 3274 1297 3336 Sion
1328 3276 1398 3333 ad
1433 3275 1724 3333 Dominum
1775 3274 1945 3330 Deum

491 3355 755 3400 nostrum.

345 3411 480 3481 Quia
505 3414 619 3468 lure
648 3418 777 3470 dicit
805 3417 1063 3473 Dominus
1094 3436 1105 3471 :

343 3484 628 3540 Exsultate
658 3488 708 3541 in
738 3489 945 3554 laetitia,
973 3488 1163 3548 Iacob.

414 3565 469 3610 et
495 3555 703 3614 hinnite
730 3572 917 3615 contra
945 3572 1108 3632 caput
1136 3562 1384 3631 gentium
1416 3582 1430 3618 :

414 3638 702 3695 personate
734 3641 787 3686 et
815 3634 1015 3697 cauite,
1047 3644 1103 3689 et
1130 3635 1291 3689 dicite
1328 3652 1340 3687 :

412 3698 597 3764 Salva,
640 3701 888 3775 Domine,
932 3707 1185 3774 populum
1238 3715 1407 3775 tuum,
1456 3703 1713 3773 reliquias
1759 3702 1944 3758 Israel.

339 3769 483 3826 Ecce
506 3787 606 3842 ego
633 3769 896 3829 adducam
922 3769 1031 3847 eos
1058 3776 1125 3829 de
1156 3786 1297 3831 terra
1328 3769 1597 3847 aquilonis
1632 3792 1645 3829 :

414 3850 470 3915 et
496 3846 841 3915 c0ngregabo
864 3861 959 3901 eos
987 3846 1055 3899 ab
1083 3850 1343 3901 extremis
1366 3846 1561 3903 terrae:

417 3914 561 3972 inter
580 3914 723 3983 quos
745 3927 903 3971 erunt
932 3932 1107 3970 caecus
1138 3927 1192 3971 et
1220 3918 1462 3987 claudus,

414 3996 469 4040 et
500 4001 786 4057 przegnans
819 3997 874 4041 et
904 3988 1121 4056 pariens
1150 3989 1335 4054 simul,

413 4065 588 4181 coetus
615 4074 840 4131 magnus
870 4060 987 4135 [ΑΙ.
1019 4059 1249 4116 ecclesia
1276 4057 1506 4133 magna]
1555 4060 1944 4117 revertentium

504 4144 615 4181 me.

504 4144 615 4183 llic.

348 4198 404 4255 In
429 4199 559 4257 ηοω
592 4202 831 4267 venient,

414 4282 472 4328 et
508 4273 562 4327 in
600 4274 856 4350 precibus
901 4273 1164 4331 deducam
1213 4276 1327 4350 [ΑΙ.
1371 4273 1744 4331 misericordia
1786 4273 1947 4330 redu-

485 4358 625 4400 cauit
656 4361 751 4400 80$
773 4363 784 4398 Ξ

485 4358 601 4399 cam
656 4361 784 4400 808:

346 4414 409 4469 Et
430 4346 690 4491 adducunt
723 4432 817 4491 eos
848 4432 942 4486 per
972 4427 1236 4476 torrentes
1264 4434 1527 4491 aquarum
1562 4418 1618 4474 in
1653 4418 1739 4474 via
1774 4428 1940 4484 recta,

414 4497 472 4539 et
497 4501 602 4539 non
649 4488 945 4557 impingeut
975 4490 1025 4542 in
1055 4505 1116 4543 ea
1146 4509 1157 4544 :

346 4556 483 4622 Quia
504 4557 689 4629 iactus
720 4556 838 4613 sunt
868 4560 1048 4614 lsraeli
1081 4572 1255 4629 pater.

419 4627 756 4700 etEphraim
788 4627 1177 4700 primogeui‘tus
1201 4648 1353 4688 meus
1385 4641 1492 4688 est.

346 4698 545 4754 Audite
573 4698 799 4755 verbum
830 4698 1062 4766 Domini,
1084 4714 1295 4772 gentes,

417 4780 470 4845 et
490 4774 803 4845 annuntiate
833 4774 1023 4828 insulis
1054 4790 1172 4844 qua:
1202 4775 1388 4845 procul
1429 4786 1575 4842 sunt,
1616 4783 1671 4832 ct
1700 4772 1900 4829 dicite:

344 4840 444 4909 Qui
476 4843 737 4913 dispersit
758 4844 947 4911 Israel,
974 4840 1325 4917 cevzgreg'abit
1352 4862 1475 4902 eum
1502 4864 1517 4901 :

416 4920 475 4989 e_t_
496 4917 761 4989 custodiet
789 4932 913 4971 eum
946 4918 1084 4989 sicut
1115 4926 1299 4989 pastor
1326 4933 1544 4989 gregem
1567 4933 1748 4973 suum.

341 4983 596 5061 Redimet
624 4987 734 5061 πμ,
766 4988 1018 5061 redemit]
1046 4983 1193 5045 enim
1218 4983 1477 5061 Dominus
1496 4988 1697 5055 Iacob,

411 5066 470 5112 et
494 5057 761 5139 riiberabit
789 5059 915 5131 [AL
953 5057 1245 5131 liberavit}
1279 5077 1401 5116 eum
1443 5062 1513 5116 de
1549 5076 1713 5117 manu
1750 5070 1937 5131 poten-

488 5138 660 5183 IIOI'IS.
966 5178 967 5181 η

345 5199 415 5256 Et
443 5200 683 5266 venient,
706 5210 762 5255 et
788 5198 1084 5256 laudabunt
1113 5202 1165 5255 in
1198 5212 1381 5256 monte
1411 5202 1538 5257 Sion
1575 5220 1589 5257 :

410 5279 467 5328 et
490 5270 764 5346 conﬂuent
788 5271 855 5326 ad
893 5272 1034 5328 bona
1076 5272 1313 5341 Domini,
1356 5288 1526 5343 super
1561 5273 1858 5346 frumento,
1890 5286 1945 5333 et

484 5344 612 5399 vino
639 5353 693 5398 et
712 5345 867 5413 oleo,

415 5423 469 5470 et
494 5415 622 5472 [tetu
651 5428 909 5486 pecorum
933 5423 989 5470 et
1016 5424 1426 5471 armentorum:

344 5485 570 5558 Eritque
601 5485 779 5542 anima
807 5502 993 5543 eorum
1022 5489 1173 5558 quasi
1198 5488 1390 5544 hortus
1421 5489 1681 5560 irrigans,

414 5566 470 5613 et
498 5560 637 5615 ultra
665 5574 770 5614 non
802 5560 1068 5615 esurieut.

342 5628 495 5686 Tunc
516 5630 787 5687 laetabitur
817 5631 968 5701 virgo
1000 5632 1055 5687 in
1078 5631 1271 5701 choro,

1506 293 1708 352 LIBER
1747 280 2072 353 tuastuas
2113 292 2526 354 enormem.

1972 412 2027 473 Α
2117 409 2346 481 juvenes
2367 421 2420 467 et
2442 426 2599 467 senes
2624 411 2783 467 simul
2819 430 2832 468 :

1968 4597 2022 4656 D

3551 300 3655 359 894

2053 482 2120 537 Ει
2155 495 2468 558 convertam
2498 486 2697 539 luctum
2725 500 2914 558 eqrum
2949 487 2998 542 in
3022 487 3301 558 gaudium,

2121 562 2177 608 et
2210 555 2533 611 consolabor
2553 570 2669 621 eos,
2700 566 2751 612 et
2781 542 3085 616 laetiﬁcab'o
3106 576 3135 614 a
3163 542 3352 613 dolore
3382 571 3501 613 suo.

2049 623 2117 679 Et
2145 626 2423 700 iuehriahu
2445 629 2677 681 animam
2707 623 3047 687 sacerdotum
3080 629 3407 700 pinguedine
3438 648 3450 683 :

2119 704 2175 751 et
2196 698 2424 779 populus
2456 713 2606 754 meus
2634 701 2791 755 bonis
2823 703 2961 760 meis
2988 698 3402 774 adimplebitur,
3437 702 3513 757 ait
3539 701 3646 757 Do-

2194 784 2391 825 minus.

2047 818 2174 893 iiaec
2194 818 2617 897 dicit—Dominus
2645 858 2660 896 :

2046 909 2165 984 vox
2187 911 2237 964 in
2262 913 2482 967 excelso
2512 913 2692 969 audita
2716 922 2802 970 est
2823 902 3249 984 lamentationis,

2118 982 2275 1056 ﬂetus
2304 988 2359 1037 et
2380 984 2575 1051 luctus,
2604 984 2804 1043 Rachel
2843 989 3105 1056 plorantis
3137 982 3279 1042 ﬁlios
3305 1002 3470 1052 suos,

2116 1064 2170 1108 et
2193 1055 2427 1131 nolentis
2453 1057 2788 1131 [Aiaitoluitl
2819 1055 3092 1115 consolari
3115 1074 3282 1131 super
3311 1060 3389 1115 eis
3420 1057 3527 1130 [AL
3556 1073 3649 1115 stl-

2187 1140 2283 1200 per
2307 1127 2427 1200 tiliis
2450 1126 2606 1199 suis],
2633 1126 2889 1200 quianon
2915 1140 3063 1187 sunt.

2044 1194 2173 1251 Hmc
2194 1197 2323 1253 dicit
2352 1194 2610 1254 Dominus
2642 1194 2654 1255 Ξ

2043 1267 2298 1344 Quiescat
2321 1284 2424 1324 vox
2450 1280 2537 1325 tua
2564 1287 2592 1325 a
2626 1271 2854 1342 ploratu,
2885 1282 2938 1331 et
2963 1273 3103 1330 oculi
3134 1273 3212 1329 tui
3241 1288 3270 1328 a
3298 1273 3558 1344 laerymis
3592 1290 3603 1325 :

2115 1341 2238 1407 quia
2261 1352 2345 1396 est
2381 1357 2593 1398 merces
2617 1346 2766 1414 eperi
2798 1355 2912 1409 tuo,
2939 1347 3012 1400 ait
3052 1345 3333 1401 Dominus.

2050 1408 2119 1464 Et
2162 1422 2502 1468 revertentur
2530 1417 2596 1469 de
2628 1408 2766 1470 terra
2797 1408 3024 1479 inimici,

2116 1490 2169 1538 et
2191 1493 2274 1538 est
2300 1483 2408 1557 [AL
2437 1483 2559 1554 erit]
2582 1502 2716 1557 sues
2757 1488 3069 1544 novissimis
3102 1490 3228 1554 tuis,
3259 1487 3336 1544 ait
3365 1486 3643 1553 Dominus,

2118 1565 2172 1606 et
2200 1556 2540 1611 revertentur
2568 1556 2660 1612 ﬁlii
2682 1557 2749 1613 ad
2780 1562 3043 1614 terminos
3068 1574 3215 1615 suos.

2048 1624 2289 1703 Audiens
2313 1628 2491 1703 audivi
2525 1628 2781 1701 Ephraim
2806 1633 3278 1703 transmigrantem
3317 1648 3329 1683 :

2046 1697 2330 1767 Castigasti
2361 1715 2468 1765 me,

2118 1776 2174 1823 et
2201 1770 2446 1824 eruditus
2482 1785 2623 1838 sum,
2651 1774 2805 1843 quasi
2830 1773 3154 1843 juvettculus
3190 1772 3523 1829 indomitus:

1973 1810 2022 1871 Β
2050 1838 2324 1896 Converte
2346 1857 2450 1907 me,
2485 1850 2540 1895 et
2567 1810 2892 1899 cutiiveratlai‘:

2119 1910 2244 1980 quia
2268 1923 2323 1966 tu
2349 1912 2605 1969 Dominus
2637 1919 2777 1970 Deus
2806 1931 2981 1970 meus.

2050 1981 2338 2051 Postquam
2369 1983 2514 2039 enim
2545 1988 2859 2041 eonvertisti
2890 2003 2994 2050 me,
3020 1986 3103 2056 egi
3138 1985 3550 2055 pmnitentiam:

2048 2061 2102 2108 et
2129 2063 2411 2133 postquam
2441 2057 2730 2113 ostendisti
2763 2058 2895 2113 mihi
2942 2053 3363 2133 [Alfedgnovi],
3405 2053 3651 2128 percussi

2191 2126 2365 2181 femur
2386 2143 2586 2182 meum.

2046 2195 2316 2253 Confusus
2342 2212 2481 2264 sum,
2523 2211 2578 2255 et
2608 2201 2819 2268 erubui,

2119 2269 2639 2342 quoniamsustinui
2684 2272 3037 2342 opprobrium
3064 2269 3450 2330 adolescentia;
3484 2282 3643 2326 mea.

2048 2339 2106 2395 Si
2138 2340 2279 2416 lilius
2312 2341 2646 2416 honorabilis
2670 2339 2803 2399 mihi
2827 2345 3108 2416 Ephraim,

2122 2412 2165 2467 si
2198 2427 2332 2480 puer
2358 2413 2619 2470 delicatus
2646 2431 2662 2471 :

2121 2485 2247 2553 quia
2281 2498 2347 2538 ex
2377 2499 2482 2553 quo
2512 2484 2724 2541 locutus
2757 2502 2875 2541 sum
2906 2485 2974 2542 de
3001 2500 3091 2553 eo,

2122 2552 2296 2631 adhuc
2317 2552 2645 2631 recordabar
2677 2558 2785 2631 [AL
2806 2558 2941 2631 ,add.
2974 2552 3294 2627 recerdans]
3322 2557 3461 2627 ejus.

2050 2623 2254 2699 Idcirco
2284 2627 2600 2681 conturbata
2624 2623 2751 2686 sunt
2770 2630 2973 2685 viscera
3004 2646 3124 2685 mea
3146 2623 3310 2699 super
3347 2623 3471 2684 eum
3496 2643 3512 2693 ;

2124 2698 2388 2771 miserans
2412 2699 2607 2754 misere
2618 2704 2713 2757 bor
2742 2701 2886 2771 ejus,
2911 2705 2986 2757 ait
3010 2698 3287 2757 Dominus.

2052 2767 2239 2823 Statue
2271 2768 2364 2823 tibi
2398 2772 2697 2839 speculam,

2124 2856 2263 2912 pone
2295 2840 2388 2895 tibi
2421 2843 2849 2912 amaritudincs;

2053 2909 2237 2982 Dirige
2268 2926 2361 2967 cor
2395 2919 2544 2967 tuum
2576 2915 2628 2969 in
2655 2917 2795 2971 viam
2816 2909 3039 2984 rectam,

2121 2984 2174 3037 iu
2196 3000 2298 3055 qua
2323 2984 2604 3041 ambulasli
2630 3003 2646 3053 ;

2053 3051 2348 3111 Revertere
2368 3097 2384 3121 ,
2416 3057 2567 3126 virgo
2594 3051 2784 3125 Israel,

2126 3136 2401 3182 revertere
2429 3131 2495 3182 ad
2519 3129 2766 3184 civitates
2797 3132 2913 3184 tuas
2938 3131 3090 3184 istas.

1971 3202 2016 3264 C
2052 3194 2344 3267 Usquequo
2371 3200 2582 3254 deliciis
2611 3200 2955 3265 dissolveris,
2994 3201 3102 3255 tilia
3130 3198 3299 3269 vaga?

2122 3270 2247 3341 quia
2275 3272 2488 3325 creavit
2520 3272 2779 3341 Dominus
2807 3287 3007 3327 novum
3035 3287 3197 3341 super
3228 3278 3431 3327 terram
3458 3286 3470 3321 :

2051 3338 2278 3395 Femina
2306 3340 2665 3397 circumdabit
2692 3344 2889 3399 virum.

2053 3411 2181 3491 llaec
2209 3412 2344 3491 dicit
2372 3412 2633 3491 Dominus
2663 3418 2999 3491 exercituum
3029 3413 3401 3491 De_ns_lsrae_l:
3488 3480 3499 3491 _
3524 3480 3534 3491 .

2050 3481 2243 3567 Adhuc
2266 3485 2409 3540 dicet
2431 3485 2651 3540 verbum
2678 3488 2820 3542 istud
2846 3487 2897 3540 in
2924 3496 3070 3541 terra
3096 3486 3233 3541 Iuda
3258 3496 3313 3541 et
3339 3485 3392 3538 in
3419 3480 3647 3537 urbibus

2195 3571 2334 3624 ejus,

2122 3641 2251 3700 cum
2269 3637 2595 3700 convertero
2620 3630 2986 3700 captivitatem
3017 3642 3243 3700 eorum:

2054 3693 2348 3754 Benedicat
2377 3699 2469 3753 tibi
2501 3687 2785 3769 Domin'us,
2818 3687 3165 3772 pulchritudo
3181 3698 3429 3769 iustitiae,

2124 3784 2279 3824 1110118
2300 3782 2517 3826 sanctus
2545 3791 2558 3827 ε

2052 3838 2122 3894 Ει
2145 3839 2466 3900 habitabuut
2488 3844 2540 3899 in
2568 3860 2634 3901 eo
2655 3845 2822 3902 Iudas
2852 3856 2909 3901 et
2937 3857 3130 3899 omnes
3151 3841 3404 3899 civitates
3427 3846 3545 3912 ejus
3573 3839 3657 3901 εἰσ.

2198 3915 2331 3981 mul,

2121 3985 2374 4057 agricolae
2394 3994 2450 4043 et
2477 3988 2745 4043 minantes
2766 4001 2982 4057 greges.

2050 4054 2189 4122 Quia
2217 4057 2475 4114 iuebriavi
2505 4063 2739 4114 animam
2768 4054 2993 4123 lassam,

2122 4135 2173 4181 et
2205 4146 2422 4185 omnem
2449 4134 2682 4186 animam
2713 4132 3046 4186 esurientem
3079 4128 3341 4184 saturavi.

2050 4197 2177 4254 Ideo
2207 4202 2363 4267 quasi
2407 4203 2474 4257 de
2514 4219 2707 4258 somno
2750 4203 3044 4258 suscitatus
3074 4217 3194 4257 sum
3227 4199 3338 4272 [AL
3379 4212 3648 4270 experge-

2196 4272 2369 4329 factus
2393 4273 2534 4344 sunt]
2567 4292 2582 4330 :

2122 4352 2177 4397 et
2201 4346 2330 4408 vidi,
2357 4358 2408 4401 et
2432 4361 2655 4401 somnus
2682 4359 2834 4399 meus
2858 4344 3030 4399 dulcis
3060 4343 3215 4397 mihi.

2050 4414 2190 4470 Ecce
2217 4416 2336 4471 dies
2362 4421 2612 4485 veniunt,
2637 4417 2771 4472 dicit
2802 4416 3062 4471 Dominus
3087 4431 3102 4469 :

2122 4494 2176 4541 et
2205 4490 2488 4543 seminaho
2510 4483 2730 4544 domum
2754 4488 2916 4542 Israel
2947 4494 3005 4543 et
3025 4485 3247 4542 domum
3270 4483 3409 4541 Iuda
3437 4485 3645 4542 semine

2194 4556 2454 4625 hominis,

2116 4638 2171 4685 et
2200 4632 2406 4686 semine
2429 4632 2825 4697 jumentorum.
3296 4652 3299 4655 -

2043 4700 2113 4756 Et
2138 4702 2281 4756 sicut
2311 4703 2531 4773 vigilavi
2578 4716 2746 4771 super
2782 4715 2880 4757 eos
2923 4710 2983 4757 ut
3021 4702 3344 4766 evellerem,
3372 4708 3428 4755 et
3451 4699 3644 4773 demo-

2179 4772 2335 4839 lirer,
2372 4770 2445 4829 'et
2493 4770 2847 4842 dissiparem,
2877 4783 2934 4830 et
2963 4774 3374 4845 disperderem,
3414 4782 3471 4827 et
3504 4770 3645 4826 uitli-

2186 4860 2369 4913 gerem
2398 4863 2409 4899 :

2114 4906 2460 4987 sie'vigilabo
2487 4933 2651 4989 super
2671 4932 2768 4973 eos
2790 4924 2851 4973 ut
2872 4917 3164 4985 aediﬁcem,
3188 4924 3244 4973 et
3270 4916 3535 4988 plantem,
3564 4915 3644 4968 ait

2190 4989 2467 5044 Dominus.

2046 5059 2103 5118 In
2134 5060 2328 5115 diebus
2360 5060 2471 5117 illis
2497 5075 2605 5115 non
2637 5060 2823 5116 dicent
2850 5062 2989 5117 ultra
3019 5078 3033 5115 :

2123 5132 2316 5189 Patres
2350 5134 2710 5188 comederunt
2738 5148 2895 5188 uvam
2923 5132 3197 5197 acerbam,

2122 5215 2176 5260 et
2197 5205 2390 5260 dentes
2410 5205 2645 5261 ﬁliorum
2670 5204 3065 5273 obstupuerunt
3080 5201 3191 5275 [Αι.
3205 5200 3637 5275 obstupescentj.

2049 5276 2154 5333 Sed
2186 5278 2559 5346 unusquisque
2589 5276 2643 5331 in
2668 5275 2953 5343 iniquitate
2978 5274 3364 5330 suamorietur
3392 5292 3409 5329 :

2123 5348 2301 5403 omnis
2332 5349 2528 5415 homo,
2562 5350 2657 5415 qui
2684 5348 2982 5403 comederit
3025 5362 3187 5403 uvam
3225 5346 3478 5403 acerbam
3500 5387 3513 5413 ,
3544 5346 3644 5401 ob-

2189 5430 2509 5491 stupeseent
2535 5421 2731 5475 dentes
2751 5419 2891 5489 ejus.

2052 5491 2192 5547 Ecce
2216 5490 2332 5548 dies
2363 5494 2583 5548 venient
2610 5493 2715 5564 [AL
2750 5490 3019 5564 veniunt],
3045 5490 3174 5546 dicit
3208 5491 3474 5564 Dominus
3498 5524 3515 5554 φ

2121 5576 2177 5619 et
2210 5564 2401 5620 feriam
2429 5561 2808 5621 domui—Israel
2840 5574 2893 5620 et
2923 5561 3110 5620 domui
3149 5562 3290 5620 Iuda
3339 5561 3513 5620 {tedas
3546 5574 3642 5617 no-

2191 5652 2318 5690 νυιιι
2343 5654 2358 5692 2
2712 5680 2715 5681 ν

421 5832 697 5909 ι,γίιιθεὶε
735 5834 1157 5907 Commentaria,
1189 5844 1246 5895 et
1286 5852 1408 5908 quae
1447 5838 1689 5897 adhunc
1729 5838 1908 5894 locum
1944 5849 2044 5895 nos
2070 5844 2414 5894 annotatnus.
