4114 6364
243 354 353 415 897

320 485 377 533 et
406 476 460 532 in
482 476 603 549 lege
624 486 710 534 tua
741 492 849 533 non
872 475 1321 534 ambulaverunt:

248 549 445 606 Omnia
492 548 611 620 qua:
660 550 928 606 mandasti
964 549 1043 605 eis
1091 559 1149 605 ut
1197 552 1467 615 tacerent,
1525 564 1633 605 non
1688 548 1837 607 fece-

396 631 524 676 I'IJIII.
543 637 557 674 ἒ

325 702 379 749 et
405 701 705 748 evenerunt
728 692 811 751 eis
840 695 1023 749 omnia
1055 693 1195 749 mala
1225 692 1362 749 haec.

252 763 399 822 Ecce
421 764 750 821 munitiones
774 776 1065 822 exstructa:
1090 773 1219 821 sunt
1237 767 1526 821 adversum
1550 763 1841 831 civitatem,

399 844 458 890 ut
487 837 761 905 capiatur:

328 917 385 964 et
403 907 543 981 urbs
578 906 809 981 dataest
846 908 899 964 in
936 925 1125 965 manus
1152 907 1555 974 Chaldaeorum,
1588 909 1677 981 qui
1711 923 1852 978 prae-

402 978 913 1053 liautur‘adversus
958 996 1080 1037 eam
1122 996 1155 1037 a
1197 982 1332 1038 facie
1360 981 1551 1053 gladii,
1583 978 1638 1037 et
1668 981 1847 1048 famis,

400 1061 456 1105 et
482 1050 805 1122 pestilentia:
827 1071 841 1108 :

257 1121 329 1180 Et
350 1121 704 1206 quaecumque
734 1123 948 1206 locutus
972 1139 1052 1194 es,
1079 1125 1417 1194 acciderunt,

400 1202 462 1248 ut
484 1202 540 1249 tu
567 1196 686 1263 ipse
713 1196 917 1251 cernis.

260 1264 333 1321 Et
360 1274 415 1319 tu
447 1265 585 1321 dicis
616 1264 773 1334 mihi,
808 1267 1039 1326 Domine
1066 1268 1211 1324 Deus
1238 1287 1250 1322 :

261 1336 401 1393 Eme
430 1353 617 1409 agrum
644 1348 891 1409 argento,
923 1351 977 1396 et
1005 1340 1205 1395 adhibe
1232 1350 1435 1396 testes:

334 1406 610 1466 cum'urbs
641 1406 762 1465 data
793 1411 863 1466 sit
887 1417 938 1466 In
964 1426 1156 1467 manus
1175 1410 1596 1467 Chaldmorum?

261 1479 332 1553 ξι
358 1479 555 1536 factum
586 1489 673 1537 est
700 1482 922 1537 verbum
949 1483 1166 1539 Domini
1196 1483 1266 1538 ad
1291 1483 1602 1553 Jeremiam,
1634 1483 1860 1541 dicens:

267 1552 410 1607 Ecce
433 1567 535 1623 ego
566 1553 823 1609 Dominus
854 1554 995 1610 Deus
1024 1555 1297 1610 universa:
1326 1555 1509 1610 carnis
1534 1573 1548 1610 :

338 1624 599 1695 numquid
625 1623 758 1679 mihi
786 1625 1009 1681 difﬁcile
1037 1627 1139 1681 erit
1163 1641 1324 1681 omne
1348 1626 1612 1683 verbum?

338 1693 634 1765 Propterea
661 1695 776 1752 lucc
798 1697 929 1752 dicit
950 1696 1211 1753 Dominus
1235 1716 1249 1752 :

267 1764 415 1822 Ecce
443 1764 545 1835 ego
572 1767 777 1823 tradam
799 1768 1080 1825 civitatem
1111 1770 1267 1825 istam
1295 1770 1345 1826 in
1371 1785 1562 1828 manus
1584 1770 1869 1831 Chaldaeo-

414 1854 557 1907 rum,

355 1917 413 1993 et
442 1910 495 1965 in
516 1926 707 1993 manus
733 1912 876 1983 regis
905 1912 1219 1987 Babylonis,

344 1992 400 2039 et
420 1992 601 2055 Captet
625 1998 770 2055 eam.

277 2055 346 2111 Et
384 2054 660 2180 ‘hvenient
708 2054 951 2113 Chaldrei
1003 2057 1321 2128 prazliantes
1360 2057 1629 2117 adversus
1676 2059 1865 2117 urbem

460 2140 581 2180 anc.

460 2140 581 2193 anc,

352 2208 407 2253 et
436 2196 773 2271 succenderit
799 2213 920 2254 eam
952 2199 1085 2271 igni,
1115 2211 1169 2256 et
1190 2201 1514 2257 comburent
1543 2217 1688 2268 eam,

347 2278 405 2325 et
422 2268 666 2396 ἓοιιῖοε,
715 2269 771 2325 in
826 2268 1090 2341 aquarum
1132 2272 1441 2329 domatibus
1491 2274 1873 2332 sacriﬁcabant

465 2356 528 2396 aa
567 2357 582 2396 :

465 2356 582 2405 aat;

352 2421 408 2468 et
433 2412 673 2467 libabant
703 2413 806 2468 diis
824 2414 1019 2470 alienis
1041 2415 1298 2470 libamina
1323 2415 1389 2471 ad
1422 2416 1742 2473 irritandum
1762 2432 1869 2474 me.

281 2483 451 2539 Erant
478 2483 621 2538 enim
654 2483 749 2540 ﬁlii
779 2484 967 2553 Israel,
998 2494 1054 2542 et
1074 2486 1168 2540 ﬁlii
1195 2487 1330 2543 Juda
1350 2529 1366 2553 ,

350 2555 550 2625 jugiter
579 2554 843 2637 iacientes
871 2558 1075 2614 malum
1108 2558 1167 2614 in
1191 2559 1365 2615 oculis
1406 2558 1545 2616 meis
1586 2558 1657 2615 ab
1691 2558 1874 2616 adole-

426 2637 622 2681 scentis
642 2642 761 2682 sua.

281 2695 410 2755 Filii
450 2696 637 2763 Israel,

351 2768 441 2841 qui
464 2784 633 2840 usque
654 2784 801 2845 nunc
826 2770 1157 2845 egacerbant
1196 2788 1283 2829 me
1313 2774 1368 2829 in
1398 2788 1566 2845 opere
1615 2788 1873 2830 manuum

426 2852 671 2905 suarum,
700 2842 830 2896 dicit
860 2840 1139 2897 Dominus.

284 2910 423 2981 Quia
458 2911 722 2986 infurqre
744 2922 799 2969 et
820 2914 874 2968 in
905 2913 1276 2986 indignatione
1306 2931 1427 2973 mea
1457 2914 1599 2973 facta
1625 2924 1709 2973 est
1739 2915 1873 2973 mihi

425 2982 616 3039 civitas
645 2983 792 3051 haec',

354 3069 384 3110 a
412 3054 498 3110 die
519 3070 625 3129 qua
644 3056 1047 3129 militicaverunt
1066 3072 1209 3129 eam,
1235 3071 1405 3129 usque
1431 3057 1496 3113 ad
1521 3057 1663 3113 diem
1688 3058 1873 3128 istam,

354 3141 458 3196 qua
482 3128 755 3200 auleretur
784 3127 1192 3200 [Al.aul‘ertur]
1223 3128 1290 3183 de
1318 3127 1614 3199 conspectu
1642 3145 1786 3185 meo.

284 3199 517 3269 PrOpter
540 3197 804 3271 malitiam
835 3199 1068 3271 ﬁliorum
1095 3197 1282 3264 Israel,
1310 3213 1365 3257 et
1388 3197 1629 3256 ﬁliorum
1657 3202 1818 3271 Juda,

356 3285 516 3343 quam
542 3270 786 3325 iecerunt
816 3270 883 3325 ad
909 3272 1246 3326 iracundiam
1285 3288 1371 3327 me
1404 3281 1767 3343 provocantes
1787 3317 1802 3342 ,

356 3341 459 3410 ipsi
488 3349 542 3396 et
568 3355 724 3411 reges
745 3356 957 3408 eorum,

363 3412 636 3482 principes
692 3428 925 3484 eorum,
982 3423 1039 3470 et
1080 3414 1432 3483 sacerdotes,
1490 3423 1547 3471 et
1602 3415 1883 3487 prophetes

436 3498 646 3549 eorum,

362 3555 470 3610 viri
493 3553 628 3610 Juda
658 3564 712 3610 et
737 3554 1067 3613 habitatores
1097 3556 1421 3614 Jerusalem.

298 3627 369 3683 Et
396 3634 681 3700 verterunt
711 3627 778 3681 ad
806 3642 892 3683 me
922 3638 1070 3700 terga
1093 3638 1150 3686 et
1177 3644 1284 3684 non
1309 3628 1480 3683 facies
1513 3646 1526 3682 :

363 3713 486 3754 cum
515 3698 768 3754 docerem
797 3713 893 3754 eos
924 3698 1186 3767 diluculo,
1218 3708 1272 3754 et
1293 3700 1568 3755 erudirem
1590 3741 1606 3765 ,

364 3779 421 3825 et
441 3769 654 3825 nollent
679 3769 888 3838 audire,
914 3781 973 3826 ut
1001 3773 1317 3839 acciperent
1344 3770 1711 3841 disciplinam.

293 3841 363 3898 Et
391 3850 689 3913 posuerunt
716 3841 861 3896 idola
888 3858 988 3899 sua
1020 3845 1075 3899 in
1103 3844 1269 3900 domo
1288 3883 1303 3909 ,
1334 3844 1391 3898 in
1422 3857 1528 3912 qua
1577 3845 1887 3900 invocatum

434 3920 521 3969 est
544 3927 738 3967 nomen
758 3928 936 3968 meum
958 3957 974 3983 ,

367 3992 432 4038 ut
454 3983 764 4049 polluerent
792 3998 935 4040 eam.

294 4055 366 4111 Et
391 4054 797 4182 mgiﬁéaverunt
829 4054 1047 4113 excelsa
1096 4054 1246 4122 Baal,
1277 4070 1398 4126 quae
1426 4063 1553 4111 sunt
1582 4055 1636 4111 in
1659 4056 1801 4113 valle
1831 4056 1895 4111 ti-

466 4144 499 4181 ll
575 4142 762 4182 nnom.

466 4144 499 4181 ιι
524 4142 762 4193 unnom,

371 4206 430 4252 ut
457 4198 733 4254 initiarent
762 4195 903 4251 ﬁlios
933 4210 1062 4252 suos
1087 4204 1143 4252 et
1168 4196 1304 4251 ﬁlias
1335 4212 1461 4253 suas
1487 4198 1701 4255 Moloch
1734 4214 1750 4255 :

299 4270 453 4338 Quod
485 4284 592 4342 non
615 4269 865 4342 mandavi
893 4269 999 4342 eis,
1032 4282 1135 4323 nec
1157 4270 1402 4325 ascendit
1443 4269 1496 4327 in
1524 4285 1621 4327 cor
1668 4286 1849 4327 meum
1876 4314 1891 4342 ,

446 4349 505 4396 ut
525 4340 767 4397 facerent
796 4340 1262 4395 abominationem
1291 4346 1453 4407 hanc,

374 4422 430 4467 et
460 4414 512 4466 in
538 4422 815 4483 peccatum
843 4411 1179 4483 deducerent
1209 4411 1427 4467 Judam.

302 4480 557 4539 Etnunc
590 4480 1001 4553 proptcriista,
1070 4482 1187 4537 haec
1252 4483 1387 4539 dicit
1446 4484 1705 4541 Dominus
1754 4484 1897 4542 Deus

452 4552 617 4609 Israel
643 4552 709 4608 ad
740 4552 1014 4609 civitatem
1048 4554 1219 4619 hanc,

378 4625 447 4679 de
473 4638 576 4694 qua
608 4638 705 4677 vos
726 4623 906 4698 dicitis
930 4623 1078 4698 quod
1102 4623 1367 4698 tradetur
1408 4624 1516 4698 [ΑΙ.
1551 4624 1814 4698 tradatur]
1846 4627 1898 4681 in

456 4692 656 4776 manus,
678 4694 826 4764 regis
854 4692 1146 4766 Babylonis
1172 4694 1227 4750 in
1249 4692 1454 4766 gladio,
1478 4706 1534 4754 et
1560 4698 1614 4755 in
1645 4692 1814 4765 fame;
1843 4706 1899 4753 et

454 4774 511 4820 in
541 4774 697 4821 ueste
732 4783 743 4818 :

454 4781 511 4820 in
581 4780 743 4821 esre:

311 4839 454 4896 Ecce
495 4780 597 4908 egpo
639 4835 981 4908 congregabo
1003 4838 1119 4898 eos‘,
1139 4835 1207 4892 de
1264 4838 1537 4895 universis
1570 4840 1730 4896 terris
1755 4882 1769 4906 ,
1829 4840 1898 4895 ad

450 4907 585 4982 quas
605 4907 865 4982 ejeci’eos
893 4909 945 4964 in
970 4907 1154 4982 furore
1183 4923 1304 4965 meo
1326 4951 1340 4977 ,
1372 4919 1427 4965 ct
1459 4912 1511 4967 in
1538 4916 1616 4967 ira
1646 4926 1801 4982 mea,
1846 4922 1902 4969 et

456 4978 510 5035 in
532 4980 902 5051 indignatione
924 4978 1137 5051 grandi.

384 5060 441 5109 et
468 5051 727 5107 reducam
758 5066 853 5107 eos
883 5051 952 5106 ad
982 5052 1159 5105 locum
1184 5051 1364 5118 istum,

458 5134 511 5178 et
542 5121 785 5179 habitare
805 5137 901 5179 eos
932 5123 1122 5177 faciam
1146 5121 1507 5181 conﬁdenter.

316 5196 383 5253 Et
407 5201 570 5252 erunt
596 5193 728 5249 mihi
753 5192 806 5248 in
830 5193 1113 5264 populum,

388 5276 444 5325 et
471 5281 574 5338 ego
601 5280 697 5322 ero
716 5266 796 5322 eis
814 5266 869 5322 in
895 5264 1088 5321 Deum.

392 5456 420 5487 κ
453 5447 633 5520 Ipsum
682 5455 909 5519 prmstat
949 5447 1143 5520 audire
1187 5446 1243 5504 S.
1289 5446 1772 5520 Interpretemgde
1815 5448 1916 5506 hac

320 5518 943 5577 disserentem’lectione
970 5520 1024 5575 in
1055 5519 1371 5576 Comment:
1397 5518 1611 5591 Melius,
1633 5518 1731 5586 ait,
1757 5521 1920 5591 Aqui-

324 5595 377 5648 la
410 5595 498 5661 qui
526 5608 620 5663 pro
649 5608 709 5645 eo
754 5594 891 5660 quod
930 5591 1175 5661 scriptum
1223 5602 1316 5661 est,
1365 5590 1606 5656 venient,
1657 5590 1919 5663 transtulit

324 5660 730 5729 εἰσιλεύὶτονται,
758 5664 854 5717 hoc
895 5674 987 5728 est,
1014 5660 1368 5733 ingrediantur
1413 5663 1690 5717 civitatem.
1738 5660 1920 5733 Neque

322 5734 461 5789 enim
489 5734 721 5807 absentes
748 5742 989 5807 erant_ut
1016 5736 1267 5807 venirent,
1296 5735 1484 5807 quippe
1508 5734 1599 5805 qui
1630 5733 1918 5807 circumde-

322 5809 507 5877 derant
528 5803 821 5877 Jerusalem
846 5822 865 5861 :
895 5805 1047 5860 Tunc
1076 5806 1224 5861 enim
1271 5803 1544 5862 exercitus
1576 5805 1718 5875 regis
1748 5805 1923 5877 Baby-

313 5875 461 5966 lonis
488 5875 773 5936 obsidebat
799 5876 1120 5936 Jerusalem.
1148 5877 1222 5934 Ac
1246 5877 1469 5937 deinde:
1494 5877 1634 5937 Ecce
1655 5875 1915 5938 munitio-

1394 353 1595 414 LIDER
1634 353 1954 416 JEIIEMIE
1998 350 2415 417 PROPIIETE.

1898 1881 1947 1943 B

1906 3277 1953 3342 C

1928 4668 1979 4729 Ι)

3445 359 3552 424 898

1862 481 1918 541 Α
1942 477 2008 550 Ει
2032 476 2175 533 dabo
2201 480 2281 533 eis
2307 493 2402 534 cor
2428 493 2612 551 unum,
2646 488 2703 535 et
2726 479 2869 536 viam
2894 496 3057 538 unam
3089 524 3104 551 ,

2001 546 2081 604 "ut
2102 554 2333 603 timeant
2359 565 2445 605 me
2478 550 2743 606 universis
2769 552 2964 608 diebus
2991 572 3004 607 :

2022 628 2078 695 et
2104 621 2243 695 bene
2271 622 2339 695 sit
2371 622 2451 675 eis
2483 634 2536 676 et
2564 622 2687 678 ﬁliis
2708 639 2896 679 eorum
2923 634 3046 695 post
3075 640 3197 695 eos,

1950 691 2019 747 Et
2048 690 2237 746 feriam
2269 691 2591 766 eispactum
2616 690 3048 766 sempiternum,

2024 772 2083 817 et
2114 779 2220 817 non
2256 762 2500 817 desinam
2530 763 2610 818 eis
2645 762 2971 822 benefacere
2998 787 3013 822 :

1954 833 2023 890 Et
2052 835 2299 889 timorem
2330 849 2508 888 meum
2534 834 2677 891 dabo
2709 839 2761 892 in
2788 839 2954 895 corde
2982 854 3173 897 eorum

2028 918 2085 959 ut
2114 920 2221 959 non
2255 904 2516 962 recedant
2546 922 2575 960 a
2608 922 2715 963 me.

1959 976 2279 1050 Etlzetabor
2306 992 2471 1050 super
2502 992 2621 1050 eos,
2653 993 2777 1033 cum
2811 980 2953 1037 bene
2980 983 3060 1037 eis
3087 983 3298 1050 fecero,

2030 1047 2099 1120 Et
2129 1047 2381 1120 plantabo
2406 1062 2499 1102 eos
2526 1047 2580 1104 in
2611 1056 2753 1105 terra
2782 1053 2883 1106 ista
2914 1055 2966 1108 in
2990 1056 3241 1120 veritate,

2031 1119 2085 1172 iu
2110 1125 2222 1172 toto
2244 1118 2410 1173 corde
2441 1134 2564 1174 meo
2592 1130 2645 1175 et
2670 1121 2724 1177 in
2756 1130 2868 1178 tota
2890 1126 3071 1182 anima
3093 1118 3237 1181 mea.

1961 1190 2096 1256 Quia
2123 1189 2241 1244 haec
2263 1191 2392 1246 dicit
2422 1190 2678 1248 Dominus
2713 1209 2727 1247 :

1962 1265 2118 1319 Sicut
2144 1261 2347 1316 adduxi
2380 1275 2543 1332 super
2563 1263 2817 1333 populum
2846 1266 3003 1323 istum
3030 1284 3191 1325 omne
3219 1268 3421 1324 malum
3451 1267 3558 1327 hoc

2106 1333 2311 1403 grande
2342 1352 2355 1387 :

2037 1404 2410 1530 sicladducaﬂi
2439 1418 2602 1475 super
2640 1421 2736 1463 eos
2776 1423 2939 1467 omne
2978 1411 3181 1469 bonum
3207 1456 3222 1481 ,
3266 1411 3413 1484 quod
3457 1427 3559 1485 ego

2133 1491 2353 1530 oauara
2415 1491 2531 1530 eos.

2133 1491 2305 1545 oquar
2326 1491 2393 1530 au
2415 1491 2531 1531 eos.

1967 1547 2486 1621 Etpossidebuntur
2511 1549 2626 1621 agri
2666 1550 2719 1605 in
2752 1561 2892 1608 terra
2924 1553 3058 1621 ista,

2040 1619 2109 1674 de
2130 1636 2233 1689 qua
2257 1635 2353 1691 vos
2379 1619 2583 1686 dicitis,
2625 1624 2766 1689 quod
2796 1624 3013 1681 deserta
3035 1619 3127 1691 sit,

2042 1706 2109 1746 eo
2137 1690 2279 1769 quod
2305 1708 2411 1769 non
2456 1696 2785 1769 remanserit
2806 1695 2970 1769 homo
2996 1710 3051 1753 et
3083 1690 3417 1769 jumentum,

2043 1769 2101 1816 et
2130 1763 2251 1815 data
2285 1762 2355 1817 sit
2381 1761 2434 1816 in
2466 1776 2628 1817 manu
2656 1765 3057 1824 Chaldaeorum.

1973 1831 2107 1903 Agri
2128 1844 2388 1909 eruentur
2414 1836 2664 1909 pecunia,
2690 1840 3088 1909 et_scribentur
3118 1841 3171 1897 in
3203 1841 3364 1909 libro,

2042 1912 2098 1961 et
2127 1903 2472 1985 impr-iuuetur
2497 1904 2715 1976 signum
2748 1907 2856 1981 [AL
2891 1912 3281 1985 signaculum],
3313 1903 3368 1970 et
3407 1913 3565 1970 testis

2109 1974 2483 2043 adhibebitur;

2041 2045 2098 2125 iu
2127 2046 2605 2125 t‘erraBenjamin,
2636 2062 2691 2109 et
2721 2054 2775 2110 in
2813 2055 3046 2111 circuitu
3072 2055 3402 2125 Jerusalem,

1970 2118 2024 2175 in
2056 2118 2374 2174 civitatibus
2394 2119 2557 2187 Juda,

2042 2198 2099 2265 et
2123 2190 2178 2246 iu
2207 2190 2514 2265 civitatibus
2542 2195 2837 2265 montanis,

2043 2263 2097 2319 in
2128 2262 2448 2335 civitatibus
2479 2262 2881 2335 campestribus
2901 2310 2915 2334 ,

2044 2344 2101 2389 et
2139 2336 2191 2390 in
2215 2333 2531 2391 civitatibus
2570 2333 2689 2406 quae
2710 2340 2777 2393 ad
2810 2333 3074 2396 AuStrum
3103 2352 3228 2397 sunt
3261 2360 3277 2399 :

1972 2404 2108 2480 Quia
2139 2404 2853 2480 convertameap'tivitatem
2884 2427 3097 2480 eorum,
3122 2415 3195 2468 ait
3220 2414 3508 2470 Dominus.

1975 2476 2126 2549 [ϐαρ.
2156 2474 2423 2547 ΧΧΧΙΙΙ.]
2458 2478 2524 2533 Ει
2554 2474 2752 2535 tactum
2780 2496 2866 2540 εει
2893 2474 3117 2540 verbum
3147 2484 3447 2541 Dominiad
3474 2483 3571 2541 Je-

2119 2550 2343 2605 remiam
2386 2553 2649 2616 secundo,

2047 2634 2170 2675 cum
2195 2619 2373 2674 adhuc
2400 2619 2617 2677 clausus
2641 2632 2787 2679 esset
2816 2624 2871 2681 in
2936 2626 3077 2681 atrio
3136 2626 3378 2684 carceris
3405 2667 3421 2695 ,
3486 2626 3572 2683 di-

2119 2706 2250 2747 cens
2275 2707 2288 2743 2

1977 2761 2106 2818 Haec
2128 2762 2261 2818 dicit
2295 2762 2557 2819 Dominus

2049 2834 2140 2905 qui
2164 2834 2406 2889 facturus
2447 2844 2553 2904 est,
2604 2846 2659 2893 et
2697 2837 3031 2899 formaturus
3078 2839 3251 2911 illud,
3311 2852 3367 2900 et
3422 2854 3579 2912 para-

2125 2915 2319 2974 turus,

2052 2978 2320 3051 Dominus
2354 2994 2551 3036 nomen
2576 2981 2717 3051 ejus.

1979 3045 2172 3106 Clama
2201 3050 2268 3104 ad
2299 3066 2416 3115 me,
2450 3060 2506 3107 et
2532 3045 2819 3109 exatidiam
2851 3066 2900 3110 te
2930 3073 2943 3110 :

2053 3130 2108 3199 et
2136 3121 2870 3199 annuntiabo_tibigrandia,
2901 3135 2955 3199 et
2982 3126 3135 3182 ﬁrma
3167 3140 3290 3199 quae
3318 3126 3537 3199 nescis,

1981 3194 2119 3265 Quia
2151 3194 2269 3248 hmo
2309 3192 2435 3247 dicit
2469 3192 2727 3250 Dominus
2756 3192 2901 3253 Deus
2929 3198 3094 3254 Israel
3122 3192 3406 3255 ad'domos
3433 3197 3586 3253 urbis

2126 3264 2307 3335 hujus,
2349 3272 2406 3321 et
2441 3266 2508 3321 ad
2537 3266 2729 3324 domos
2758 3269 2904 3340 regis
2938 3269 3098 3337 Juda,
3131 3286 3251 3341 quae
3291 3271 3585 3326 destructa:

2127 3348 2281 3403 sunt,

2057 3419 2111 3463 et
2135 3409 2201 3484 ad
2232 3408 2582 3484 munitiones,
2608 3411 2748 3484 etad,
2768 3411 3006 3484 gladium
3027 3412 3382 3481 venientium,
3414 3418 3475 3467 ut
3496 3411 3591 3467 di-

2130 3479 2332 3551 micent
2359 3494 2480 3534 cum
2514 3479 2801 3551 Chaldmis',

2057 3559 2114 3606 et
2140 3550 2400 3619 impleant
2426 3568 2523 3625 eas
2552 3550 2910 3625 cadaveribus
2938 3555 3242 3625 hominum,

2060 3636 2197 3697 quos
2213 3623 2460 3697 percuSsi
2483 3623 2535 3678 in
2554 3623 2739 3681 furore
2756 3642 2877 3682 meo
2896 3635 2953 3682 et
2974 3629 3027 3683 in
3054 3623 3425 3697 indignatione
3444 3640 3586 3697 mea,

2060 3694 2402 3749 abscondens
2430 3697 2618 3750 faciem
2648 3712 2824 3753 meam
2852 3714 2879 3753 a
2908 3699 3129 3756 civitate
3157 3694 3289 3767 hac;

2066 3773 2287 3834 pr0pter
2316 3779 2533 3820 omnem
2562 3768 2823 3824 malitiam
2856 3784 3048 3824 eorum
3077 3787 3090 3823 :

1993 3836 2135 3894 Ecce
2172 3837 2577 3961 egobobducam
2621 3840 2700 3895 cis
2740 3840 3053 3897 cicatricem
3096 3848 3151 3897 et
3189 3840 3499 3908 sanitatem,
3541 3846 3597 3896 et

2134 3922 2263 3961 cura
2305 3923 2338 3961 ο
2362 3923 2458 3961 eos
2484 3927 2495 3961 :

2134 3922 2263 3962 cura
2270 3922 2338 3962 D0
2362 3923 2458 3964 COS
2484 3927 2495 3961 ἰ

2064 3988 2120 4035 et
2148 3978 2406 4035 revelabo
2436 3980 2545 4035 illis
2577 3982 3017 4055 deprecationem
3060 3982 3207 4055 pacis
3237 3991 3295 4040 et
3325 3980 3594 4055 veritatis.

1996 4051 2065 4107 Et
2103 4060 2418 4127 convertam
2454 4051 2868 4111 conversionem
2900 4051 3144 4127 Juda,‘et
3180 4053 3599 4112 conversionem

2136 4121 2439 4177 Jerusalem
2475 4140 2489 4177 :

2068 4203 2125 4250 et
2153 4193 2557 4270 aediﬁcaboeos
2588 4197 2728 4253 sicut
2755 4213 2784 4253 a
2811 4199 3104 4270 principio,

1999 4266 2068 4324 Et
2097 4265 2407 4322 emundabo
2441 4267 2568 4323 illos
2594 4270 2679 4343 ab
2720 4265 2867 4325 omni
2908 4265 3191 4343 iniquitate
3228 4284 3349 4336 sua,
3394 4266 3450 4323 in
3494 4279 3600 4336 qua

2145 4350 2506 4407 peccaverunt
2532 4339 2663 4394 mihi
2694 4359 2704 4393 :

2073 4416 2130 4483 et
2155 4408 2418 4483 propitius
2439 4427 2533 4483 ero
2554 4411 2765 4465 cunctis
2786 4411 3165 4483 iniquitatibus
3187 4425 3399 4477 eorum,

2075 4480 2127 4534 in
2159 4482 2356 4554 quibus
2388 4480 2736 4554 deliquerunt
2768 4480 2921 4551 mihi,
2957 4496 3008 4538 et
3039 4492 3361 4554 spreverunt
3392 4494 3502 4554 me.

2004 4553 2073 4608 Et
2095 4554 2198 4624 erit
2224 4552 2354 4624 mihi
2389 4552 2442 4605 in
2478 4552 2584 4622 [AL
2617 4560 2750 4607 tacet
2780 4554 2854 4623 in]
2892 4551 3111 4619 nomen,
3140 4564 3193 4608 et
3232 4554 3283 4624 in
3322 4551 3602 4624 gaudium,

2075 4634 2128 4678 et
2157 4623 2209 4676 in
2235 4621 2553 4687 laudem,’et
2581 4626 2634 4677 in
2660 4621 3080 4681 exsultationem
3108 4621 3605 4694 cunctis‘gentibus

2150 4704 2330 4756 terrm,

2072 4779 2197 4847 quae
2213 4762 2484 4819 audierint
2505 4766 2685 4821 omnia
2714 4764 2878 4835 bona,
2912 4783 3031 4839 quae
3067 4782 3169 4839 ego
3202 4765 3445 4823 facturus
3485 4777 3607 4820 sum

2148 4849 2230 4890 CIS
2259 4851 2272 4887 Ξ

2009 4907 2081 4965 Et
2108 4907 2400 4979 parebunt,
2429 4914 2486 4961 et
2515 4908 2874 4965 turbabuntur
2902 4910 2955 4965 in
2980 4910 3249 4966 universis
3270 4907 3454 4976 bonis,

2080 4977 2137 5035 et
2168 4979 2221 5052 in
2246 4977 2395 5052 omni
2420 4992 2572 5047 pace,
2606 4996 2765 5051 quam
2795 4996 2896 5052 ego
2926 4981 3121 5037 faciam
3153 4984 3253 5037 eis.

2011 5051 2137 5107 Ilaac
2161 5050 2293 5104 dicit
2327 5050 2585 5107 Dominus
2616 5050 2630 5107 :

2010 5123 2199 5195 Adhuc
2230 5120 2483 5176 audietur
2515 5124 2571 5179 in
2611 5122 2734 5179 loco
2776 5125 2879 5182 isto
2900 5167 2914 5191 ,
2944 5140 3103 5195 quem
3134 5137 3234 5181 vos
3269 5120 3449 5179 dicitis
3490 5136 3613 5180 esse

2155 5193 2453 5259 desertum,

2084 5281 2152 5323 eo
2179 5265 2321 5336 quod
2350 5282 2455 5321 non
2489 5266 2562 5323 sit
2584 5267 2769 5336 homo,
2795 5282 2895 5324 nec
2912 5265 3241 5339 iumentum,

2023 5463 2121 5505 nes
2146 5458 2437 5504 exstructa:
2467 5460 2595 5504 sunt
2622 5448 2914 5505 adversum
2936 5447 3323 5517 civitatemJut
3351 5448 3618 5518 capiatur,

2023 5530 2079 5576 et
2110 5520 2240 5575 urbs
2280 5520 2404 5575 data
2448 5532 2532 5575 est
2582 5522 2635 5575 in
2678 5537 2869 5577 manus
2896 5521 3301 5577 Chaldaeorum.
3351 5520 3620 5588 Quomodo

2022 5592 2179 5664 igitur
2205 5592 2423 5664 venient,
2456 5592 2547 5663 qui
2572 5604 2844 5664 prwsentes
2866 5594 3055 5647 erant?
3086 5591 3196 5647 Sed
3219 5591 3273 5645 hi
3292 5596 3378 5662 qui
3416 5593 3620 5645 obside-

2025 5662 2147 5718 bant
2192 5662 2389 5730 urbem,
2432 5662 2808 5734 ingrediantur,
2860 5664 3047 5735 inquit,
3090 5674 3137 5717 et
3181 5666 3385 5735 capient
3412 5679 3545 5727 eam,
3576 5671 3625 5717 et

2025 5735 2354 5807 succenderit,
2380 5747 2425 5788 et
2445 5733 2514 5788 ad
2531 5736 2697 5789 solum
2727 5752 2886 5807 usque
2906 5733 3237 5807 c'omburentr:
3261 5733 3469 5807 verbum
3485 5734 3623 5788 enim

2024 5805 2343 5861 Hebraicum
2367 5813 2473 5871 Ἴδε.
2497 5805 2832 5880 ambiguitate
2862 5808 2968 5879 sui,
3013 5817 3062 5864 et
3099 5806 3325 5875 venient,
3366 5812 3416 5862 et
3452 5805 3625 5877 ingre-

2024 5878 2413 5936 dientursonat.

2063 5880 2231 5937 ientur
2242 5886 2413 5937 sonat.
