2057 3182
271 147 323 177 899

307 205 335 233 in
349 205 515 244 civitatibus,
529 203 597 232 Juda
609 208 636 244 et
649 203 716 244 loris
729 203 898 244 Jerusalem,
992 237 999 244 I
1028 237 1035 244 I
1048 237 1053 244 _

307 249 368 277 qua:
380 237 512 269 desolatas
520 244 581 268 sunt
593 240 695 274 absque
706 239 825 273 homine,
837 242 865 266 et
875 238 977 274 absque
992 237 1070 266 babi-

345 282 444 309 tatore,
457 282 482 303 ct
494 277 595 310 absque
609 283 719 310 pecore,

307 320 358 340 vox
375 313 461 348 gaudii
476 318 502 338 et
517 320 569 339 vox
583 311 695 344 laetitite,

308 357 360 376 vox
376 351 466 383 sponsi
483 353 509 375 (ιι
525 355 573 374 vox
590 354 711 383 sponsas,

306 392 357 411 vox
371 385 516 411 dicentium
532 392 538 410 :

270 419 440 448 Conﬁtcmini
456 420 569 447 Domino
579 419 760 455 exercituum,
775 418 903 455 quoniam
917 418 1007 446 bonus
1017 417 1071 445 Do-

344 464 442 483 mlllllS.

343 492 470 528 quoniam
487 491 514 518 in
530 496 661 528 aeternum
678 489 939 528 misericordiaejus
954 498 960 517 :

306 533 335 555 et
350 527 516 562 portantium
528 532 590 554 vota
604 528 630 554 in
646 527 756 557 domum
772 526 897 555 Domini:

271 563 409 591 Rcducam
423 562 495 590 enim
509 563 717 592 conversionem
734 570 814 592 terra:

306 600 375 626 sicut
386 606 400 625 a
417 599 562 633 principio,
576 599 641 626 dicit
657 599 796 627 Dominus.

271 634 335 662 Haec
348 635 413 662 dicit
429 635 561 662 Dominus
571 635 753 663 exercituum.

270 670 366 707 Adnue
385 671 437 698 erit
453 671 480 707 in
499 670 559 697 loco
575 670 628 698 isto
643 671 754 699 deserto
772 670 876 707 absque
897 669 1026 702 homine,
1042 671 1071 696 et

343 706 447 741 absque
460 706 595 741 jumento,

305 747 334 770 et
348 741 376 769 in
392 743 498 769 cunctis
512 742 667 770 civitatibus
676 742 746 777 ejus,

306 777 491 816 habitaculum
507 782 647 816 pastorum
659 778 852 816 accubantian
865 783 987 813 gregum.
1024 815 1028 816 γ
1047 810 1054 816 ι

272 813 302 842 ln
316 813 473 877 ciﬂtatibus
484 814 648 849 montuosis,
665 819 692 842 ct
705 814 732 842 in
744 814 898 842 civitatibus
909 813 1069 848 campestri-

379 856 403 877 s.

307 889 336 923 et
348 885 374 913 in
388 885 626 923 civit_atibus,rquaz
639 885 673 923 ad
684 890 807 923 austrum
819 890 895 923 sunt;
921 920 928 923 _
1020 921 1024 923 _
1040 916 1047 923 .

272 922 306 949 Et
319 921 346 949 in
363 925 434 949 terra
445 920 598 957 Beniamin,
613 926 640 949 et
651 922 678 949 in
693 922 809 950 circuitu
823 920 987 952 Jerusalem,
1001 920 1068 945 etin

342 957 503 995 civitatibus
509 957 526 995 _J
531 957 592 992 uda,
736 993 741 995 ἒ
1035 989 1041 995 _

307 992 406 1029 adhue
421 993 576 1020 transibunt
593 1001 689 1029 greges
710 993 743 1021 ad
760 1000 869 1020 manum
888 992 1069 1024 numerantis,

343 1030 381 1055 ait
395 1028 535 1056 Dominus.

273 1064 345 1092 Ecce
360 1064 418 1092 dies
433 1064 556 1097 veniunt,
573 1064 636 1092 dicit
653 1064 783 1092 Dominus
797 1074 805 1093 :

271 1115 273 1117 -
307 1104 335 1128 et
348 1100 486 1128 suscitabo
501 1101 612 1128 verbum
627 1101 741 1133 bonum,
758 1101 830 1136 quod
843 1101 948 1130 locutus
963 1109 1021 1130 sum
1036 1100 1070 1129 ad

345 1136 455 1163 domum
474 1137 555 1164 Israel
572 1141 599 1163 et
612 1136 644 1163 ad
660 1136 769 1163 domum
786 1137 867 1164 Juda.

275 1170 306 1199 In
318 1171 413 1199 diebus
429 1171 494 1205 illis,
506 1176 534 1199 et
545 1172 571 1198 in
585 1177 708 1206 tempore
723 1172 780 1205 illo,

307 1207 461 1243 germinare
475 1206 572 1234 faciam
590 1208 673 1235 David
689 1216 799 1242 germen
812 1207 943 1243 justitize:

305 1248 332 1270 et
342 1243 422 1270 faciet
433 1242 564 1277 judicium
578 1247 605 1270 et
615 1242 749 1277 justitiam
762 1243 789 1271 in
801 1248 885 1271 terra.

272 1277 302 1306 In
318 1278 414 1305 diebus
428 1278 480 1305 illis
495 1279 644 1306 salvabitur
654 1278 733 1312 Juda,

307 1318 335 1342 et
347 1313 499 1342 Jerusalem
511 1314 829 1344 habitavitcontidenter.

273 1349 308 1385 Et
324 1350 375 1376 hoc
390 1353 432 1377 est
445 1350 459 1365 ⁸
472 1350 545 1385 quod
561 1350 668 1378 vocabit
681 1357 752 1385 eam,

271 1384 404 1419 Dominus
415 1384 505 1420 justus
518 1391 620 1414 uoster.

271 1421 339 1454 Quia
353 1421 410 1448 hate
424 1422 488 1448 dicit
503 1421 635 1449 Dominus
649 1431 655 1448 :

273 1456 331 1484 Νοη
346 1456 509 1493 interibitde
520 1457 604 1485 David
618 1458 669 1493 vir,

308 1492 354 1527 qui
370 1492 465 1520 sedeat
475 1499 556 1527 super
569 1493 694 1521 thronum
710 1494 807 1523 domus
820 1494 915 1523 Israel.

223 1544 227 1547 ι
273 1527 307 1556 Et
323 1528 358 1555 de
372 1528 566 1556 Sacerdotibus
579 1533 606 1556 et
623 1528 658 1557 de
673 1530 776 1559 Levitis
792 1539 846 1559 non
868 1530 989 1560 interibit
1003 1530 1072 1559 vira

344 1563 414 1591 facie
424 1571 496 1599 mea,

307 1599 355 1633 qui
367 1599 463 1627 oll‘erat
478 1599 693 1629 holocautomata
702 1621 710 1635 ,

306 1641 335 1663 et
346 1636 483 1699 tiincgndat.
494 1637 669 1673 sacriﬁcium,
686 1641 714 1666 et
724 1637 811 1666 caedat
825 1638 950 1668 victimas
963 1640 1070 1668 cunctis

366 1679 389 1699 le
411 1680 453 1699 US.

366 1679 453 1700 tenus.

271 1706 306 1746 Et
318 1706 418 1746 factum
429 1713 472 1746 est
484 1707 597 1746 verbum
612 1708 721 1738 Domini
733 1709 768 1738 ad
778 1710 939 1746 Jeremiam,
952 1710 1048 1739 dicens
1063 1719 1068 1737 :

272 1742 337 1770 Hatc
351 1743 418 1771 dicit
432 1743 559 1772 Dominus
575 1753 581 1771 :

269 1778 297 1808 Si
313 1778 419 1807 irritum
432 1780 490 1808 ﬁeri
506 1785 595 1815 potest
610 1786 720 1816 pactum
734 1789 826 1811 meum
841 1790 903 1812 cum
916 1782 972 1817 die,
986 1786 1014 1810 et
1024 1790 1072 1819 pa-

341 1820 415 1843 ctum
431 1824 519 1844 meum
536 1823 597 1844 cum
617 1821 709 1852 nocte,

308 1855 338 1879 ut
352 1859 405 1879 non
420 1853 455 1880 sit
465 1852 524 1880 dies
535 1856 562 1879 et
575 1860 630 1879 nox
642 1854 668 1880 in
683 1859 807 1889 tempore
822 1861 871 1881 suo
884 1862 891 1880 ε

273 1886 308 1914 Ει
327 1892 433 1922 pactum
457 1895 547 1916 meum
566 1889 673 1916 irritum
696 1886 759 1917 esse
779 1890 882 1925 poterit
903 1896 964 1918 cum
987 1889 1072 1919 David

344 1930 426 1951 servo
441 1931 513 1958 meo,

309 1963 338 1986 ut
352 1960 455 1997 nonusit
469 1967 501 1987 ex
513 1967 545 1987 eo
560 1959 631 1997 illius
642 1960 688 1996 qui
703 1965 799 1997 regnet
811 1961 839 1989 in
854 1961 952 1997 throno
964 1960 1034 1997 ejus,

310 1999 338 2022 et
352 1993 452 2022 Levita:
466 2000 494 2024 et
506 1993 663 2030 sacerdotes
677 1993 793 2024 ministri
807 1996 861 2025 mei
873 2005 880 2024 :

272 2028 349 2058 Sicut
362 2031 516 2072 enumerari
533 2039 588 2059 non
605 2028 718 2067 possunt
732 2033 820 2061 stella:
835 2033 897 2061 coeli
908 2054 916 2068 ,
937 2036 964 2061 et
981 2033 1072 2062 metiri

346 2073 429 2093 arena
443 2074 526 2094 maris
539 2076 546 2094 ε

310 2101 350 2129 sic
361 2102 548 2143 multiplicabo
558 2111 653 2132 semen
665 2104 750 2133 David
763 2104 836 2133 servi
847 2104 913 2140 mei,
924 2109 953 2133 et
963 2104 1073 2135 Levitas

344 2143 485 2166 mlmSll‘OS
499 2146 585 2167 meos.

273 2173 308 2209 Et
323 2172 422 2201 factum
437 2179 478 2202 est
491 2176 604 2204 verbum
618 2176 724 2204 Domini
738 2176 771 2203 ad
784 2175 942 2209 Jeremiam,
955 2175 1050 2205 dicens
1063 2186 1070 2204 :

272 2208 482 2272 Numgucigngiun
503 2211 592 2239 vidisti
612 2212 677 2248 quid
696 2213 814 2248 populus
834 2212 878 2240 hic
897 2208 1004 2240 loeutus
1025 2213 1069 2247 sit,

367 2253 440 2273 Iceus
457 2255 464 2274 Ξ

778 145 807 174 S.
824 142 1015 173 HIERONYMI
1034 143 1151 174 DlVlNA
1171 142 1410 173 BIBLIOTHECA.

1866 144 1918 175 900

1157 206 1186 230 ut
1201 210 1255 230 non
1268 209 1405 229 assumam
1423 200 1459 238 de
1476 200 1582 230 semine
1592 199 1663 238 ejus
1676 199 1814 238 principes
1834 201 1922 230 semi-

1192 238 1233 266 nis
1248 238 1395 271 Abraham,
1407 242 1435 265 et
1448 236 1534 272 Isaac,
1549 241 1577 265 et
1589 236 1684 266 Jacob.

1121 273 1258 302 Reducam
1275 275 1347 301 enim
1363 273 1571 302 conversionem
1591 280 1699 308 eorum,
1719 277 1748 301 et
1767 272 1924 301 miserebor

1193 318 1242 337 015.

1121 345 1196 382 [Cap.
1220 345 1352 382 XXXIVJ
1373 345 1491 373 Verbum
1511 345 1584 382 quod
1609 344 1711 374 factum
1730 348 1773 374 est
1793 344 1830 373 ad
1845 344 1925 373 Jere-

1192 381 1273 408 miam
1289 389 1304 408 a
1322 382 1446 415 Domino,
1669 393 1671 395 ί

1156 417 1265 455 quando
1279 417 1531 459 l‘labughodonosor
1548 425 1597 446 rex
1611 417 1769 454 Babylonis,
1785 421 1815 446 et
1832 416 1925 445 omnis

1143 478 1146 480 .
1194 458 1331 481 EXCI‘ClIUS
1345 458 1415 489 ejus,

1157 489 1341 531 universaque
1353 497 1437 525 regna
1448 493 1542 525 terrae,
1556 497 1617 526 quae
1629 493 1708 518 erant
1720 489 1774 517 sub
1787 492 1926 527 potestate

1193 532 1290 552 manus
1306 533 1364 553 eius

1191 534 1290 555 manus
1306 534 1375 563 ejus,

1157 565 1185 589 et
1198 568 1295 589 omnes
1310 561 1404 596 populi
1418 561 1561 591 bellabant
1574 566 1669 590 contra
1681 560 1847 597 Jerusalem,

1157 601 1188 624 et
1200 602 1294 624 contra
1309 605 1405 625 omnes
1418 598 1501 626 urbes
1515 599 1586 633 ejus,
1600 598 1694 626 dicens
1708 605 1717 627 ;

1122 631 1185 660 Haec
1200 632 1267 660 dicit
1281 633 1409 660 Dominus
1424 633 1495 661 Deus
1509 631 1595 662 Israel
1608 642 1615 661 :

1122 667 1251 706 Vadetet
1265 669 1378 706 loquere
1389 669 1423 697 ad
1436 669 1579 698 Sedeciam
1596 676 1687 706 regem
1701 668 1770 698 Juda
1784 676 1792 697 :

1157 708 1185 731 et
1199 704 1275 731 dices
1290 705 1323 732 ad
1338 713 1399 732 eum
1414 714 1421 733 :

1121 739 1185 767 Haec
1200 739 1266 767 dicit
1279 740 1409 768 Dominus
1426 749 1433 769 :

1121 775 1257 838 Eccebeuo
1272 775 1377 817 tradam
1390 777 1529 806 civitatem
1542 777 1614 806 hanc
1627 776 1657 806 lu
1672 782 1770 805 manus
1783 775 1857 811 regis
1872 773 1926 802 Ba-

1212 818 1229 838 ν
1242 819 1313 838 oms.

1242 819 1301 839 oms

1193 818 1313 847 uytoms,

1156 852 1183 875 et
1196 847 1341 885 succendet
1353 855 1418 885 eam
1428 848 1493 885 igni.

1081 898 1106 930 Β
1120 882 1616 930 Eli".'19:95asis.§sim,eu_slss-

1156 918 1203 956 sed
1216 918 1457 956 comprehensione
1472 918 1599 956 capieris,

1156 959 1185 983 et
1196 954 1223 982 in
1238 963 1319 982 manu
1332 955 1391 990 ejus
1403 954 1518 984 traderis
1530 966 1537 984 :

1121 990 1155 1018 Et
1171 991 1242 1019 oculi
1257 991 1295 1028 tui
1311 989 1404 1019 oculos
1417 994 1488 1028 regis
1505 991 1649 1028 Babylonis
1662 989 1807 1024 videbunt,

1157 1031 1185 1055 et
1196 1034 1227 1063 95
1235 1026 1301 1063 ejus
1314 1035 1376 1055 cum
1391 1035 1440 1055 ore
1450 1026 1502 1055 tuo
1517 1026 1653 1063 loquetur,

1157 1067 1183 1090 et
1196 1062 1360 1098 Babylonem
1376 1064 1512 1092 introibis.

1121 1095 1326 1135 Attamen-audi
1342 1099 1453 1127 verbum
1468 1099 1586 1135 Domini,
1600 1098 1714 1127 Sedecia
1728 1103 1776 1125 rex
1790 1095 1883 1124 Iuda:

1120 1133 1184 1162 Hinc
1196 1134 1261 1162 dicit
1273 1134 1403 1162 Dominus
1415 1136 1448 1163 ad
1462 1140 1489 1163 te
1502 1144 1509 1163 :
1578 1133 1583 1135 ⁷
1739 1138 1755 1145 ’”

1120 1169 1180 1197 Non
1197 1170 1321 1206 morieris
1333 1172 1359 1198 in
1371 1171 1470 1206 gladio,

1157 1205 1206 1233 sed
1221 1206 1247 1232 in
1262 1213 1329 1241 pace
1341 1205 1464 1236 morieris
1478 1216 1486 1235 :

1122 1240 1157 1270 Et
1170 1240 1318 1282 secundum
1342 1243 1545 1282 combustiones
1565 1247 1672 1280 patrum
1694 1247 1806 1279 tuorum
1833 1252 1928 1282 regum

1194 1278 1327 1316 priorum,
1344 1278 1390 1313 qui
1405 1280 1511 1308 luerunt
1525 1278 1588 1309 ante
1602 1285 1642 1316 te,

1158 1313 1198 1340 sic
1212 1313 1371 1342 cumburenl
1386 1318 1429 1342 te:

1123 1348 1158 1377 Et
1169 1356 1219 1387 va},
1237 1349 1361 1387 Domine,
1376 1351 1504 1387 plangunt
1517 1356 1544 1380 te
1556 1360 1564 1379 :

1159 1384 1220 1421 quia
1237 1386 1350 1413 verbum
1362 1384 1413 1421 ego
1428 1384 1532 1416 locutus
1544 1395 1614 1421 sum,
1630 1388 1697 1417 dicit
1710 1388 1853 1418 Dominus.

1123 1420 1156 1448 Et
1172 1420 1279 1463 locutus
1292 1426 1333 1463 est
1348 1420 1480 1463 Jeremias
1495 1420 1672 1463 prophetaad
1685 1425 1826 1463 Sedeciain
1836 1434 1929 1463 regem

1195 1457 1261 1484 Jnda
1275 1457 1400 1487 universa
1418 1457 1503 1487 verba
1516 1457 1573 1488 ltrec
1587 1461 1612 1487 in
1625 1460 1788 1488 Jerusalem.

1124 1492 1158 1519 Et
1180 1494 1314 1555 exerlcilus
1336 1495 1404 1529 regis
1430 1495 1574 1531 Babylonis
1590 1498 1725 1532 pugnabat
1740 1502 1833 1525 contra
1849 1498 1929 1526 Jeru-

1213 1537 1241 1555 sa
1256 1537 1308 1555 em.

1213 1537 1308 1562 salem,

1163 1569 1190 1591 ct
1203 1572 1408 1605 con_tr:t_(_)ntncs
1419 1568 1541 1595 civitates
1552 1568 1632 1602 .lnda,
1644 1576 1705 1603 quae
1718 1568 1828 1605 reliqua:
1838 1574 1929 1605 erant,

1091 1599 1114 1639 β
1130 1599 1229 1628 Contra
1245 1601 1351 1639 Lracltis,
1369 1608 1395 1629 et
1406 1610 1499 1630 contra
1514 1599 1639 1632 Azecha':

1161 1638 1202 1664 lia:
1228 1638 1299 1678 enim
1323 1645 1481 1673 supererant
1503 1640 1537 1667 de
1562 1640 1718 1668 civitatibus
1738 1640 1818 1676 Juda,
1845 1641 1930 1670 urbes

1196 1679 1316 1701 lllullllill.

1123 1708 1255 1740 Verbum,
1273 1710 1344 1744 quod
1358 1709 1457 1737 factum
1473 1712 1516 1735 est
1530 1708 1562 1735 ad
1576 1709 1721 1739 Jercmiam
1734 1720 1748 1739 a
1763 1712 1890 1746 Domino,

1161 1750 1302 1780 postquam
1320 1746 1456 1779 percussit
1470 1752 1517 1772 rex
1532 1745 1657 1775 Sedecias
1674 1748 1761 1776 foedus
1775 1757 1838 1776 cum
1855 1745 1930 1776 omni

1197 1781 1297 1815 populo
1314 1781 1339 1808 in
1356 1782 1520 1814 Jerusalem;

1124 1816 1291 1849 Praedicans,
1306 1822 1334 1855 ut
1346 1817 1496 1855 dimitteret
1514 1819 1697 1855 unusquisque
1712 1827 1821 1847 servum
1837 1827 1928 1853 suum,

1161 1858 1186 1889 et
1203 1853 1385 1888 unusquisque
1400 1854 1525 1881 ancillam
1548 1853 1636 1889 suam,
1653 1853 1807 1884 ’l'lebrazutu
1828 1860 1857 1884 et
1876 1856 1930 1884 Hc-

1163 1888 1274 1922 brmam,
1294 1889 1403 1916 liberos.

1124 1924 1158 1952 Et
1173 1932 1341 1961 nequaquam
1357 1926 1560 1953 dominarentur
1575 1926 1626 1961 eis,

1159 1960 1185 1987 id
1199 1965 1250 1990 est,
1265 1961 1290 1987 in
1306 1960 1399 1988 1ηάωο
1415 1967 1442 1989 et
1458 1961 1541 1988 fratre
1551 1970 1610 1989 suo.

1124 1996 1276 2035 Audierant
1288 2004 1352 2035 ergo
1364 2006 1459 2035 omnes
1476 1998 1612 2032 principes
1628 2003 1655 2035 et
1676 1998 1821 2027 universus
1843 2006 1929 2035 popu-

1197 2031 1248 2065 lus,
1272 2033 1317 2067 qtti
1334 2033 1450 2060 inierant
1471 2031 1579 2067 pactum
1603 2039 1630 2060 ut
1649 2033 1662 2052 δ
1678 2035 1828 2062 dimitteret
1845 2031 1930 2062 'un'us-

1196 2068 1318 2106 quisque
1327 2077 1433 2096 servum
1450 2077 1539 2103 suum,
1556 2074 1583 2097 et
1597 2070 1780 2106 unusquisque
1801 2071 1928 2098 ancillam

1196 2111 1273 2130 suam
1291 2103 1403 2139 liberos,

1160 2140 1269 2178 etultra
1287 2148 1338 2178 uon
1353 2141 1560 2169 dominarentur
1574 2142 1599 2168 in
1615 2140 1668 2177 [ΑΙ.
1688 2146 1752 2170 lucet
1764 2140 1802 2178 in]
1818 2142 1858 2170 eis
1872 2151 1879 2169 :

1123 2174 1276 2202 Audierant
1292 2176 1383 2211 igitur,
1400 2184 1425 2204 et
1439 2178 1616 2205 dimiserunt:

1159 2217 1186 2239 et
1199 2213 1322 2238 conversi
1338 2218 1401 2239 sunt
1416 2214 1544 2248 deinceps
1558 2221 1563 2239 :

1125 2246 1159 2273 Et
1175 2251 1348 2274 retraxerunt
1359 2256 1452 2276 servos
1466 2254 1493 2276 et
1508 2246 1622 2277 ancillas
1638 2257 1712 2284 suas,

273 2280 339 2309 Duae
363 2282 550 2332 cognationes,
563 2283 637 2320 'quas
651 2284 772 2321 elegerat
792 2283 1071 2321 Dominus,|jabjectte
1085 2299 1110 2332 ι)
1160 2283 1527 2332 tutosIdtmiscraut‘libefos,

308 2357 334 2381 et
343 2322 482 2391 sSolio-lum
499 2362 589 2383 meum
603 2355 799 2391 despexerunt,
820 2362 853 2384 eo
866 2357 940 2391 quod
961 2364 1014 2385 non
1036 2356 1073 2384 sit

343 2390 413 2418 ultra
427 2398 493 2425 gens
504 2398 597 2418 coram
613 2390 671 2419 eis?

270 2425 334 2453 Hmc
346 2425 412 2454 dicit
427 2426 554 2454 Dominus
572 2436 579 2454 :

270 2462 299 2489 Si
313 2466 418 2500 pactum
435 2470 525 2500 meum
539 2461 611 2490 inter
623 2462 694 2491 diem
710 2468 734 2491 el
750 2469 869 2500 noctem,

307 2502 335 2525 et
350 2499 421 2533 leges
432 2499 502 2526 erelo
517 2502 545 2525 et
558 2503 638 2526 terra:
654 2507 708 2527 non
721 2501 797 2534 posui
813 2509 820 2527 :

308 2534 434 2575 equidem
450 2539 477 2562 et
490 2542 585 2563 semen
598 2534 683 2564 Jacob
697 2541 725 2564 et
739 2535 824 2564 David
839 2535 912 2564 servi
923 2536 977 2566 mei
990 2534 1074 2573 proji-

346 2577 429 2604 ciam,

308 2654 322 2668 ι
333 2649 379 2677 Sic
394 2654 508 2685 uterque
519 2647 616 2685 Cauon
631 2648 769 2685 llebraicaa
779 2649 913 2685 veritatis,
928 2649 1074 2677 Garcasso-

271 2685 365 2714 nensis
381 2683 506 2713 videlicet
520 2690 548 2713 et
569 2683 833 2712 San-Gcrmanensis
854 2690 946 2713 noster
960 2685 1005 2720 qui
1028 2693 1074 2720 ge-

271 2722 381 2750 nuinam
392 2728 423 2749 ac
434 2721 589 2756 primaevam
602 2720 719 2748 retinent
730 2719 874 2748 lectionem
887 2719 1075 2757 Hieronymis-

271 2775 335 2796 nam
350 2776 357 2795 :
374 2769 400 2795 iu
415 2767 529 2812 Hebraeo
550 2765 623 2794 enim
646 2767 776 2802 scriptum
791 2773 845 2802 est,
860 2772 931 2812 mp7
946 2773 1013 2798 “illm
1031 2773 1074 2799 rm

271 2819 428 2855 upupam
449 2807 498 2855 n5.
521 2822 579 2842 υριε
592 2823 650 2855 alter
667 2815 782 2855 jecraja
796 2814 848 2855 {aq
862 2807 997 2855 sgdiicenu.
1010 2817 1075 2855 sive

270 2849 303 2880 ut'
314 2851 395 2878 hodie
411 2852 513 2885 legunt,
529 2858 574 2877 uez
588 2849 619 2877 eh
639 2849 729 2878 ascher
743 2851 797 2878 {cra
812 2851 854 2878 (ali
868 2851 968 2878 Jehoua
983 2852 1073 2878 tsidce-

271 2895 319 2920 τιτι,
334 2885 404 2925 quod
420 2886 633 2925 interpretantur
647 2886 769 2925 nonnulli
781 2887 901 2925 ;_Et§ste
914 2887 958 2925 qui
973 2887 1072 2925 vocabit

271 2920 596 2958 eant,'Domimtsj'ustitia
609 2927 709 2950 nostra.
721 2920 864 2951 Chaldaeus
876 2928 904 2952 et
917 2920 1021 2958 Syrus;
1037 2922 1074 2951 Et

1162 2324 1189 2346 et
1202 2319 1415 2354 subjugaverunt
1427 2322 1452 2347 in
1468 2320 1582 2348 famulos
1594 2325 1621 2348 et
1636 2321 1662 2348 in
1679 2321 1803 2353 famulas.

1124 2354 1158 2382 Et
1172 2355 1269 2417 fagum
1282 2362 1321 2383 cst
1333 2356 1445 2384 verbum
1457 2356 1563 2386 Domini
1573 2357 1605 2384 ad
1615 2356 1761 2385 Jeremiam
1772 2366 1787 2385 a
1799 2356 1929 2392 Domino,

1215 2398 1289 2417 ICCllS
1303 2401 1307 2417 ἰ

1215 2398 1289 2418 ICCllS
1303 2401 1307 2417 ζ

1125 2426 1189 2453 llmc
1203 2426 1267 2454 dicit
1285 2428 1413 2456 Dominus
1433 2430 1504 2457 Deus
1517 2429 1598 2457 Israel
1615 2438 1620 2455 :

1126 2463 1181 2497 Ego
1195 2465 1314 2501 percussi
1332 2465 1418 2492 foedus
1434 2474 1493 2492 cum
1513 2466 1634 2496 patribus
1649 2464 1759 2501 vestris,
1774 2465 1801 2493 in
1817 2464 1863 2493 die
1878 2472 1929 2500 qua

1198 2499 1277 2537 eduxi
1294 2508 1340 2527 eos
1352 2501 1384 2527 de
1399 2506 1470 2529 terra
1486 2501 1608 2537 Egy‘pti,

1162 2534 1196 2562 dc
1212 2535 1293 2562 domo
1309 2537 1459 2569 servitutis,
1477 2534 1571 2565 dit-eus
1585 2547 1591 2563 ;

1125 2570 1194 2598 Cum
1208 2572 1335 2606 completi
1351 2571 1451 2601 fuerint
1464 2578 1567 2609 septeni
1580 2573 1653 2607 anni,

1126 2649 1175 2676 hoc
1189 2653 1227 2677 est
1246 2658 1350 2684 nomen,
1366 2659 1417 2688 qua
1435 2652 1563 2680 vocabunt
1576 2661 1642 2680 eam.
1658 2652 1726 2681 Huic
1739 2652 1851 2680 lectioni
1868 2651 1930 2680 Vul-

1125 2689 1185 2749 gata
1198 2692 1290 2714 nostra
1301 2688 1446 2718 consentit.
1460 2688 1518 2716 lluc
1529 2688 1600 2717 rel’er
1611 2697 1671 2724 qua:
1681 2696 1762 2724 supra
1773 2696 1835 2724 cap.
1848 2695 1927 2722 xxiv,

1148 2742 1154 2749 .
1166 2722 1265 2749 scripta
1278 2723 1463 2749 reperiuntur.
1474 2732 1636 2749 nuamnuam
1649 2723 1771 2749 nonnihil
1782 2724 1817 2749 sit
1828 2724 1927 2749 discre-

1148 2742 1154 2752 ,
1166 2722 1265 2761 scripta
1278 2723 1463 2759 reperiuntur,
1474 2722 1636 2761 quamquam
1648 2722 1771 2761 nonnihil
1782 2722 1817 2751 sit
1828 2724 1929 2761 discre-

1125 2758 1227 2820 pantia;
1245 2758 1316 2786 inter
1330 2758 1586 2795 utrumque'locur’n
1612 2759 1771 2796 prophetae,
1787 2764 1817 2787 ut
1838 2759 1929 2788 statim

1139 2797 1228 2820 ctrentt
1241 2795 1349 2820 nlannm
1366 2796 1428 2820 erit.
1441 2796 1530 2820 MART.

1139 2794 1228 2827 egenti
1241 2795 1349 2828 planum
1366 2796 1428 2823 erit.
1440 2796 1530 2823 MART.

1165 2829 1180 2864 δ,
1193 2830 1279 2857 Aliter
1290 2830 1383 2859 Canon
1404 2831 1432 2859 S.
1457 2831 1597 2866 Germani,
1612 2832 1659 2860 ubi
1673 2832 1788 2867 legimus
1806 2839 1813 2859 :
1841 2830 1878 2858 Ut
1889 2831 1928 2858 di-

1125 2866 1238 2903 mitteret
1256 2867 1429 2903 unusquisque
1442 2875 1542 2894 seruum
1553 2876 1629 2895 suum
1644 2866 1793 2901 Hebraeum,
1808 2872 1833 2895 et
1846 2875 1926 2895 unus-

1124 2902 1231 2938 quisque
1243 2901 1367 2931 anct‘llam
1381 2901 1453 2932 Suam
1466 2902 1602 2932 Hebraeum
1614 2903 1719 2933 liberos.
1736 2903 1827 2932 MART.
