  <div class='ocr_page' id='page_1' title='image "/cluster/home/n/w/nwhite01/storage/ocr_20150623/28/hvd.32044015471410/456.png"; bbox 0 0 3994 6342; ppageno 0'>
   <div class='ocr_carea' id='block_1_1' title="bbox 201 298 291 359">
    <p class='ocr_par' dir='ltr' id='par_1_1' title="bbox 201 298 291 359">
     <span class='ocr_line' id='line_1_1' title="bbox 201 298 291 359; baseline -0.033 0"><span class='ocrx_word' id='word_1_1' title='bbox 201 298 291 359; x_wconf 86' lang='grc'><strong>901</strong></span> 
     </span>
    </p>
   </div>
   <div class='ocr_carea' id='block_1_2' title="bbox 1308 286 2334 351">
    <p class='ocr_par' dir='ltr' id='par_1_2' title="bbox 1308 286 2334 351">
     <span class='ocr_line' id='line_1_2' title="bbox 1308 286 2334 351; baseline 0.001 -3"><span class='ocrx_word' id='word_1_2' title='bbox 1308 288 1514 349; x_wconf 76' lang='lat' dir='ltr'><strong>LIBER</strong></span> <span class='ocrx_word' id='word_1_3' title='bbox 1555 288 1880 351; x_wconf 63' lang='lat' dir='ltr'><strong>JEREMIE</strong></span> <span class='ocrx_word' id='word_1_4' title='bbox 1919 286 2334 349; x_wconf 68' lang='lat' dir='ltr'><strong>PROPHETE.</strong></span> 
     </span>
    </p>
   </div>
   <div class='ocr_carea' id='block_1_3' title="bbox 262 412 2778 487">
    <p class='ocr_par' dir='ltr' id='par_1_3' title="bbox 262 412 2778 487">
     <span class='ocr_line' id='line_1_3' title="bbox 262 412 2778 487; baseline -0.002 -13"><span class='ocrx_word' id='word_1_5' title='bbox 262 414 487 487; x_wconf 87' lang='lat' dir='ltr'><strong>dimittat</strong></span> <span class='ocrx_word' id='word_1_6' title='bbox 506 413 869 487; x_wconf 83' lang='lat' dir='ltr'><strong>unusquisque</strong></span> <span class='ocrx_word' id='word_1_7' title='bbox 896 412 1120 471; x_wconf 88' lang='lat' dir='ltr'><strong>fratrem</strong></span> <span class='ocrx_word' id='word_1_8' title='bbox 1152 427 1309 470; x_wconf 88' lang='lat' dir='ltr'><strong>suum</strong></span> <span class='ocrx_word' id='word_1_9' title='bbox 1338 414 1654 483; x_wconf 70' lang='lat' dir='ltr'><strong>liebrazum,</strong></span> <span class='ocrx_word' id='word_1_10' title='bbox 1680 412 1771 485; x_wconf 87' lang='lat' dir='ltr'><strong>qui</strong></span> <span class='ocrx_word' id='word_1_11' title='bbox 1804 417 1853 477; x_wconf 79' lang='grc' dir='ltr'>Α</span> <span class='ocrx_word' id='word_1_12' title='bbox 1954 422 2009 469; x_wconf 90' lang='lat' dir='ltr'><strong>ct</strong></span> <span class='ocrx_word' id='word_1_13' title='bbox 2033 412 2251 469; x_wconf 91' lang='lat' dir='ltr'><strong>domum</strong></span> <span class='ocrx_word' id='word_1_14' title='bbox 2285 429 2391 469; x_wconf 90' lang='lat' dir='ltr'><strong>non</strong></span> <span class='ocrx_word' id='word_1_15' title='bbox 2421 412 2778 487; x_wconf 83' lang='lat' dir='ltr'><strong>aedificabitis,</strong></span> 
     </span>
    </p>
   </div>
   <div class='ocr_carea' id='block_1_4' title="bbox 323 484 776 553">
    <p class='ocr_par' dir='ltr' id='par_1_4' title="bbox 323 484 776 553">
     <span class='ocr_line' id='line_1_4' title="bbox 323 484 776 553; baseline -0.002 -11"><span class='ocrx_word' id='word_1_16' title='bbox 323 486 565 542; x_wconf 83' lang='lat' dir='ltr'><strong>venditus</strong></span> <span class='ocrx_word' id='word_1_17' title='bbox 592 484 678 543; x_wconf 78' lang='lat' dir='ltr'><strong>est</strong></span> <span class='ocrx_word' id='word_1_18' title='bbox 704 484 776 553; x_wconf 91' lang='lat' dir='ltr'><strong>ei,</strong></span> 
     </span>
    </p>
   </div>
   <div class='ocr_carea' id='block_1_5' title="bbox 258 558 995 618">
    <p class='ocr_par' dir='ltr' id='par_1_5' title="bbox 258 558 995 618">
     <span class='ocr_line' id='line_1_5' title="bbox 258 558 995 618; baseline -0.009 0"><span class='ocrx_word' id='word_1_19' title='bbox 258 567 312 618; x_wconf 92' lang='lat' dir='ltr'><strong>et</strong></span> <span class='ocrx_word' id='word_1_20' title='bbox 334 560 524 614; x_wconf 89' lang='lat' dir='ltr'><strong>serviet</strong></span> <span class='ocrx_word' id='word_1_21' title='bbox 554 558 645 612; x_wconf 91' lang='lat' dir='ltr'><strong>tibi</strong></span> <span class='ocrx_word' id='word_1_22' title='bbox 670 572 764 614; x_wconf 90' lang='lat' dir='ltr'><strong>sex</strong></span> <span class='ocrx_word' id='word_1_23' title='bbox 795 558 954 614; x_wconf 92' lang='lat' dir='ltr'><strong>annis</strong></span> <span class='ocrx_word' id='word_1_24' title='bbox 982 574 995 611; x_wconf 91' lang='lat'><strong>:</strong></span> 
     </span>
    </p>
   </div>
   <div class='ocr_carea' id='block_1_6' title="bbox 258 629 1156 687">
    <p class='ocr_par' dir='ltr' id='par_1_6' title="bbox 258 629 1156 687">
     <span class='ocr_line' id='line_1_6' title="bbox 258 629 1156 687; baseline -0.006 0"><span class='ocrx_word' id='word_1_25' title='bbox 258 639 311 687; x_wconf 89' lang='lat' dir='ltr'><strong>et</strong></span> <span class='ocrx_word' id='word_1_26' title='bbox 335 630 565 685; x_wconf 78' lang='lat' dir='ltr'><strong>dimittes</strong></span> <span class='ocrx_word' id='word_1_27' title='bbox 592 644 715 685; x_wconf 91' lang='lat' dir='ltr'><strong>eum</strong></span> <span class='ocrx_word' id='word_1_28' title='bbox 746 646 776 685; x_wconf 90' lang='lat' dir='ltr'><strong>a</strong></span> <span class='ocrx_word' id='word_1_29' title='bbox 808 638 860 685; x_wconf 90' lang='lat' dir='ltr'><strong>te</strong></span> <span class='ocrx_word' id='word_1_30' title='bbox 891 629 1156 685; x_wconf 88' lang='lat' dir='ltr'><strong>liberum:</strong></span> 
     </span>
    </p>
   </div>
   <div class='ocr_carea' id='block_1_7' title="bbox 198 701 1218 773">
    <p class='ocr_par' dir='ltr' id='par_1_7' title="bbox 198 701 1218 773">
     <span class='ocr_line' id='line_1_7' title="bbox 198 701 1218 773; baseline -0.006 -11"><span class='ocrx_word' id='word_1_31' title='bbox 198 705 256 762; x_wconf 82' lang='lat' dir='ltr'><strong>Et</strong></span> <span class='ocrx_word' id='word_1_32' title='bbox 278 717 377 758; x_wconf 90' lang='lat' dir='ltr'><strong>non</strong></span> <span class='ocrx_word' id='word_1_33' title='bbox 405 701 687 756; x_wconf 91' lang='lat' dir='ltr'><strong>audierunt</strong></span> <span class='ocrx_word' id='word_1_34' title='bbox 712 710 888 773; x_wconf 91' lang='lat' dir='ltr'><strong>patres</strong></span> <span class='ocrx_word' id='word_1_35' title='bbox 918 702 1081 757; x_wconf 89' lang='lat' dir='ltr'><strong>vestri</strong></span> <span class='ocrx_word' id='word_1_36' title='bbox 1112 716 1218 768; x_wconf 90' lang='lat' dir='ltr'><strong>me,</strong></span> 
     </span>
    </p>
   </div>
   <div class='ocr_carea' id='block_1_8' title="bbox 258 773 1193 839">
    <p class='ocr_par' dir='ltr' id='par_1_8' title="bbox 258 773 1193 839">
     <span class='ocr_line' id='line_1_8' title="bbox 258 773 1193 839; baseline -0.002 -10"><span class='ocrx_word' id='word_1_37' title='bbox 258 789 351 839; x_wconf 85' lang='lat' dir='ltr'><strong>nec</strong></span> <span class='ocrx_word' id='word_1_38' title='bbox 377 773 770 829; x_wconf 89' lang='lat' dir='ltr'><strong>inclinaverunt</strong></span> <span class='ocrx_word' id='word_1_39' title='bbox 797 788 983 828; x_wconf 90' lang='lat' dir='ltr'><strong>aurem</strong></span> <span class='ocrx_word' id='word_1_40' title='bbox 1015 788 1193 829; x_wconf 86' lang='lat' dir='ltr'><strong>suam.</strong></span> 
     </span>
    </p>
   </div>
   <div class='ocr_carea' id='block_1_9' title="bbox 198 842 1017 909">
    <p class='ocr_par' dir='ltr' id='par_1_9' title="bbox 198 842 1017 909">
     <span class='ocr_line' id='line_1_9' title="bbox 198 842 1017 909; baseline -0.009 -4"><span class='ocrx_word' id='word_1_41' title='bbox 198 848 256 905; x_wconf 81' lang='lat' dir='ltr'><strong>Et</strong></span> <span class='ocrx_word' id='word_1_42' title='bbox 279 842 523 902; x_wconf 78' lang='lat' dir='ltr'><strong>conversi</strong></span> <span class='ocrx_word' id='word_1_43' title='bbox 547 845 681 901; x_wconf 82' lang='lat' dir='ltr'><strong>estis</strong></span> <span class='ocrx_word' id='word_1_44' title='bbox 705 859 802 899; x_wconf 88' lang='lat' dir='ltr'><strong>vos</strong></span> <span class='ocrx_word' id='word_1_45' title='bbox 834 842 1017 909; x_wconf 85' lang='lat' dir='ltr'><strong>hodie,</strong></span> 
     </span>
    </p>
   </div>
   <div class='ocr_carea' id='block_1_10' title="bbox 257 914 1522 987">
    <p class='ocr_par' dir='ltr' id='par_1_10' title="bbox 257 914 1522 987">
     <span class='ocr_line' id='line_1_10' title="bbox 257 914 1522 987; baseline -0.002 -12"><span class='ocrx_word' id='word_1_46' title='bbox 257 926 308 975; x_wconf 85' lang='lat' dir='ltr'><strong>et</strong></span> <span class='ocrx_word' id='word_1_47' title='bbox 334 916 534 971; x_wconf 79' lang='lat' dir='ltr'><strong>fecistis</strong></span> <span class='ocrx_word' id='word_1_48' title='bbox 555 916 699 987; x_wconf 93' lang='lat' dir='ltr'><strong>quod</strong></span> <span class='ocrx_word' id='word_1_49' title='bbox 729 927 936 972; x_wconf 92' lang='lat' dir='ltr'><strong>rectum</strong></span> <span class='ocrx_word' id='word_1_50' title='bbox 962 922 1049 971; x_wconf 92' lang='lat' dir='ltr'><strong>est</strong></span> <span class='ocrx_word' id='word_1_51' title='bbox 1068 914 1123 970; x_wconf 89' lang='lat' dir='ltr'><strong>in</strong></span> <span class='ocrx_word' id='word_1_52' title='bbox 1159 914 1333 972; x_wconf 92' lang='lat' dir='ltr'><strong>oculis</strong></span> <span class='ocrx_word' id='word_1_53' title='bbox 1363 918 1522 984; x_wconf 83' lang='lat' dir='ltr'><strong>meis,</strong></span> 
     </span>
    </p>
   </div>
   <div class='ocr_carea' id='block_1_11' title="bbox 258 986 1777 1064">
    <p class='ocr_par' dir='ltr' id='par_1_11' title="bbox 258 986 1777 1064">
     <span class='ocr_line' id='line_1_11' title="bbox 258 986 1777 1064; baseline -0.001 -20"><span class='ocrx_word' id='word_1_54' title='bbox 258 999 311 1044; x_wconf 88' lang='lat' dir='ltr'><strong>ut</strong></span> <span class='ocrx_word' id='word_1_55' title='bbox 337 986 701 1058; x_wconf 77' lang='lat' dir='ltr'><strong>pnedicaretis</strong></span> <span class='ocrx_word' id='word_1_56' title='bbox 730 987 1038 1046; x_wconf 81' lang='lat' dir='ltr'><strong>libertatem</strong></span> <span class='ocrx_word' id='word_1_57' title='bbox 1060 987 1433 1064; x_wconf 87' lang='lat' dir='ltr'><strong>unusquisque</strong></span> <span class='ocrx_word' id='word_1_58' title='bbox 1455 990 1523 1047; x_wconf 90' lang='lat' dir='ltr'><strong>ad</strong></span> <span class='ocrx_word' id='word_1_59' title='bbox 1543 986 1777 1044; x_wconf 87' lang='lat' dir='ltr'><strong>amicum</strong></span> 
     </span>
    </p>
   </div>
   <div class='ocr_carea' id='block_1_12' title="bbox 324 1075 513 1115">
    <p class='ocr_par' dir='ltr' id='par_1_12' title="bbox 324 1075 513 1115">
     <span class='ocr_line' id='line_1_12' title="bbox 324 1075 513 1115; baseline -0.011 0"><span class='ocrx_word' id='word_1_60' title='bbox 324 1075 513 1115; x_wconf 77' lang='grc' dir='ltr'><strong>ευυηιε</strong></span> 
     </span>
    </p>
   </div>
   <div class='ocr_carea' id='block_1_13' title="bbox 196 1130 1270 1203">
    <p class='ocr_par' dir='ltr' id='par_1_13' title="bbox 196 1130 1270 1203">
     <span class='ocr_line' id='line_1_13' title="bbox 196 1130 1270 1203; baseline -0.003 -14"><span class='ocrx_word' id='word_1_61' title='bbox 196 1134 253 1190; x_wconf 78' lang='lat' dir='ltr'><strong>Et</strong></span> <span class='ocrx_word' id='word_1_62' title='bbox 279 1130 445 1188; x_wconf 90' lang='lat' dir='ltr'><strong>inistis</strong></span> <span class='ocrx_word' id='word_1_63' title='bbox 472 1138 690 1200; x_wconf 78' lang='lat' dir='ltr'><strong>pactum</strong></span> <span class='ocrx_word' id='word_1_64' title='bbox 714 1132 769 1186; x_wconf 92' lang='lat' dir='ltr'><strong>in</strong></span> <span class='ocrx_word' id='word_1_65' title='bbox 798 1140 1092 1203; x_wconf 88' lang='lat' dir='ltr'><strong>conspectu</strong></span> <span class='ocrx_word' id='word_1_66' title='bbox 1124 1145 1270 1199; x_wconf 86' lang='lat' dir='ltr'><strong>meo,</strong></span> 
     </span>
    </p>
   </div>
   <div class='ocr_carea' id='block_1_14' title="bbox 254 1203 1778 1275">
    <p class='ocr_par' dir='ltr' id='par_1_14' title="bbox 254 1203 1778 1275">
     <span class='ocr_line' id='line_1_14' title="bbox 254 1203 1778 1275; baseline -0.002 -15"><span class='ocrx_word' id='word_1_67' title='bbox 254 1205 303 1260; x_wconf 94' lang='lat' dir='ltr'><strong>in</strong></span> <span class='ocrx_word' id='word_1_68' title='bbox 325 1203 506 1273; x_wconf 89' lang='lat' dir='ltr'><strong>domo,</strong></span> <span class='ocrx_word' id='word_1_69' title='bbox 532 1203 584 1258; x_wconf 93' lang='lat' dir='ltr'><strong>in</strong></span> <span class='ocrx_word' id='word_1_70' title='bbox 607 1217 712 1275; x_wconf 92' lang='lat' dir='ltr'><strong>qua</strong></span> <span class='ocrx_word' id='word_1_71' title='bbox 736 1203 1043 1261; x_wconf 85' lang='lat' dir='ltr'><strong>invocatum</strong></span> <span class='ocrx_word' id='word_1_72' title='bbox 1068 1212 1375 1260; x_wconf 89' lang='lat' dir='ltr'><strong>estnomen</strong></span> <span class='ocrx_word' id='word_1_73' title='bbox 1405 1213 1586 1257; x_wconf 89' lang='lat' dir='ltr'><strong>meum</strong></span> <span class='ocrx_word' id='word_1_74' title='bbox 1611 1214 1778 1273; x_wconf 83' lang='lat' dir='ltr'><strong>super</strong></span> 
     </span>
    </p>
   </div>
   <div class='ocr_carea' id='block_1_15' title="bbox 319 1290 457 1331">
    <p class='ocr_par' dir='ltr' id='par_1_15' title="bbox 319 1290 457 1331">
     <span class='ocr_line' id='line_1_15' title="bbox 319 1290 457 1331; baseline -0.014 0"><span class='ocrx_word' id='word_1_75' title='bbox 319 1290 457 1331; x_wconf 71' lang='lat' dir='ltr'><strong>eanL</strong></span> 
     </span>
    </p>
   </div>
   <div class='ocr_carea' id='block_1_16' title="bbox 194 1346 1669 1414">
    <p class='ocr_par' dir='ltr' id='par_1_16' title="bbox 194 1346 1669 1414">
     <span class='ocr_line' id='line_1_16' title="bbox 194 1346 1669 1414; baseline -0.003 -11"><span class='ocrx_word' id='word_1_76' title='bbox 194 1347 251 1403; x_wconf 84' lang='lat' dir='ltr'><strong>Et</strong></span> <span class='ocrx_word' id='word_1_77' title='bbox 273 1346 470 1403; x_wconf 78' lang='lat' dir='ltr'><strong>reversi</strong></span> <span class='ocrx_word' id='word_1_78' title='bbox 494 1346 651 1414; x_wconf 83' lang='lat' dir='ltr'><strong>estis,</strong></span> <span class='ocrx_word' id='word_1_79' title='bbox 681 1354 737 1402; x_wconf 89' lang='lat' dir='ltr'><strong>et</strong></span> <span class='ocrx_word' id='word_1_80' title='bbox 765 1346 1202 1403; x_wconf 85' lang='lat' dir='ltr'><strong>commaculastis</strong></span> <span class='ocrx_word' id='word_1_81' title='bbox 1222 1360 1419 1402; x_wconf 88' lang='lat' dir='ltr'><strong>nomen</strong></span> <span class='ocrx_word' id='word_1_82' title='bbox 1449 1360 1626 1400; x_wconf 91' lang='lat' dir='ltr'><strong>meum</strong></span> <span class='ocrx_word' id='word_1_83' title='bbox 1657 1362 1669 1397; x_wconf 86' lang='lat'><strong>:</strong></span> 
     </span>
    </p>
   </div>
   <div class='ocr_carea' id='block_1_17' title="bbox 253 1417 1778 1489">
    <p class='ocr_par' dir='ltr' id='par_1_17' title="bbox 253 1417 1778 1489">
     <span class='ocr_line' id='line_1_17' title="bbox 253 1417 1778 1489; baseline -0.003 -13"><span class='ocrx_word' id='word_1_84' title='bbox 253 1430 301 1476; x_wconf 91' lang='lat' dir='ltr'><strong>et</strong></span> <span class='ocrx_word' id='word_1_85' title='bbox 324 1417 617 1474; x_wconf 77' lang='lat' dir='ltr'><strong>reduxistis</strong></span> <span class='ocrx_word' id='word_1_86' title='bbox 645 1419 1015 1489; x_wconf 84' lang='lat' dir='ltr'><strong>unusquisque</strong></span> <span class='ocrx_word' id='word_1_87' title='bbox 1042 1434 1260 1473; x_wconf 87' lang='lat' dir='ltr'><strong>servum</strong></span> <span class='ocrx_word' id='word_1_88' title='bbox 1293 1433 1474 1481; x_wconf 86' lang='lat' dir='ltr'><strong>suum,</strong></span> <span class='ocrx_word' id='word_1_89' title='bbox 1515 1428 1569 1472; x_wconf 90' lang='lat' dir='ltr'><strong>et</strong></span> <span class='ocrx_word' id='word_1_90' title='bbox 1608 1431 1778 1471; x_wconf 89' lang='lat' dir='ltr'><strong>unus-</strong></span> 
     </span>
    </p>
   </div>
   <div class='ocr_carea' id='block_1_18' title="bbox 317 1488 1781 1560">
    <p class='ocr_par' dir='ltr' id='par_1_18' title="bbox 317 1488 1781 1560">
     <span class='ocr_line' id='line_1_18' title="bbox 317 1488 1781 1560; baseline 0.001 -18"><span class='ocrx_word' id='word_1_91' title='bbox 317 1491 546 1560; x_wconf 89' lang='lat' dir='ltr'><strong>quisque</strong></span> <span class='ocrx_word' id='word_1_92' title='bbox 565 1488 821 1545; x_wconf 82' lang='lat' dir='ltr'><strong>ancillam</strong></span> <span class='ocrx_word' id='word_1_93' title='bbox 846 1504 1026 1555; x_wconf 89' lang='lat' dir='ltr'><strong>suam,</strong></span> <span class='ocrx_word' id='word_1_94' title='bbox 1059 1505 1195 1559; x_wconf 89' lang='lat' dir='ltr'><strong>quos</strong></span> <span class='ocrx_word' id='word_1_95' title='bbox 1222 1488 1556 1546; x_wconf 88' lang='lat' dir='ltr'><strong>dimiseratis</strong></span> <span class='ocrx_word' id='word_1_96' title='bbox 1603 1496 1662 1543; x_wconf 92' lang='lat' dir='ltr'><strong>ut</strong></span> <span class='ocrx_word' id='word_1_97' title='bbox 1694 1502 1781 1543; x_wconf 88' lang='lat' dir='ltr'><strong>es-</strong></span> 
     </span>
    </p>
   </div>
   <div class='ocr_carea' id='block_1_19' title="bbox 316 1560 1195 1630">
    <p class='ocr_par' dir='ltr' id='par_1_19' title="bbox 316 1560 1195 1630">
     <span class='ocr_line' id='line_1_19' title="bbox 316 1560 1195 1630; baseline -0.002 -15"><span class='ocrx_word' id='word_1_98' title='bbox 316 1568 435 1615; x_wconf 89' lang='lat' dir='ltr'><strong>sent</strong></span> <span class='ocrx_word' id='word_1_99' title='bbox 465 1560 627 1616; x_wconf 90' lang='lat' dir='ltr'><strong>liheri</strong></span> <span class='ocrx_word' id='word_1_100' title='bbox 657 1568 713 1615; x_wconf 88' lang='lat' dir='ltr'><strong>et</strong></span> <span class='ocrx_word' id='word_1_101' title='bbox 734 1575 845 1616; x_wconf 67' lang='lat' dir='ltr'><strong>suae</strong></span> <span class='ocrx_word' id='word_1_102' title='bbox 878 1561 1195 1630; x_wconf 78' lang='lat' dir='ltr'><strong>potestatis:</strong></span> 
     </span>
    </p>
   </div>
   <div class='ocr_carea' id='block_1_20' title="bbox 253 1630 1697 1702">
    <p class='ocr_par' dir='ltr' id='par_1_20' title="bbox 253 1630 1697 1702">
     <span class='ocr_line' id='line_1_20' title="bbox 253 1630 1697 1702; baseline -0.001 -14"><span class='ocrx_word' id='word_1_103' title='bbox 253 1640 303 1688; x_wconf 91' lang='lat' dir='ltr'><strong>et</strong></span> <span class='ocrx_word' id='word_1_104' title='bbox 321 1631 653 1702; x_wconf 86' lang='lat' dir='ltr'><strong>subjugastis</strong></span> <span class='ocrx_word' id='word_1_105' title='bbox 682 1646 777 1687; x_wconf 89' lang='lat' dir='ltr'><strong>eos</strong></span> <span class='ocrx_word' id='word_1_106' title='bbox 805 1640 865 1687; x_wconf 92' lang='lat' dir='ltr'><strong>ut</strong></span> <span class='ocrx_word' id='word_1_107' title='bbox 893 1632 1003 1687; x_wconf 88' lang='lat' dir='ltr'><strong>sint</strong></span> <span class='ocrx_word' id='word_1_108' title='bbox 1034 1632 1189 1688; x_wconf 83' lang='lat' dir='ltr'><strong>vobis</strong></span> <span class='ocrx_word' id='word_1_109' title='bbox 1214 1632 1357 1689; x_wconf 88' lang='lat' dir='ltr'><strong>servi</strong></span> <span class='ocrx_word' id='word_1_110' title='bbox 1386 1638 1443 1688; x_wconf 90' lang='lat' dir='ltr'><strong>et</strong></span> <span class='ocrx_word' id='word_1_111' title='bbox 1465 1630 1697 1687; x_wconf 67' lang='lat' dir='ltr'><strong>ancillae.</strong></span> 
     </span>
    </p>
   </div>
   <div class='ocr_carea' id='block_1_21' title="bbox 191 1702 1102 1775">
    <p class='ocr_par' dir='ltr' id='par_1_21' title="bbox 191 1702 1102 1775">
     <span class='ocr_line' id='line_1_21' title="bbox 191 1702 1102 1775; baseline -0.002 -17"><span class='ocrx_word' id='word_1_112' title='bbox 191 1704 464 1775; x_wconf 82' lang='lat' dir='ltr'><strong>Propterea</strong></span> <span class='ocrx_word' id='word_1_113' title='bbox 498 1705 613 1775; x_wconf 77' lang='lat' dir='ltr'><strong>haec</strong></span> <span class='ocrx_word' id='word_1_114' title='bbox 647 1702 776 1759; x_wconf 87' lang='lat' dir='ltr'><strong>dicit</strong></span> <span class='ocrx_word' id='word_1_115' title='bbox 808 1704 1102 1775; x_wconf 83' lang='lat' dir='ltr'><strong>Dominus:</strong></span> 
     </span>
    </p>
   </div>
   <div class='ocr_carea' id='block_1_22' title="bbox 194 1773 1779 1843">
    <p class='ocr_par' dir='ltr' id='par_1_22' title="bbox 194 1773 1779 1843">
     <span class='ocr_line' id='line_1_22' title="bbox 194 1773 1779 1843; baseline 0 -12"><span class='ocrx_word' id='word_1_116' title='bbox 194 1773 406 1831; x_wconf 17' lang='lat' dir='ltr'><strong>Vosinon</strong></span> <span class='ocrx_word' id='word_1_117' title='bbox 430 1773 662 1829; x_wconf 88' lang='lat' dir='ltr'><strong>audistis</strong></span> <span class='ocrx_word' id='word_1_118' title='bbox 685 1790 790 1841; x_wconf 91' lang='lat' dir='ltr'><strong>me,</strong></span> <span class='ocrx_word' id='word_1_119' title='bbox 818 1783 879 1829; x_wconf 94' lang='lat' dir='ltr'><strong>ut</strong></span> <span class='ocrx_word' id='word_1_120' title='bbox 899 1773 1267 1843; x_wconf 69' lang='lat' dir='ltr'><strong>przedicaretis</strong></span> <span class='ocrx_word' id='word_1_121' title='bbox 1289 1774 1591 1832; x_wconf 89' lang='lat' dir='ltr'><strong>libertatem</strong></span> <span class='ocrx_word' id='word_1_122' title='bbox 1612 1788 1779 1831; x_wconf 86' lang='lat' dir='ltr'><strong>unus—</strong></span> 
     </span>
    </p>
   </div>
   <div class='ocr_carea' id='block_1_23' title="bbox 316 1845 1705 1917">
    <p class='ocr_par' dir='ltr' id='par_1_23' title="bbox 316 1845 1705 1917">
     <span class='ocr_line' id='line_1_23' title="bbox 316 1845 1705 1917; baseline 0.001 -18"><span class='ocrx_word' id='word_1_123' title='bbox 316 1847 544 1916; x_wconf 84' lang='lat' dir='ltr'><strong>quisque</strong></span> <span class='ocrx_word' id='word_1_124' title='bbox 569 1845 720 1917; x_wconf 80' lang='lat' dir='ltr'><strong>fratri</strong></span> <span class='ocrx_word' id='word_1_125' title='bbox 750 1860 868 1917; x_wconf 91' lang='lat' dir='ltr'><strong>suo,</strong></span> <span class='ocrx_word' id='word_1_126' title='bbox 896 1854 952 1901; x_wconf 90' lang='lat' dir='ltr'><strong>et</strong></span> <span class='ocrx_word' id='word_1_127' title='bbox 979 1848 1344 1917; x_wconf 87' lang='lat' dir='ltr'><strong>unusquisque</strong></span> <span class='ocrx_word' id='word_1_128' title='bbox 1367 1848 1541 1902; x_wconf 90' lang='lat' dir='ltr'><strong>amico</strong></span> <span class='ocrx_word' id='word_1_129' title='bbox 1570 1860 1705 1901; x_wconf 89' lang='lat' dir='ltr'><strong>suo:</strong></span> 
     </span>
    </p>
   </div>
   <div class='ocr_carea' id='block_1_24' title="bbox 188 1916 1724 1987">
    <p class='ocr_par' dir='ltr' id='par_1_24' title="bbox 188 1916 1724 1987">
     <span class='ocr_line' id='line_1_24' title="bbox 188 1916 1724 1987; baseline 0.001 -16"><span class='ocrx_word' id='word_1_130' title='bbox 188 1916 315 1972; x_wconf 84' lang='lat' dir='ltr'><strong>Ecce</strong></span> <span class='ocrx_word' id='word_1_131' title='bbox 341 1927 366 1954; x_wconf 74' lang='grc' dir='ltr'>ι</span> <span class='ocrx_word' id='word_1_132' title='bbox 394 1932 496 1985; x_wconf 88' lang='lat' dir='ltr'><strong>ego</strong></span> <span class='ocrx_word' id='word_1_133' title='bbox 523 1916 770 1985; x_wconf 58' lang='lat' dir='ltr'><strong>praedico</strong></span> <span class='ocrx_word' id='word_1_134' title='bbox 793 1916 946 1972; x_wconf 85' lang='lat' dir='ltr'><strong>vobis</strong></span> <span class='ocrx_word' id='word_1_135' title='bbox 973 1917 1302 1984; x_wconf 86' lang='lat' dir='ltr'><strong>libertatem,</strong></span> <span class='ocrx_word' id='word_1_136' title='bbox 1335 1917 1409 1972; x_wconf 87' lang='lat' dir='ltr'><strong>ait</strong></span> <span class='ocrx_word' id='word_1_137' title='bbox 1440 1917 1724 1987; x_wconf 86' lang='lat' dir='ltr'><strong>Dominus,</strong></span> 
     </span>
    </p>
   </div>
   <div class='ocr_carea' id='block_1_25' title="bbox 247 1988 1355 2058">
    <p class='ocr_par' dir='ltr' id='par_1_25' title="bbox 247 1988 1355 2058">
     <span class='ocr_line' id='line_1_25' title="bbox 247 1988 1355 2058; baseline -0.003 -15"><span class='ocrx_word' id='word_1_138' title='bbox 247 1988 307 2043; x_wconf 91' lang='lat' dir='ltr'><strong>ad</strong></span> <span class='ocrx_word' id='word_1_139' title='bbox 336 1988 602 2058; x_wconf 80' lang='lat' dir='ltr'><strong>gladium,</strong></span> <span class='ocrx_word' id='word_1_140' title='bbox 636 1996 691 2043; x_wconf 93' lang='lat' dir='ltr'><strong>et</strong></span> <span class='ocrx_word' id='word_1_141' title='bbox 715 1997 947 2057; x_wconf 79' lang='lat' dir='ltr'><strong>pestem,</strong></span> <span class='ocrx_word' id='word_1_142' title='bbox 974 1998 1028 2043; x_wconf 89' lang='lat' dir='ltr'><strong>et</strong></span> <span class='ocrx_word' id='word_1_143' title='bbox 1058 1988 1252 2044; x_wconf 82' lang='lat' dir='ltr'><strong>famem</strong></span> <span class='ocrx_word' id='word_1_144' title='bbox 1281 2006 1293 2040; x_wconf 92' lang='lat'>:</span> <span class='ocrx_word' id='word_1_145' title='bbox 1350 2044 1355 2055; x_wconf 74' lang='grc' dir='ltr'><strong> </strong></span> 
     </span>
    </p>
   </div>
   <div class='ocr_carea' id='block_1_26' title="bbox 248 2058 1779 2130">
    <p class='ocr_par' dir='ltr' id='par_1_26' title="bbox 248 2058 1779 2130">
     <span class='ocr_line' id='line_1_26' title="bbox 248 2058 1779 2130; baseline 0.001 -16"><span class='ocrx_word' id='word_1_146' title='bbox 248 2067 299 2114; x_wconf 89' lang='lat' dir='ltr'><strong>et</strong></span> <span class='ocrx_word' id='word_1_147' title='bbox 317 2059 454 2114; x_wconf 89' lang='lat' dir='ltr'><strong>dabo</strong></span> <span class='ocrx_word' id='word_1_148' title='bbox 474 2074 586 2130; x_wconf 89' lang='lat' dir='ltr'><strong>vos</strong></span> <span class='ocrx_word' id='word_1_149' title='bbox 611 2059 662 2113; x_wconf 94' lang='lat' dir='ltr'><strong>in</strong></span> <span class='ocrx_word' id='word_1_150' title='bbox 692 2061 1107 2117; x_wconf 87' lang='lat' dir='ltr'><strong>commotionem</strong></span> <span class='ocrx_word' id='word_1_151' title='bbox 1140 2058 1349 2113; x_wconf 82' lang='lat' dir='ltr'><strong>cunctis</strong></span> <span class='ocrx_word' id='word_1_152' title='bbox 1377 2061 1558 2130; x_wconf 90' lang='lat' dir='ltr'><strong>regnis</strong></span> <span class='ocrx_word' id='word_1_153' title='bbox 1596 2067 1779 2116; x_wconf 68' lang='lat' dir='ltr'><strong>terrae.</strong></span> 
     </span>
    </p>
   </div>
   <div class='ocr_carea' id='block_1_27' title="bbox 191 2129 1634 2209">
    <p class='ocr_par' dir='ltr' id='par_1_27' title="bbox 191 2129 1634 2209">
     <span class='ocr_line' id='line_1_27' title="bbox 191 2129 1634 2209; baseline 0.001 -23"><span class='ocrx_word' id='word_1_154' title='bbox 191 2130 249 2187; x_wconf 82' lang='lat' dir='ltr'><strong>Et</strong></span> <span class='ocrx_word' id='word_1_155' title='bbox 272 2130 409 2187; x_wconf 91' lang='lat' dir='ltr'><strong>dabo</strong></span> <span class='ocrx_word' id='word_1_156' title='bbox 431 2129 613 2209; x_wconf 79' lang='lat' dir='ltr'><strong>viros,</strong></span> <span class='ocrx_word' id='word_1_157' title='bbox 648 2130 739 2199; x_wconf 86' lang='lat' dir='ltr'><strong>qui</strong></span> <span class='ocrx_word' id='word_1_158' title='bbox 769 2131 1193 2209; x_wconf 65' lang='lat' dir='ltr'><strong>praevaricatum</strong></span> <span class='ocrx_word' id='word_1_159' title='bbox 1216 2130 1399 2209; x_wconf 87' lang='lat' dir='ltr'><strong>_foedus</strong></span> <span class='ocrx_word' id='word_1_160' title='bbox 1428 2129 1634 2209; x_wconf 82' lang='lat' dir='ltr'><strong>meum,</strong></span> 
     </span>
    </p>
   </div>
   <div class='ocr_carea' id='block_1_28' title="bbox 252 2201 1369 2269">
    <p class='ocr_par' dir='ltr' id='par_1_28' title="bbox 252 2201 1369 2269">
     <span class='ocr_line' id='line_1_28' title="bbox 252 2201 1369 2269; baseline -0.002 -10"><span class='ocrx_word' id='word_1_161' title='bbox 252 2210 303 2259; x_wconf 89' lang='lat' dir='ltr'><strong>et</strong></span> <span class='ocrx_word' id='word_1_162' title='bbox 329 2218 436 2258; x_wconf 89' lang='lat' dir='ltr'><strong>non</strong></span> <span class='ocrx_word' id='word_1_163' title='bbox 462 2204 906 2257; x_wconf 86' lang='lat' dir='ltr'><strong>observaverunt</strong></span> <span class='ocrx_word' id='word_1_164' title='bbox 930 2202 1092 2256; x_wconf 89' lang='lat' dir='ltr'><strong>verba</strong></span> <span class='ocrx_word' id='word_1_165' title='bbox 1124 2201 1369 2269; x_wconf 62' lang='lat' dir='ltr'><strong>foederis,</strong></span> 
     </span>
    </p>
   </div>
   <div class='ocr_carea' id='block_1_29' title="bbox 251 2272 1418 2347">
    <p class='ocr_par' dir='ltr' id='par_1_29' title="bbox 251 2272 1418 2347">
     <span class='ocr_line' id='line_1_29' title="bbox 251 2272 1418 2347; baseline -0.001 -19"><span class='ocrx_word' id='word_1_166' title='bbox 251 2275 440 2347; x_wconf 77' lang='lat' dir='ltr'><strong>quibus</strong></span> <span class='ocrx_word' id='word_1_167' title='bbox 469 2272 681 2329; x_wconf 86' lang='lat' dir='ltr'><strong>assensi</strong></span> <span class='ocrx_word' id='word_1_168' title='bbox 711 2282 837 2347; x_wconf 77' lang='lat' dir='ltr'><strong>sunt</strong></span> <span class='ocrx_word' id='word_1_169' title='bbox 865 2275 918 2327; x_wconf 93' lang='lat' dir='ltr'><strong>in</strong></span> <span class='ocrx_word' id='word_1_170' title='bbox 950 2282 1244 2347; x_wconf 83' lang='lat' dir='ltr'><strong>conspectu</strong></span> <span class='ocrx_word' id='word_1_171' title='bbox 1277 2289 1418 2341; x_wconf 92' lang='lat' dir='ltr'><strong>meo,</strong></span> 
     </span>
    </p>
   </div>
   <div class='ocr_carea' id='block_1_30' title="bbox 195 2343 1452 2415">
    <p class='ocr_par' dir='ltr' id='par_1_30' title="bbox 195 2343 1452 2415">
     <span class='ocr_line' id='line_1_30' title="bbox 195 2343 1452 2415; baseline -0.002 -15"><span class='ocrx_word' id='word_1_172' title='bbox 195 2343 416 2401; x_wconf 86' lang='lat' dir='ltr'><strong>Vitulum</strong></span> <span class='ocrx_word' id='word_1_173' title='bbox 444 2361 608 2414; x_wconf 86' lang='lat' dir='ltr'><strong>quem</strong></span> <span class='ocrx_word' id='word_1_174' title='bbox 638 2343 989 2401; x_wconf 89' lang='lat' dir='ltr'><strong>conciderunt</strong></span> <span class='ocrx_word' id='word_1_175' title='bbox 1010 2344 1062 2397; x_wconf 89' lang='lat' dir='ltr'><strong>in</strong></span> <span class='ocrx_word' id='word_1_176' title='bbox 1087 2343 1220 2399; x_wconf 84' lang='lat' dir='ltr'><strong>duas</strong></span> <span class='ocrx_word' id='word_1_177' title='bbox 1247 2354 1452 2415; x_wconf 84' lang='lat' dir='ltr'><strong>partes,</strong></span> 
     </span>
    </p>
   </div>
   <div class='ocr_carea' id='block_1_31' title="bbox 252 2414 1345 2484">
    <p class='ocr_par' dir='ltr' id='par_1_31' title="bbox 252 2414 1345 2484">
     <span class='ocr_line' id='line_1_31' title="bbox 252 2414 1345 2484; baseline -0.002 -13"><span class='ocrx_word' id='word_1_178' title='bbox 252 2428 301 2471; x_wconf 91' lang='lat' dir='ltr'><strong>et</strong></span> <span class='ocrx_word' id='word_1_179' title='bbox 330 2417 668 2472; x_wconf 87' lang='lat' dir='ltr'><strong>transierunt</strong></span> <span class='ocrx_word' id='word_1_180' title='bbox 693 2417 833 2472; x_wconf 93' lang='lat' dir='ltr'><strong>inter</strong></span> <span class='ocrx_word' id='word_1_181' title='bbox 860 2414 1153 2470; x_wconf 87' lang='lat' dir='ltr'><strong>divisiones</strong></span> <span class='ocrx_word' id='word_1_182' title='bbox 1185 2416 1304 2484; x_wconf 87' lang='lat' dir='ltr'><strong>ejus</strong></span> <span class='ocrx_word' id='word_1_183' title='bbox 1332 2434 1345 2469; x_wconf 85' lang='lat'>:</span> 
     </span>
    </p>
   </div>
   <div class='ocr_carea' id='block_1_32' title="bbox 190 2485 1362 2560">
    <p class='ocr_par' dir='ltr' id='par_1_32' title="bbox 190 2485 1362 2560">
     <span class='ocr_line' id='line_1_32' title="bbox 190 2485 1362 2560; baseline -0.001 -18"><span class='ocrx_word' id='word_1_184' title='bbox 190 2487 458 2558; x_wconf 86' lang='lat' dir='ltr'><strong>Principes</strong></span> <span class='ocrx_word' id='word_1_185' title='bbox 479 2488 616 2544; x_wconf 91' lang='lat' dir='ltr'><strong>Juda</strong></span> <span class='ocrx_word' id='word_1_186' title='bbox 646 2495 701 2543; x_wconf 88' lang='lat' dir='ltr'><strong>et</strong></span> <span class='ocrx_word' id='word_1_187' title='bbox 730 2485 1004 2560; x_wconf 84' lang='lat' dir='ltr'><strong>principes</strong></span> <span class='ocrx_word' id='word_1_188' title='bbox 1030 2485 1362 2554; x_wconf 80' lang='lat' dir='ltr'><strong>Jerusalem,</strong></span> 
     </span>
    </p>
   </div>
   <div class='ocr_carea' id='block_1_33' title="bbox 253 2559 931 2624">
    <p class='ocr_par' dir='ltr' id='par_1_33' title="bbox 253 2559 931 2624">
     <span class='ocr_line' id='line_1_33' title="bbox 253 2559 931 2624; baseline -0.003 -9"><span class='ocrx_word' id='word_1_189' title='bbox 253 2561 483 2615; x_wconf 80' lang='lat' dir='ltr'><strong>eunuchi</strong></span> <span class='ocrx_word' id='word_1_190' title='bbox 515 2567 571 2613; x_wconf 90' lang='lat' dir='ltr'><strong>et</strong></span> <span class='ocrx_word' id='word_1_191' title='bbox 600 2559 931 2624; x_wconf 86' lang='lat' dir='ltr'><strong>sacerdotes,</strong></span> 
     </span>
    </p>
   </div>
   <div class='ocr_carea' id='block_1_34' title="bbox 260 2628 1788 2700">
    <p class='ocr_par' dir='ltr' id='par_1_34' title="bbox 260 2628 1788 2700">
     <span class='ocr_line' id='line_1_34' title="bbox 260 2628 1788 2700; baseline 0 -14"><span class='ocrx_word' id='word_1_192' title='bbox 260 2640 313 2686; x_wconf 91' lang='lat' dir='ltr'><strong>et</strong></span> <span class='ocrx_word' id='word_1_193' title='bbox 341 2632 523 2686; x_wconf 90' lang='lat' dir='ltr'><strong>omnis</strong></span> <span class='ocrx_word' id='word_1_194' title='bbox 547 2630 783 2700; x_wconf 89' lang='lat' dir='ltr'><strong>populus</strong></span> <span class='ocrx_word' id='word_1_195' title='bbox 813 2639 992 2696; x_wconf 64' lang='lat' dir='ltr'><strong>terrae,</strong></span> <span class='ocrx_word' id='word_1_196' title='bbox 1022 2630 1112 2700; x_wconf 89' lang='lat' dir='ltr'><strong>qui</strong></span> <span class='ocrx_word' id='word_1_197' title='bbox 1140 2629 1472 2686; x_wconf 88' lang='lat' dir='ltr'><strong>transierunt</strong></span> <span class='ocrx_word' id='word_1_198' title='bbox 1517 2628 1658 2686; x_wconf 89' lang='lat' dir='ltr'><strong>inter</strong></span> <span class='ocrx_word' id='word_1_199' title='bbox 1704 2628 1788 2686; x_wconf 88' lang='lat' dir='ltr'><strong>di-</strong></span> 
     </span>
    </p>
   </div>
   <div class='ocr_carea' id='block_1_35' title="bbox 322 2702 773 2758">
    <p class='ocr_par' dir='ltr' id='par_1_35' title="bbox 322 2702 773 2758">
     <span class='ocr_line' id='line_1_35' title="bbox 322 2702 773 2758; baseline -0.007 -1"><span class='ocrx_word' id='word_1_200' title='bbox 322 2703 560 2758; x_wconf 82' lang='lat' dir='ltr'><strong>visiones</strong></span> <span class='ocrx_word' id='word_1_201' title='bbox 583 2702 734 2757; x_wconf 92' lang='lat' dir='ltr'><strong>vituli</strong></span> <span class='ocrx_word' id='word_1_202' title='bbox 760 2720 773 2754; x_wconf 87' lang='lat'><strong>:</strong></span> 
     </span>
    </p>
   </div>
   <div class='ocr_carea' id='block_1_36' title="bbox 190 2771 1441 2839">
    <p class='ocr_par' dir='ltr' id='par_1_36' title="bbox 190 2771 1441 2839">
     <span class='ocr_line' id='line_1_36' title="bbox 190 2771 1441 2839; baseline 0 -12"><span class='ocrx_word' id='word_1_203' title='bbox 190 2771 251 2828; x_wconf 88' lang='lat' dir='ltr'><strong>Et</strong></span> <span class='ocrx_word' id='word_1_204' title='bbox 277 2772 419 2829; x_wconf 85' lang='lat' dir='ltr'><strong>dabo</strong></span> <span class='ocrx_word' id='word_1_205' title='bbox 444 2788 543 2832; x_wconf 87' lang='lat' dir='ltr'><strong>eos</strong></span> <span class='ocrx_word' id='word_1_206' title='bbox 562 2773 613 2828; x_wconf 87' lang='lat' dir='ltr'><strong>in</strong></span> <span class='ocrx_word' id='word_1_207' title='bbox 645 2788 806 2829; x_wconf 92' lang='lat' dir='ltr'><strong>manu</strong></span> <span class='ocrx_word' id='word_1_208' title='bbox 834 2771 1171 2828; x_wconf 90' lang='lat' dir='ltr'><strong>inimicorum</strong></span> <span class='ocrx_word' id='word_1_209' title='bbox 1200 2785 1441 2839; x_wconf 90' lang='lat' dir='ltr'><strong>suorum,</strong></span> 
     </span>
    </p>
   </div>
   <div class='ocr_carea' id='block_1_37' title="bbox 254 2844 1505 2915">
    <p class='ocr_par' dir='ltr' id='par_1_37' title="bbox 254 2844 1505 2915">
     <span class='ocr_line' id='line_1_37' title="bbox 254 2844 1505 2915; baseline 0.002 -15"><span class='ocrx_word' id='word_1_210' title='bbox 254 2853 310 2900; x_wconf 91' lang='lat' dir='ltr'><strong>et</strong></span> <span class='ocrx_word' id='word_1_211' title='bbox 338 2847 389 2900; x_wconf 93' lang='lat' dir='ltr'><strong>in</strong></span> <span class='ocrx_word' id='word_1_212' title='bbox 424 2861 587 2900; x_wconf 90' lang='lat' dir='ltr'><strong>manu</strong></span> <span class='ocrx_word' id='word_1_213' title='bbox 617 2844 979 2915; x_wconf 70' lang='lat' dir='ltr'><strong>qumrentium</strong></span> <span class='ocrx_word' id='word_1_214' title='bbox 1010 2844 1246 2900; x_wconf 87' lang='lat' dir='ltr'><strong>animam</strong></span> <span class='ocrx_word' id='word_1_215' title='bbox 1271 2858 1463 2900; x_wconf 90' lang='lat' dir='ltr'><strong>eorum</strong></span> <span class='ocrx_word' id='word_1_216' title='bbox 1490 2860 1505 2902; x_wconf 88' lang='lat'><strong>:</strong></span> 
     </span>
    </p>
   </div>
   <div class='ocr_carea' id='block_1_38' title="bbox 189 2915 1785 2983">
    <p class='ocr_par' dir='ltr' id='par_1_38' title="bbox 189 2915 1785 2983">
     <span class='ocr_line' id='line_1_38' title="bbox 189 2915 1785 2983; baseline 0.001 -13"><span class='ocrx_word' id='word_1_217' title='bbox 189 2916 252 2970; x_wconf 82' lang='lat' dir='ltr'><strong>Et</strong></span> <span class='ocrx_word' id='word_1_218' title='bbox 272 2917 376 2971; x_wconf 85' lang='lat' dir='ltr'><strong>erit</strong></span> <span class='ocrx_word' id='word_1_219' title='bbox 404 2918 751 2973; x_wconf 91' lang='lat' dir='ltr'><strong>morticinum</strong></span> <span class='ocrx_word' id='word_1_220' title='bbox 780 2932 969 2974; x_wconf 91' lang='lat' dir='ltr'><strong>eorum</strong></span> <span class='ocrx_word' id='word_1_221' title='bbox 1003 2916 1057 2974; x_wconf 91' lang='lat' dir='ltr'><strong>in</strong></span> <span class='ocrx_word' id='word_1_222' title='bbox 1083 2930 1268 2973; x_wconf 90' lang='lat' dir='ltr'><strong>escam</strong></span> <span class='ocrx_word' id='word_1_223' title='bbox 1297 2916 1607 2973; x_wconf 87' lang='lat' dir='ltr'><strong>volatilibus</strong></span> <span class='ocrx_word' id='word_1_224' title='bbox 1638 2915 1785 2983; x_wconf 77' lang='lat' dir='ltr'><strong>eteli,</strong></span> 
     </span>
    </p>
   </div>
   <div class='ocr_carea' id='block_1_39' title="bbox 253 2989 739 3044">
    <p class='ocr_par' dir='ltr' id='par_1_39' title="bbox 253 2989 739 3044">
     <span class='ocr_line' id='line_1_39' title="bbox 253 2989 739 3044; baseline -0.002 -2"><span class='ocrx_word' id='word_1_225' title='bbox 253 2997 309 3042; x_wconf 92' lang='lat' dir='ltr'><strong>et</strong></span> <span class='ocrx_word' id='word_1_226' title='bbox 332 2989 525 3044; x_wconf 89' lang='lat' dir='ltr'><strong>bestiis</strong></span> <span class='ocrx_word' id='word_1_227' title='bbox 560 3000 739 3044; x_wconf 64' lang='lat' dir='ltr'><strong>terrae.</strong></span> 
     </span>
    </p>
   </div>
   <div class='ocr_carea' id='block_1_40' title="bbox 189 3057 1792 3132">
    <p class='ocr_par' dir='ltr' id='par_1_40' title="bbox 189 3057 1792 3132">
     <span class='ocr_line' id='line_1_40' title="bbox 189 3057 1792 3132; baseline 0.002 -19"><span class='ocrx_word' id='word_1_228' title='bbox 189 3058 254 3114; x_wconf 87' lang='lat' dir='ltr'><strong>Et</strong></span> <span class='ocrx_word' id='word_1_229' title='bbox 275 3058 778 3132; x_wconf 77' lang='lat' dir='ltr'><strong>Sedeeiamregem</strong></span> <span class='ocrx_word' id='word_1_230' title='bbox 809 3059 971 3127; x_wconf 92' lang='lat' dir='ltr'><strong>Juda,</strong></span> <span class='ocrx_word' id='word_1_231' title='bbox 1000 3066 1056 3115; x_wconf 92' lang='lat' dir='ltr'><strong>et</strong></span> <span class='ocrx_word' id='word_1_232' title='bbox 1080 3058 1353 3132; x_wconf 86' lang='lat' dir='ltr'><strong>principes</strong></span> <span class='ocrx_word' id='word_1_233' title='bbox 1377 3057 1516 3130; x_wconf 87' lang='lat' dir='ltr'><strong>ejus,</strong></span> <span class='ocrx_word' id='word_1_234' title='bbox 1546 3058 1691 3115; x_wconf 86' lang='lat' dir='ltr'><strong>dabo</strong></span> <span class='ocrx_word' id='word_1_235' title='bbox 1734 3058 1792 3117; x_wconf 85' lang='lat' dir='ltr'><strong>in</strong></span> 
     </span>
    </p>
   </div>
   <div class='ocr_carea' id='block_1_41' title="bbox 324 3130 1135 3199">
    <p class='ocr_par' dir='ltr' id='par_1_41' title="bbox 324 3130 1135 3199">
     <span class='ocr_line' id='line_1_41' title="bbox 324 3130 1135 3199; baseline -0.001 -13"><span class='ocrx_word' id='word_1_236' title='bbox 324 3145 490 3186; x_wconf 89' lang='lat' dir='ltr'><strong>manu</strong></span> <span class='ocrx_word' id='word_1_237' title='bbox 518 3130 859 3186; x_wconf 88' lang='lat' dir='ltr'><strong>inimicorum</strong></span> <span class='ocrx_word' id='word_1_238' title='bbox 890 3144 1135 3199; x_wconf 85' lang='lat' dir='ltr'><strong>suorum,</strong></span> 
     </span>
    </p>
   </div>
   <div class='ocr_carea' id='block_1_42' title="bbox 188 3201 1474 3271">
    <p class='ocr_par' dir='ltr' id='par_1_42' title="bbox 188 3201 1474 3271">
     <span class='ocr_line' id='line_1_42' title="bbox 188 3201 1474 3271; baseline -0.002 -12"><span class='ocrx_word' id='word_1_239' title='bbox 188 3204 216 3270; x_wconf 68' lang='grc' dir='ltr'><strong>Ε</strong></span> <span class='ocrx_word' id='word_1_240' title='bbox 257 3210 317 3259; x_wconf 90' lang='lat' dir='ltr'><strong>et</strong></span> <span class='ocrx_word' id='word_1_241' title='bbox 348 3204 402 3256; x_wconf 92' lang='lat' dir='ltr'><strong>in</strong></span> <span class='ocrx_word' id='word_1_242' title='bbox 429 3217 591 3257; x_wconf 90' lang='lat' dir='ltr'><strong>manu</strong></span> <span class='ocrx_word' id='word_1_243' title='bbox 619 3201 974 3271; x_wconf 69' lang='lat' dir='ltr'><strong>quaerentium</strong></span> <span class='ocrx_word' id='word_1_244' title='bbox 998 3201 1236 3256; x_wconf 91' lang='lat' dir='ltr'><strong>animam</strong></span> <span class='ocrx_word' id='word_1_245' title='bbox 1265 3214 1474 3270; x_wconf 88' lang='lat' dir='ltr'><strong>eorum,</strong></span> 
     </span>
    </p>
   </div>
   <div class='ocr_carea' id='block_1_43' title="bbox 251 3271 1781 3343">
    <p class='ocr_par' dir='ltr' id='par_1_43' title="bbox 251 3271 1781 3343">
     <span class='ocr_line' id='line_1_43' title="bbox 251 3271 1781 3343; baseline 0.002 -15"><span class='ocrx_word' id='word_1_246' title='bbox 251 3281 311 3329; x_wconf 84' lang='lat' dir='ltr'><strong>et</strong></span> <span class='ocrx_word' id='word_1_247' title='bbox 336 3271 396 3326; x_wconf 89' lang='lat' dir='ltr'><strong>in</strong></span> <span class='ocrx_word' id='word_1_248' title='bbox 428 3287 589 3326; x_wconf 88' lang='lat' dir='ltr'><strong>manu</strong></span> <span class='ocrx_word' id='word_1_249' title='bbox 614 3272 948 3343; x_wconf 76' lang='lat' dir='ltr'><strong>exercituum</strong></span> <span class='ocrx_word' id='word_1_250' title='bbox 973 3272 1117 3342; x_wconf 89' lang='lat' dir='ltr'><strong>regis</strong></span> <span class='ocrx_word' id='word_1_251' title='bbox 1141 3271 1453 3343; x_wconf 86' lang='lat' dir='ltr'><strong>Babylonis,</strong></span> <span class='ocrx_word' id='word_1_252' title='bbox 1477 3272 1568 3343; x_wconf 91' lang='lat' dir='ltr'><strong>qui</strong></span> <span class='ocrx_word' id='word_1_253' title='bbox 1597 3286 1781 3331; x_wconf 80' lang='lat' dir='ltr'><strong>reces-</strong></span> 
     </span>
    </p>
   </div>
   <div class='ocr_carea' id='block_1_44' title="bbox 333 3340 787 3399">
    <p class='ocr_par' dir='ltr' id='par_1_44' title="bbox 333 3340 787 3399">
     <span class='ocr_line' id='line_1_44' title="bbox 333 3340 787 3399; baseline -0.002 -1"><span class='ocrx_word' id='word_1_254' title='bbox 333 3354 525 3399; x_wconf 88' lang='lat' dir='ltr'><strong>serunt</strong></span> <span class='ocrx_word' id='word_1_255' title='bbox 555 3358 585 3397; x_wconf 90' lang='lat' dir='ltr'><strong>a</strong></span> <span class='ocrx_word' id='word_1_256' title='bbox 613 3340 787 3397; x_wconf 87' lang='lat' dir='ltr'><strong>vobis.</strong></span> 
     </span>
    </p>
   </div>
   <div class='ocr_carea' id='block_1_45' title="bbox 186 3412 1237 3486">
    <p class='ocr_par' dir='ltr' id='par_1_45' title="bbox 186 3412 1237 3486">
     <span class='ocr_line' id='line_1_45' title="bbox 186 3412 1237 3486; baseline -0.003 -15"><span class='ocrx_word' id='word_1_257' title='bbox 186 3412 337 3471; x_wconf 82' lang='lat' dir='ltr'><strong>Ecce</strong></span> <span class='ocrx_word' id='word_1_258' title='bbox 360 3428 465 3483; x_wconf 86' lang='lat' dir='ltr'><strong>ego</strong></span> <span class='ocrx_word' id='word_1_259' title='bbox 488 3414 767 3486; x_wconf 71' lang='lat' dir='ltr'><strong>praecipio,</strong></span> <span class='ocrx_word' id='word_1_260' title='bbox 795 3412 924 3469; x_wconf 86' lang='lat' dir='ltr'><strong>dicit</strong></span> <span class='ocrx_word' id='word_1_261' title='bbox 951 3412 1237 3486; x_wconf 85' lang='lat' dir='ltr'><strong>Dominus,</strong></span> 
     </span>
    </p>
   </div>
   <div class='ocr_carea' id='block_1_46' title="bbox 258 3484 1301 3550">
    <p class='ocr_par' dir='ltr' id='par_1_46' title="bbox 258 3484 1301 3550">
     <span class='ocr_line' id='line_1_46' title="bbox 258 3484 1301 3550; baseline -0.001 -9"><span class='ocrx_word' id='word_1_262' title='bbox 258 3494 319 3542; x_wconf 89' lang='lat' dir='ltr'><strong>et</strong></span> <span class='ocrx_word' id='word_1_263' title='bbox 344 3487 597 3540; x_wconf 79' lang='lat' dir='ltr'><strong>reducam</strong></span> <span class='ocrx_word' id='word_1_264' title='bbox 630 3484 724 3540; x_wconf 82' lang='lat' dir='ltr'><strong>eos</strong></span> <span class='ocrx_word' id='word_1_265' title='bbox 749 3486 802 3539; x_wconf 93' lang='lat' dir='ltr'><strong>in</strong></span> <span class='ocrx_word' id='word_1_266' title='bbox 833 3486 1104 3541; x_wconf 84' lang='lat' dir='ltr'><strong>civitatem</strong></span> <span class='ocrx_word' id='word_1_267' title='bbox 1138 3484 1301 3550; x_wconf 87' lang='lat' dir='ltr'><strong>hanc,</strong></span> 
     </span>
    </p>
   </div>
   <div class='ocr_carea' id='block_1_47' title="bbox 260 3555 1791 3637">
    <p class='ocr_par' dir='ltr' id='par_1_47' title="bbox 260 3555 1791 3637">
     <span class='ocr_line' id='line_1_47' title="bbox 260 3555 1791 3637; baseline 0.003 -26"><span class='ocrx_word' id='word_1_268' title='bbox 260 3564 319 3612; x_wconf 90' lang='lat' dir='ltr'><strong>et</strong></span> <span class='ocrx_word' id='word_1_269' title='bbox 336 3557 728 3637; x_wconf 65' lang='lat' dir='ltr'><strong>_przeliabuntur</strong></span> <span class='ocrx_word' id='word_1_270' title='bbox 746 3556 1017 3637; x_wconf 71' lang='lat' dir='ltr'><strong>adversus</strong></span> <span class='ocrx_word' id='word_1_271' title='bbox 1046 3572 1191 3628; x_wconf 88' lang='lat' dir='ltr'><strong>eam,</strong></span> <span class='ocrx_word' id='word_1_272' title='bbox 1222 3566 1279 3615; x_wconf 85' lang='lat' dir='ltr'><strong>et</strong></span> <span class='ocrx_word' id='word_1_273' title='bbox 1305 3555 1522 3637; x_wconf 84' lang='lat' dir='ltr'><strong>capient</strong></span> <span class='ocrx_word' id='word_1_274' title='bbox 1549 3572 1691 3627; x_wconf 81' lang='lat' dir='ltr'><strong>eam,</strong></span> <span class='ocrx_word' id='word_1_275' title='bbox 1734 3565 1791 3615; x_wconf 91' lang='lat' dir='ltr'><strong>et</strong></span> 
     </span>
    </p>
   </div>
   <div class='ocr_carea' id='block_1_48' title="bbox 334 3627 801 3700">
    <p class='ocr_par' dir='ltr' id='par_1_48' title="bbox 334 3627 801 3700">
     <span class='ocr_line' id='line_1_48' title="bbox 334 3627 801 3700; baseline -0.004 -17"><span class='ocrx_word' id='word_1_276' title='bbox 334 3627 801 3700; x_wconf 72' lang='lat' dir='ltr'><strong>incendentigni;</strong></span> 
     </span>
    </p>
   </div>
   <div class='ocr_carea' id='block_1_49' title="bbox 193 3698 1343 3770">
    <p class='ocr_par' dir='ltr' id='par_1_49' title="bbox 193 3698 1343 3770">
     <span class='ocr_line' id='line_1_49' title="bbox 193 3698 1343 3770; baseline -0.001 -13"><span class='ocrx_word' id='word_1_277' title='bbox 193 3700 265 3757; x_wconf 82' lang='lat' dir='ltr'><strong>Et</strong></span> <span class='ocrx_word' id='word_1_278' title='bbox 286 3698 535 3756; x_wconf 81' lang='lat' dir='ltr'><strong>civitates</strong></span> <span class='ocrx_word' id='word_1_279' title='bbox 560 3698 696 3755; x_wconf 83' lang='lat' dir='ltr'><strong>Juda</strong></span> <span class='ocrx_word' id='word_1_280' title='bbox 722 3698 863 3754; x_wconf 89' lang='lat' dir='ltr'><strong>dabo</strong></span> <span class='ocrx_word' id='word_1_281' title='bbox 889 3698 942 3753; x_wconf 88' lang='lat' dir='ltr'><strong>in</strong></span> <span class='ocrx_word' id='word_1_282' title='bbox 971 3699 1343 3770; x_wconf 83' lang='lat' dir='ltr'><strong>solitudinem,</strong></span> 
     </span>
    </p>
   </div>
   <div class='ocr_carea' id='block_1_50' title="bbox 262 3770 1069 3838">
    <p class='ocr_par' dir='ltr' id='par_1_50' title="bbox 262 3770 1069 3838">
     <span class='ocr_line' id='line_1_50' title="bbox 262 3770 1069 3838; baseline -0.004 -10"><span class='ocrx_word' id='word_1_283' title='bbox 262 3786 331 3828; x_wconf 90' lang='lat' dir='ltr'><strong>eo</strong></span> <span class='ocrx_word' id='word_1_284' title='bbox 360 3771 504 3838; x_wconf 89' lang='lat' dir='ltr'><strong>quod</strong></span> <span class='ocrx_word' id='word_1_285' title='bbox 536 3786 644 3826; x_wconf 93' lang='lat' dir='ltr'><strong>non</strong></span> <span class='ocrx_word' id='word_1_286' title='bbox 674 3771 747 3825; x_wconf 90' lang='lat' dir='ltr'><strong>sit</strong></span> <span class='ocrx_word' id='word_1_287' title='bbox 777 3770 1069 3827; x_wconf 86' lang='lat' dir='ltr'><strong>habitator.</strong></span> 
     </span>
    </p>
   </div>
   <div class='ocr_carea' id='block_1_51' title="bbox 194 3841 1789 3970">
    <p class='ocr_par' dir='ltr' id='par_1_51' title="bbox 194 3841 1789 3970">
     <span class='ocr_line' id='line_1_51' title="bbox 194 3841 1789 3970; baseline -0.001 -69"><span class='ocrx_word' id='word_1_288' title='bbox 194 3841 896 3970; x_wconf 31' lang='lat' dir='ltr'><strong>[CapAXDXXYgVerbum</strong></span> <span class='ocrx_word' id='word_1_289' title='bbox 921 3842 1067 3913; x_wconf 92' lang='lat' dir='ltr'><strong>quod</strong></span> <span class='ocrx_word' id='word_1_290' title='bbox 1088 3843 1288 3899; x_wconf 90' lang='lat' dir='ltr'><strong>factum</strong></span> <span class='ocrx_word' id='word_1_291' title='bbox 1308 3850 1392 3899; x_wconf 89' lang='lat' dir='ltr'><strong>est</strong></span> <span class='ocrx_word' id='word_1_292' title='bbox 1413 3842 1478 3897; x_wconf 92' lang='lat' dir='ltr'><strong>ad</strong></span> <span class='ocrx_word' id='word_1_293' title='bbox 1500 3842 1789 3901; x_wconf 87' lang='lat' dir='ltr'><strong>Jercmiam</strong></span> 
     </span>
     <span class='ocr_line' id='line_1_52' title="bbox 445 3931 647 3970; baseline 0.015 -3"><span class='ocrx_word' id='word_1_294' title='bbox 445 3931 549 3968; x_wconf 81' lang='lat' dir='ltr'><strong>onu</strong></span> <span class='ocrx_word' id='word_1_295' title='bbox 633 3956 647 3970; x_wconf 85' lang='lat'><strong>.</strong></span> 
     </span>
    </p>
   </div>
   <div class='ocr_carea' id='block_1_52' title="bbox 334 3928 647 3982">
    <p class='ocr_par' dir='ltr' id='par_1_52' title="bbox 334 3928 647 3982">
     <span class='ocr_line' id='line_1_53' title="bbox 334 3928 647 3982; baseline 0 -13"><span class='ocrx_word' id='word_1_296' title='bbox 334 3929 365 3969; x_wconf 91' lang='lat' dir='ltr'><strong>a</strong></span> <span class='ocrx_word' id='word_1_297' title='bbox 396 3928 647 3982; x_wconf 76' lang='lat' dir='ltr'><strong>nomino,</strong></span> 
     </span>
    </p>
   </div>
   <div class='ocr_carea' id='block_1_53' title="bbox 262 3984 1716 4057">
    <p class='ocr_par' dir='ltr' id='par_1_53' title="bbox 262 3984 1716 4057">
     <span class='ocr_line' id='line_1_54' title="bbox 262 3984 1716 4057; baseline 0.001 -16"><span class='ocrx_word' id='word_1_298' title='bbox 262 3986 317 4042; x_wconf 91' lang='lat' dir='ltr'><strong>in</strong></span> <span class='ocrx_word' id='word_1_299' title='bbox 344 3984 541 4041; x_wconf 90' lang='lat' dir='ltr'><strong>diebus</strong></span> <span class='ocrx_word' id='word_1_300' title='bbox 567 3985 773 4043; x_wconf 91' lang='lat' dir='ltr'><strong>Joacim</strong></span> <span class='ocrx_word' id='word_1_301' title='bbox 802 3986 895 4041; x_wconf 84' lang='lat' dir='ltr'><strong>ﬁlii</strong></span> <span class='ocrx_word' id='word_1_302' title='bbox 921 3986 1107 4052; x_wconf 73' lang='lat' dir='ltr'><strong>Josiae,</strong></span> <span class='ocrx_word' id='word_1_303' title='bbox 1135 3986 1278 4057; x_wconf 86' lang='lat' dir='ltr'><strong>regis</strong></span> <span class='ocrx_word' id='word_1_304' title='bbox 1309 3984 1469 4055; x_wconf 88' lang='lat' dir='ltr'><strong>Juda,</strong></span> <span class='ocrx_word' id='word_1_305' title='bbox 1498 3984 1716 4042; x_wconf 89' lang='lat' dir='ltr'><strong>dicens:</strong></span> 
     </span>
    </p>
   </div>
   <div class='ocr_carea' id='block_1_54' title="bbox 198 4057 1644 4128">
    <p class='ocr_par' dir='ltr' id='par_1_54' title="bbox 198 4057 1644 4128">
     <span class='ocr_line' id='line_1_55' title="bbox 198 4057 1644 4128; baseline -0.001 -14"><span class='ocrx_word' id='word_1_306' title='bbox 198 4057 342 4115; x_wconf 85' lang='lat' dir='ltr'><strong>Vade</strong></span> <span class='ocrx_word' id='word_1_307' title='bbox 373 4057 443 4112; x_wconf 88' lang='lat' dir='ltr'><strong>ad</strong></span> <span class='ocrx_word' id='word_1_308' title='bbox 471 4058 689 4114; x_wconf 90' lang='lat' dir='ltr'><strong>domum</strong></span> <span class='ocrx_word' id='word_1_309' title='bbox 718 4058 1162 4121; x_wconf 84' lang='lat' dir='ltr'><strong>Rechabitarum,</strong></span> <span class='ocrx_word' id='word_1_310' title='bbox 1193 4067 1242 4113; x_wconf 70' lang='lat' dir='ltr'><strong>ei</strong></span> <span class='ocrx_word' id='word_1_311' title='bbox 1275 4058 1498 4128; x_wconf 87' lang='lat' dir='ltr'><strong>loquere</strong></span> <span class='ocrx_word' id='word_1_312' title='bbox 1525 4057 1603 4112; x_wconf 87' lang='lat' dir='ltr'><strong>eis</strong></span> <span class='ocrx_word' id='word_1_313' title='bbox 1630 4074 1644 4125; x_wconf 92' lang='lat'><strong>;</strong></span> 
     </span>
    </p>
   </div>
   <div class='ocr_carea' id='block_1_55' title="bbox 262 4128 1795 4201">
    <p class='ocr_par' dir='ltr' id='par_1_55' title="bbox 262 4128 1795 4201">
     <span class='ocr_line' id='line_1_56' title="bbox 262 4128 1795 4201; baseline 0.001 -15"><span class='ocrx_word' id='word_1_314' title='bbox 262 4138 318 4187; x_wconf 89' lang='lat' dir='ltr'><strong>et</strong></span> <span class='ocrx_word' id='word_1_315' title='bbox 344 4128 660 4185; x_wconf 87' lang='lat' dir='ltr'><strong>introduces</strong></span> <span class='ocrx_word' id='word_1_316' title='bbox 684 4144 778 4185; x_wconf 91' lang='lat' dir='ltr'><strong>eos</strong></span> <span class='ocrx_word' id='word_1_317' title='bbox 802 4130 853 4183; x_wconf 92' lang='lat' dir='ltr'><strong>in</strong></span> <span class='ocrx_word' id='word_1_318' title='bbox 882 4130 1102 4185; x_wconf 92' lang='lat' dir='ltr'><strong>domum</strong></span> <span class='ocrx_word' id='word_1_319' title='bbox 1128 4128 1365 4201; x_wconf 91' lang='lat' dir='ltr'><strong>Domini,</strong></span> <span class='ocrx_word' id='word_1_320' title='bbox 1398 4130 1450 4184; x_wconf 91' lang='lat' dir='ltr'><strong>in</strong></span> <span class='ocrx_word' id='word_1_321' title='bbox 1476 4144 1634 4185; x_wconf 91' lang='lat' dir='ltr'><strong>unam</strong></span> <span class='ocrx_word' id='word_1_322' title='bbox 1664 4145 1795 4187; x_wconf 85' lang='lat' dir='ltr'><strong>exe-</strong></span> 
     </span>
    </p>
   </div>
   <div class='ocr_carea' id='block_1_56' title="bbox 332 4201 915 4268">
    <p class='ocr_par' dir='ltr' id='par_1_56' title="bbox 332 4201 915 4268">
     <span class='ocr_line' id='line_1_57' title="bbox 332 4201 915 4268; baseline 0 -13"><span class='ocrx_word' id='word_1_323' title='bbox 332 4201 489 4256; x_wconf 91' lang='lat' dir='ltr'><strong>dram</strong></span> <span class='ocrx_word' id='word_1_324' title='bbox 517 4202 915 4268; x_wconf 88' lang='lat' dir='ltr'><strong>thesaurorum,</strong></span> 
     </span>
    </p>
   </div>
   <div class='ocr_carea' id='block_1_57' title="bbox 262 4272 1057 4329">
    <p class='ocr_par' dir='ltr' id='par_1_57' title="bbox 262 4272 1057 4329">
     <span class='ocr_line' id='line_1_58' title="bbox 262 4272 1057 4329; baseline -0.005 0"><span class='ocrx_word' id='word_1_325' title='bbox 262 4281 321 4329; x_wconf 92' lang='lat' dir='ltr'><strong>et</strong></span> <span class='ocrx_word' id='word_1_326' title='bbox 346 4272 503 4327; x_wconf 90' lang='lat' dir='ltr'><strong>dabis</strong></span> <span class='ocrx_word' id='word_1_327' title='bbox 530 4272 609 4327; x_wconf 90' lang='lat' dir='ltr'><strong>eis</strong></span> <span class='ocrx_word' id='word_1_328' title='bbox 634 4273 818 4329; x_wconf 88' lang='lat' dir='ltr'><strong>bibere</strong></span> <span class='ocrx_word' id='word_1_329' title='bbox 850 4272 1057 4328; x_wconf 90' lang='lat' dir='ltr'><strong>vinum.</strong></span> 
     </span>
    </p>
   </div>
   <div class='ocr_carea' id='block_1_58' title="bbox 202 4342 1792 4416">
    <p class='ocr_par' dir='ltr' id='par_1_58' title="bbox 202 4342 1792 4416">
     <span class='ocr_line' id='line_1_59' title="bbox 202 4342 1792 4416; baseline -0.001 -15"><span class='ocrx_word' id='word_1_330' title='bbox 202 4344 261 4401; x_wconf 82' lang='lat' dir='ltr'><strong>Et</strong></span> <span class='ocrx_word' id='word_1_331' title='bbox 286 4342 561 4416; x_wconf 85' lang='lat' dir='ltr'><strong>assumpsi</strong></span> <span class='ocrx_word' id='word_1_332' title='bbox 590 4343 866 4400; x_wconf 86' lang='lat' dir='ltr'><strong>Jezoniam</strong></span> <span class='ocrx_word' id='word_1_333' title='bbox 896 4344 1065 4400; x_wconf 87' lang='lat' dir='ltr'><strong>ﬁlium</strong></span> <span class='ocrx_word' id='word_1_334' title='bbox 1095 4342 1343 4400; x_wconf 69' lang='lat' dir='ltr'><strong>Jeremiae</strong></span> <span class='ocrx_word' id='word_1_335' title='bbox 1378 4343 1471 4398; x_wconf 87' lang='lat' dir='ltr'><strong>filii</strong></span> <span class='ocrx_word' id='word_1_336' title='bbox 1517 4342 1792 4416; x_wconf 80' lang='lat' dir='ltr'><strong>Ahsaniae,</strong></span> 
     </span>
    </p>
   </div>
   <div class='ocr_carea' id='block_1_59' title="bbox 338 4415 787 4486">
    <p class='ocr_par' dir='ltr' id='par_1_59' title="bbox 338 4415 787 4486">
     <span class='ocr_line' id='line_1_60' title="bbox 338 4415 787 4486; baseline -0.004 -13"><span class='ocrx_word' id='word_1_337' title='bbox 338 4425 398 4473; x_wconf 86' lang='lat' dir='ltr'><strong>et</strong></span> <span class='ocrx_word' id='word_1_338' title='bbox 421 4415 613 4470; x_wconf 77' lang='lat' dir='ltr'><strong>fratres</strong></span> <span class='ocrx_word' id='word_1_339' title='bbox 643 4416 787 4486; x_wconf 87' lang='lat' dir='ltr'><strong>ejus,</strong></span> 
     </span>
    </p>
   </div>
   <div class='ocr_carea' id='block_1_60' title="bbox 262 4486 1797 4559">
    <p class='ocr_par' dir='ltr' id='par_1_60' title="bbox 262 4486 1797 4559">
     <span class='ocr_line' id='line_1_61' title="bbox 262 4486 1797 4559; baseline 0 -16"><span class='ocrx_word' id='word_1_340' title='bbox 262 4496 326 4543; x_wconf 89' lang='lat' dir='ltr'><strong>et</strong></span> <span class='ocrx_word' id='word_1_341' title='bbox 351 4500 543 4541; x_wconf 88' lang='lat' dir='ltr'><strong>omnes</strong></span> <span class='ocrx_word' id='word_1_342' title='bbox 566 4487 706 4542; x_wconf 88' lang='lat' dir='ltr'><strong>ﬁlios</strong></span> <span class='ocrx_word' id='word_1_343' title='bbox 728 4489 869 4559; x_wconf 90' lang='lat' dir='ltr'><strong>ejus,</strong></span> <span class='ocrx_word' id='word_1_344' title='bbox 912 4486 1220 4545; x_wconf 85' lang='lat' dir='ltr'><strong>universam</strong></span> <span class='ocrx_word' id='word_1_345' title='bbox 1260 4486 1484 4543; x_wconf 91' lang='lat' dir='ltr'><strong>domum</strong></span> <span class='ocrx_word' id='word_1_346' title='bbox 1526 4486 1797 4544; x_wconf 84' lang='lat' dir='ltr'><strong>Rechabi-</strong></span> 
     </span>
    </p>
   </div>
   <div class='ocr_carea' id='block_1_61' title="bbox 345 4566 553 4624">
    <p class='ocr_par' dir='ltr' id='par_1_61' title="bbox 345 4566 553 4624">
     <span class='ocr_line' id='line_1_62' title="bbox 345 4566 553 4624; baseline -0.005 -12"><span class='ocrx_word' id='word_1_347' title='bbox 345 4566 553 4624; x_wconf 87' lang='lat' dir='ltr'><strong>tarum;</strong></span> 
     </span>
    </p>
   </div>
   <div class='ocr_carea' id='block_1_62' title="bbox 202 4628 1798 4701">
    <p class='ocr_par' dir='ltr' id='par_1_62' title="bbox 202 4628 1798 4701">
     <span class='ocr_line' id='line_1_63' title="bbox 202 4628 1798 4701; baseline 0.001 -16"><span class='ocrx_word' id='word_1_348' title='bbox 202 4629 263 4689; x_wconf 82' lang='lat' dir='ltr'><strong>Et</strong></span> <span class='ocrx_word' id='word_1_349' title='bbox 278 4629 559 4701; x_wconf 80' lang='lat' dir='ltr'><strong>introduxi</strong></span> <span class='ocrx_word' id='word_1_350' title='bbox 581 4644 676 4685; x_wconf 90' lang='lat' dir='ltr'><strong>eos</strong></span> <span class='ocrx_word' id='word_1_351' title='bbox 699 4628 754 4686; x_wconf 92' lang='lat' dir='ltr'><strong>in</strong></span> <span class='ocrx_word' id='word_1_352' title='bbox 776 4629 997 4686; x_wconf 91' lang='lat' dir='ltr'><strong>domum</strong></span> <span class='ocrx_word' id='word_1_353' title='bbox 1021 4629 1235 4684; x_wconf 89' lang='lat' dir='ltr'><strong>Domini</strong></span> <span class='ocrx_word' id='word_1_354' title='bbox 1262 4628 1326 4684; x_wconf 91' lang='lat' dir='ltr'><strong>ad</strong></span> <span class='ocrx_word' id='word_1_355' title='bbox 1348 4628 1798 4701; x_wconf 76' lang='lat' dir='ltr'><strong>gazophylacium</strong></span> 
     </span>
    </p>
   </div>
   <div class='ocr_carea' id='block_1_63' title="bbox 345 4700 1639 4770">
    <p class='ocr_par' dir='ltr' id='par_1_63' title="bbox 345 4700 1639 4770">
     <span class='ocr_line' id='line_1_64' title="bbox 345 4700 1639 4770; baseline 0 -15"><span class='ocrx_word' id='word_1_356' title='bbox 345 4700 577 4756; x_wconf 86' lang='lat' dir='ltr'><strong>ﬁliorum</strong></span> <span class='ocrx_word' id='word_1_357' title='bbox 613 4706 790 4769; x_wconf 79' lang='lat' dir='ltr'><strong>Anan,</strong></span> <span class='ocrx_word' id='word_1_358' title='bbox 822 4701 918 4756; x_wconf 90' lang='lat' dir='ltr'><strong>ﬁlii</strong></span> <span class='ocrx_word' id='word_1_359' title='bbox 940 4701 1229 4769; x_wconf 66' lang='lat' dir='ltr'><strong>Jegedeliaz</strong></span> <span class='ocrx_word' id='word_1_360' title='bbox 1257 4700 1495 4755; x_wconf 82' lang='lat' dir='ltr'><strong>hominis</strong></span> <span class='ocrx_word' id='word_1_361' title='bbox 1527 4703 1639 4770; x_wconf 89' lang='lat' dir='ltr'><strong>Dei,</strong></span> 
     </span>
    </p>
   </div>
   <div class='ocr_carea' id='block_1_64' title="bbox 268 4772 1800 4845">
    <p class='ocr_par' dir='ltr' id='par_1_64' title="bbox 268 4772 1800 4845">
     <span class='ocr_line' id='line_1_65' title="bbox 268 4772 1800 4845; baseline 0 -18"><span class='ocrx_word' id='word_1_362' title='bbox 268 4772 418 4845; x_wconf 88' lang='lat' dir='ltr'><strong>quod</strong></span> <span class='ocrx_word' id='word_1_363' title='bbox 448 4783 565 4828; x_wconf 91' lang='lat' dir='ltr'><strong>erat</strong></span> <span class='ocrx_word' id='word_1_364' title='bbox 586 4772 738 4845; x_wconf 80' lang='lat' dir='ltr'><strong>juxta</strong></span> <span class='ocrx_word' id='word_1_365' title='bbox 780 4773 1221 4845; x_wconf 81' lang='lat' dir='ltr'><strong>gamphylacium</strong></span> <span class='ocrx_word' id='word_1_366' title='bbox 1264 4772 1591 4843; x_wconf 88' lang='lat' dir='ltr'><strong>principum,</strong></span> <span class='ocrx_word' id='word_1_367' title='bbox 1635 4787 1800 4845; x_wconf 88' lang='lat' dir='ltr'><strong>super</strong></span> 
     </span>
    </p>
   </div>
   <div class='ocr_carea' id='block_1_65' title="bbox 342 4843 1276 4908">
    <p class='ocr_par' dir='ltr' id='par_1_65' title="bbox 342 4843 1276 4908">
     <span class='ocr_line' id='line_1_66' title="bbox 342 4843 1276 4908; baseline -0.002 -9"><span class='ocrx_word' id='word_1_368' title='bbox 342 4845 656 4899; x_wconf 85' lang='lat' dir='ltr'><strong>thesaurum</strong></span> <span class='ocrx_word' id='word_1_369' title='bbox 686 4843 901 4899; x_wconf 77' lang='lat' dir='ltr'><strong>Maasiae</strong></span> <span class='ocrx_word' id='word_1_370' title='bbox 928 4844 1020 4897; x_wconf 84' lang='lat' dir='ltr'><strong>filii</strong></span> <span class='ocrx_word' id='word_1_371' title='bbox 1046 4843 1276 4908; x_wconf 87' lang='lat' dir='ltr'><strong>Selium,</strong></span> 
     </span>
    </p>
   </div>
   <div class='ocr_carea' id='block_1_66' title="bbox 274 4915 1028 4987">
    <p class='ocr_par' dir='ltr' id='par_1_66' title="bbox 274 4915 1028 4987">
     <span class='ocr_line' id='line_1_67' title="bbox 274 4915 1028 4987; baseline -0.004 -17"><span class='ocrx_word' id='word_1_372' title='bbox 274 4917 367 4987; x_wconf 92' lang='lat' dir='ltr'><strong>qui</strong></span> <span class='ocrx_word' id='word_1_373' title='bbox 394 4925 512 4971; x_wconf 90' lang='lat' dir='ltr'><strong>erat</strong></span> <span class='ocrx_word' id='word_1_374' title='bbox 539 4923 727 4987; x_wconf 86' lang='lat' dir='ltr'><strong>custos</strong></span> <span class='ocrx_word' id='word_1_375' title='bbox 759 4915 1028 4987; x_wconf 82' lang='lat' dir='ltr'><strong>vestibuli.</strong></span> 
     </span>
    </p>
   </div>
   <div class='ocr_carea' id='block_1_67' title="bbox 208 4984 1800 5059">
    <p class='ocr_par' dir='ltr' id='par_1_67' title="bbox 208 4984 1800 5059">
     <span class='ocr_line' id='line_1_68' title="bbox 208 4984 1800 5059; baseline -0.002 -16"><span class='ocrx_word' id='word_1_376' title='bbox 208 4986 273 5043; x_wconf 82' lang='lat' dir='ltr'><strong>Et</strong></span> <span class='ocrx_word' id='word_1_377' title='bbox 291 4984 455 5059; x_wconf 57' lang='lat' dir='ltr'><strong>&#39;posui</strong></span> <span class='ocrx_word' id='word_1_378' title='bbox 480 5001 662 5042; x_wconf 88' lang='lat' dir='ltr'><strong>coram</strong></span> <span class='ocrx_word' id='word_1_379' title='bbox 692 4985 814 5041; x_wconf 85' lang='lat' dir='ltr'><strong>filiis</strong></span> <span class='ocrx_word' id='word_1_380' title='bbox 850 4985 1043 5059; x_wconf 77' lang='lat' dir='ltr'><strong>domus</strong></span> <span class='ocrx_word' id='word_1_381' title='bbox 1089 4984 1513 5042; x_wconf 79' lang='lat' dir='ltr'><strong>Rechabitarum</strong></span> <span class='ocrx_word' id='word_1_382' title='bbox 1564 4984 1800 5058; x_wconf 86' lang='lat' dir='ltr'><strong>scyphos</strong></span> 
     </span>
    </p>
   </div>
   <div class='ocr_carea' id='block_1_68' title="bbox 348 5056 1054 5129">
    <p class='ocr_par' dir='ltr' id='par_1_68' title="bbox 348 5056 1054 5129">
     <span class='ocr_line' id='line_1_69' title="bbox 348 5056 1054 5129; baseline 0.001 -17"><span class='ocrx_word' id='word_1_383' title='bbox 348 5059 535 5129; x_wconf 89' lang='lat' dir='ltr'><strong>plenos</strong></span> <span class='ocrx_word' id='word_1_384' title='bbox 561 5059 708 5127; x_wconf 91' lang='lat' dir='ltr'><strong>vino,</strong></span> <span class='ocrx_word' id='word_1_385' title='bbox 736 5066 791 5114; x_wconf 92' lang='lat' dir='ltr'><strong>et</strong></span> <span class='ocrx_word' id='word_1_386' title='bbox 815 5056 1013 5115; x_wconf 88' lang='lat' dir='ltr'><strong>calices</strong></span> <span class='ocrx_word' id='word_1_387' title='bbox 1040 5074 1054 5113; x_wconf 92' lang='lat'>:</span> 
     </span>
    </p>
   </div>
   <div class='ocr_carea' id='block_1_69' title="bbox 277 5129 725 5186">
    <p class='ocr_par' dir='ltr' id='par_1_69' title="bbox 277 5129 725 5186">
     <span class='ocr_line' id='line_1_70' title="bbox 277 5129 725 5186; baseline -0.007 0"><span class='ocrx_word' id='word_1_388' title='bbox 277 5137 334 5186; x_wconf 90' lang='lat' dir='ltr'><strong>et</strong></span> <span class='ocrx_word' id='word_1_389' title='bbox 360 5129 471 5184; x_wconf 89' lang='lat' dir='ltr'><strong>dixi</strong></span> <span class='ocrx_word' id='word_1_390' title='bbox 495 5129 561 5185; x_wconf 91' lang='lat' dir='ltr'><strong>ad</strong></span> <span class='ocrx_word' id='word_1_391' title='bbox 594 5144 687 5185; x_wconf 91' lang='lat' dir='ltr'><strong>eos</strong></span> <span class='ocrx_word' id='word_1_392' title='bbox 712 5147 725 5183; x_wconf 90' lang='lat'><strong>:</strong></span> 
     </span>
    </p>
   </div>
   <div class='ocr_carea' id='block_1_70' title="bbox 277 5200 679 5256">
    <p class='ocr_par' dir='ltr' id='par_1_70' title="bbox 277 5200 679 5256">
     <span class='ocr_line' id='line_1_71' title="bbox 277 5200 679 5256; baseline 0 -1"><span class='ocrx_word' id='word_1_393' title='bbox 277 5200 454 5256; x_wconf 83' lang='lat' dir='ltr'><strong>Bibite</strong></span> <span class='ocrx_word' id='word_1_394' title='bbox 477 5202 679 5255; x_wconf 90' lang='lat' dir='ltr'><strong>vinum.</strong></span> 
     </span>
    </p>
   </div>
   <div class='ocr_carea' id='block_1_71' title="bbox 210 5272 761 5341">
    <p class='ocr_par' dir='ltr' id='par_1_71' title="bbox 210 5272 761 5341">
     <span class='ocr_line' id='line_1_72' title="bbox 210 5272 761 5341; baseline 0 -14"><span class='ocrx_word' id='word_1_395' title='bbox 210 5272 309 5341; x_wconf 86' lang='lat' dir='ltr'><strong>Qui</strong></span> <span class='ocrx_word' id='word_1_396' title='bbox 331 5272 725 5340; x_wconf 88' lang='lat' dir='ltr'><strong>responderunt</strong></span> <span class='ocrx_word' id='word_1_397' title='bbox 747 5289 761 5327; x_wconf 88' lang='lat'><strong>:</strong></span> 
     </span>
    </p>
   </div>
   <div class='ocr_carea' id='block_1_72' title="bbox 279 5344 925 5400">
    <p class='ocr_par' dir='ltr' id='par_1_72' title="bbox 279 5344 925 5400">
     <span class='ocr_line' id='line_1_73' title="bbox 279 5344 925 5400; baseline 0.002 -1"><span class='ocrx_word' id='word_1_398' title='bbox 279 5344 397 5399; x_wconf 85' lang='lat' dir='ltr'><strong>Non</strong></span> <span class='ocrx_word' id='word_1_399' title='bbox 423 5344 668 5399; x_wconf 89' lang='lat' dir='ltr'><strong>bibemus</strong></span> <span class='ocrx_word' id='word_1_400' title='bbox 698 5344 883 5400; x_wconf 87' lang='lat' dir='ltr'><strong>vinum</strong></span> <span class='ocrx_word' id='word_1_401' title='bbox 906 5357 925 5400; x_wconf 72' lang='grc' dir='ltr'><strong><em>τ</em></strong></span> 
     </span>
    </p>
   </div>
   <div class='ocr_carea' id='block_1_73' title="bbox 211 5414 1806 5489">
    <p class='ocr_par' dir='ltr' id='par_1_73' title="bbox 211 5414 1806 5489">
     <span class='ocr_line' id='line_1_74' title="bbox 211 5414 1806 5489; baseline -0.001 -17"><span class='ocrx_word' id='word_1_402' title='bbox 211 5415 342 5484; x_wconf 83' lang='lat' dir='ltr'><strong>Quia</strong></span> <span class='ocrx_word' id='word_1_403' title='bbox 365 5416 613 5489; x_wconf 82' lang='lat' dir='ltr'><strong>Jonadab</strong></span> <span class='ocrx_word' id='word_1_404' title='bbox 638 5415 781 5471; x_wconf 83' lang='lat' dir='ltr'><strong>filius</strong></span> <span class='ocrx_word' id='word_1_405' title='bbox 811 5414 1050 5483; x_wconf 81' lang='lat' dir='ltr'><strong>Rechab,</strong></span> <span class='ocrx_word' id='word_1_406' title='bbox 1091 5422 1249 5489; x_wconf 90' lang='lat' dir='ltr'><strong>pater</strong></span> <span class='ocrx_word' id='word_1_407' title='bbox 1292 5422 1497 5483; x_wconf 89' lang='lat' dir='ltr'><strong>noster,</strong></span> <span class='ocrx_word' id='word_1_408' title='bbox 1543 5414 1806 5487; x_wconf 67' lang='lat' dir='ltr'><strong>praecepit</strong></span> 
     </span>
    </p>
   </div>
   <div class='ocr_carea' id='block_1_74' title="bbox 356 5486 789 5551">
    <p class='ocr_par' dir='ltr' id='par_1_74' title="bbox 356 5486 789 5551">
     <span class='ocr_line' id='line_1_75' title="bbox 356 5486 789 5551; baseline 0.007 -10"><span class='ocrx_word' id='word_1_409' title='bbox 356 5488 534 5551; x_wconf 90' lang='lat' dir='ltr'><strong>nobis,</strong></span> <span class='ocrx_word' id='word_1_410' title='bbox 564 5486 789 5543; x_wconf 87' lang='lat' dir='ltr'><strong>dicens:</strong></span> 
     </span>
    </p>
   </div>
   <div class='ocr_carea' id='block_1_75' title="bbox 211 5556 1812 5632">
    <p class='ocr_par' dir='ltr' id='par_1_75' title="bbox 211 5556 1812 5632">
     <span class='ocr_line' id='line_1_76' title="bbox 211 5556 1812 5632; baseline -0.001 -16"><span class='ocrx_word' id='word_1_411' title='bbox 211 5558 329 5616; x_wconf 87' lang='lat' dir='ltr'><strong>Non</strong></span> <span class='ocrx_word' id='word_1_412' title='bbox 355 5558 557 5632; x_wconf 84' lang='lat' dir='ltr'><strong>bibetis</strong></span> <span class='ocrx_word' id='word_1_413' title='bbox 585 5560 772 5616; x_wconf 91' lang='lat' dir='ltr'><strong>vinum</strong></span> <span class='ocrx_word' id='word_1_414' title='bbox 803 5573 921 5630; x_wconf 91' lang='lat' dir='ltr'><strong>vos,</strong></span> <span class='ocrx_word' id='word_1_415' title='bbox 953 5568 1007 5616; x_wconf 90' lang='lat' dir='ltr'><strong>et</strong></span> <span class='ocrx_word' id='word_1_416' title='bbox 1033 5556 1132 5616; x_wconf 90' lang='lat' dir='ltr'><strong>ﬁlii</strong></span> <span class='ocrx_word' id='word_1_417' title='bbox 1158 5561 1348 5629; x_wconf 87' lang='lat' dir='ltr'><strong>vestri,</strong></span> <span class='ocrx_word' id='word_1_418' title='bbox 1372 5574 1542 5632; x_wconf 89' lang='lat' dir='ltr'><strong>usque</strong></span> <span class='ocrx_word' id='word_1_419' title='bbox 1571 5557 1626 5615; x_wconf 91' lang='lat' dir='ltr'><strong>in</strong></span> <span class='ocrx_word' id='word_1_420' title='bbox 1667 5574 1812 5616; x_wconf 86' lang='lat' dir='ltr'><strong>sem-</strong></span> 
     </span>
    </p>
   </div>
   <div class='ocr_carea' id='block_1_76' title="bbox 355 5630 665 5703">
    <p class='ocr_par' dir='ltr' id='par_1_76' title="bbox 355 5630 665 5703">
     <span class='ocr_line' id='line_1_77' title="bbox 355 5630 665 5703; baseline 0.006 -18"><span class='ocrx_word' id='word_1_421' title='bbox 355 5630 625 5703; x_wconf 86' lang='lat' dir='ltr'><strong>piternum</strong></span> <span class='ocrx_word' id='word_1_422' title='bbox 653 5650 665 5687; x_wconf 92' lang='lat'><strong>:</strong></span> 
     </span>
    </p>
   </div>
   <div class='ocr_carea' id='block_1_77' title="bbox 287 5766 1796 5838">
    <p class='ocr_par' dir='ltr' id='par_1_77' title="bbox 287 5766 1796 5838">
     <span class='ocr_line' id='line_1_78' title="bbox 287 5766 1796 5838; baseline -0.003 -12"><span class='ocrx_word' id='word_1_423' title='bbox 287 5778 314 5809; x_wconf 75' lang='grc' dir='ltr'>ι</span> <span class='ocrx_word' id='word_1_424' title='bbox 336 5769 675 5838; x_wconf 83' lang='lat' dir='ltr'><strong>Exemplaria</strong></span> <span class='ocrx_word' id='word_1_425' title='bbox 704 5770 937 5827; x_wconf 90' lang='lat' dir='ltr'><strong>Canonis</strong></span> <span class='ocrx_word' id='word_1_426' title='bbox 962 5782 1084 5823; x_wconf 91' lang='lat' dir='ltr'><strong>cum</strong></span> <span class='ocrx_word' id='word_1_427' title='bbox 1128 5766 1333 5838; x_wconf 84' lang='lat' dir='ltr'><strong>aliquot</strong></span> <span class='ocrx_word' id='word_1_428' title='bbox 1357 5767 1633 5824; x_wconf 88' lang='lat' dir='ltr'><strong>codicibus</strong></span> <span class='ocrx_word' id='word_1_429' title='bbox 1664 5781 1796 5823; x_wconf 89' lang='lat' dir='ltr'><strong>mss.</strong></span> 
     </span>
    </p>
   </div>
   <div class='ocr_carea' id='block_1_78' title="bbox 221 5838 1808 5919">
    <p class='ocr_par' dir='ltr' id='par_1_78' title="bbox 221 5838 1808 5919">
     <span class='ocr_line' id='line_1_79' title="bbox 221 5838 1808 5919; baseline -0.003 -20"><span class='ocrx_word' id='word_1_430' title='bbox 221 5855 325 5901; x_wconf 90' lang='lat' dir='ltr'><strong>non</strong></span> <span class='ocrx_word' id='word_1_431' title='bbox 348 5843 531 5918; x_wconf 87' lang='lat' dir='ltr'><strong>legunt</strong></span> <span class='ocrx_word' id='word_1_432' title='bbox 553 5858 855 5919; x_wconf 88' lang='lat' dir='ltr'><strong>pronomen</strong></span> <span class='ocrx_word' id='word_1_433' title='bbox 878 5840 1041 5913; x_wconf 72' lang='lat' dir='ltr'><strong>vobis,</strong></span> <span class='ocrx_word' id='word_1_434' title='bbox 1064 5838 1158 5898; x_wconf 84' lang='lat' dir='ltr'><strong>sed</strong></span> <span class='ocrx_word' id='word_1_435' title='bbox 1178 5838 1283 5900; x_wconf 90' lang='lat' dir='ltr'><strong>hoc</strong></span> <span class='ocrx_word' id='word_1_436' title='bbox 1313 5840 1472 5901; x_wconf 88' lang='lat' dir='ltr'><strong>modo</strong></span> <span class='ocrx_word' id='word_1_437' title='bbox 1504 5858 1515 5897; x_wconf 86' lang='lat'><strong>:</strong></span> <span class='ocrx_word' id='word_1_438' title='bbox 1552 5839 1683 5899; x_wconf 74' lang='lat' dir='ltr'><strong>Ecce</strong></span> <span class='ocrx_word' id='word_1_439' title='bbox 1716 5855 1808 5914; x_wconf 73' lang='lat' dir='ltr'><strong>rgo</strong></span> 
     </span>
    </p>
   </div>
   <div class='ocr_carea' id='block_1_79' title="bbox 1949 486 2709 551">
    <p class='ocr_par' dir='ltr' id='par_1_79' title="bbox 1949 486 2709 551">
     <span class='ocr_line' id='line_1_80' title="bbox 1949 486 2709 551; baseline -0.004 -11"><span class='ocrx_word' id='word_1_440' title='bbox 1949 496 2004 541; x_wconf 90' lang='lat' dir='ltr'><strong>et</strong></span> <span class='ocrx_word' id='word_1_441' title='bbox 2030 494 2326 540; x_wconf 88' lang='lat' dir='ltr'><strong>sementem</strong></span> <span class='ocrx_word' id='word_1_442' title='bbox 2361 500 2466 539; x_wconf 91' lang='lat' dir='ltr'><strong>non</strong></span> <span class='ocrx_word' id='word_1_443' title='bbox 2493 486 2709 551; x_wconf 88' lang='lat' dir='ltr'><strong>seretis,</strong></span> 
     </span>
    </p>
   </div>
   <div class='ocr_carea' id='block_1_80' title="bbox 1951 553 3179 626">
    <p class='ocr_par' dir='ltr' id='par_1_80' title="bbox 1951 553 3179 626">
     <span class='ocr_line' id='line_1_81' title="bbox 1951 553 3179 626; baseline -0.002 -14"><span class='ocrx_word' id='word_1_444' title='bbox 1951 566 2007 612; x_wconf 90' lang='lat' dir='ltr'><strong>et</strong></span> <span class='ocrx_word' id='word_1_445' title='bbox 2038 558 2221 611; x_wconf 87' lang='lat' dir='ltr'><strong>vineas</strong></span> <span class='ocrx_word' id='word_1_446' title='bbox 2248 571 2356 611; x_wconf 92' lang='lat' dir='ltr'><strong>non</strong></span> <span class='ocrx_word' id='word_1_447' title='bbox 2386 556 2717 626; x_wconf 89' lang='lat' dir='ltr'><strong>plantabitis,</strong></span> <span class='ocrx_word' id='word_1_448' title='bbox 2750 570 2849 611; x_wconf 91' lang='lat' dir='ltr'><strong>nec</strong></span> <span class='ocrx_word' id='word_1_449' title='bbox 2872 553 3179 621; x_wconf 87' lang='lat' dir='ltr'><strong>habebitis;</strong></span> 
     </span>
    </p>
   </div>
   <div class='ocr_carea' id='block_1_81' title="bbox 1879 626 3484 695">
    <p class='ocr_par' dir='ltr' id='par_1_81' title="bbox 1879 626 3484 695">
     <span class='ocr_line' id='line_1_82' title="bbox 1879 626 3484 695; baseline -0.001 -11"><span class='ocrx_word' id='word_1_450' title='bbox 1879 626 1989 684; x_wconf 87' lang='lat' dir='ltr'><strong>Sed</strong></span> <span class='ocrx_word' id='word_1_451' title='bbox 2013 628 2065 681; x_wconf 92' lang='lat' dir='ltr'><strong>in</strong></span> <span class='ocrx_word' id='word_1_452' title='bbox 2090 628 2451 683; x_wconf 87' lang='lat' dir='ltr'><strong>tabernaculis</strong></span> <span class='ocrx_word' id='word_1_453' title='bbox 2474 627 2802 695; x_wconf 84' lang='lat' dir='ltr'><strong>habitabitis,</strong></span> <span class='ocrx_word' id='word_1_454' title='bbox 2820 626 3033 682; x_wconf 88' lang='lat' dir='ltr'><strong>cunctis</strong></span> <span class='ocrx_word' id='word_1_455' title='bbox 3054 627 3245 682; x_wconf 91' lang='lat' dir='ltr'><strong>diebus</strong></span> <span class='ocrx_word' id='word_1_456' title='bbox 3266 626 3484 693; x_wconf 82' lang='lat' dir='ltr'><strong>vestris,</strong></span> 
     </span>
    </p>
   </div>
   <div class='ocr_carea' id='block_1_82' title="bbox 1950 699 3484 782">
    <p class='ocr_par' dir='ltr' id='par_1_82' title="bbox 1950 699 3484 782">
     <span class='ocr_line' id='line_1_83' title="bbox 1950 699 3484 782; baseline 0 -28"><span class='ocrx_word' id='word_1_457' title='bbox 1950 708 2008 754; x_wconf 93' lang='lat' dir='ltr'><strong>ut</strong></span> <span class='ocrx_word' id='word_1_458' title='bbox 2032 700 2227 755; x_wconf 84' lang='lat' dir='ltr'><strong>vivatis</strong></span> <span class='ocrx_word' id='word_1_459' title='bbox 2256 700 2446 782; x_wconf 81' lang='lat' dir='ltr'><strong>diebus</strong></span> <span class='ocrx_word' id='word_1_460' title='bbox 2474 700 2657 782; x_wconf 74' lang='lat' dir='ltr'><strong>multis</strong></span> <span class='ocrx_word' id='word_1_461' title='bbox 2684 713 2847 773; x_wconf 87' lang='lat' dir='ltr'><strong>super</strong></span> <span class='ocrx_word' id='word_1_462' title='bbox 2881 699 3070 755; x_wconf 85' lang='lat' dir='ltr'><strong>faciem</strong></span> <span class='ocrx_word' id='word_1_463' title='bbox 3100 706 3279 766; x_wconf 60' lang='lat' dir='ltr'><strong>terra},</strong></span> <span class='ocrx_word' id='word_1_464' title='bbox 3305 699 3359 755; x_wconf 91' lang='lat' dir='ltr'><strong>in</strong></span> <span class='ocrx_word' id='word_1_465' title='bbox 3380 713 3484 769; x_wconf 89' lang='lat' dir='ltr'><strong>qua</strong></span> 
     </span>
    </p>
   </div>
   <div class='ocr_carea' id='block_1_83' title="bbox 2025 785 2595 841">
    <p class='ocr_par' dir='ltr' id='par_1_83' title="bbox 2025 785 2595 841">
     <span class='ocr_line' id='line_1_84' title="bbox 2025 785 2595 841; baseline 0 -16"><span class='ocrx_word' id='word_1_466' title='bbox 2025 785 2123 827; x_wconf 90' lang='lat' dir='ltr'><strong>vos</strong></span> <span class='ocrx_word' id='word_1_467' title='bbox 2154 785 2595 841; x_wconf 88' lang='lat' dir='ltr'><strong>peregrmamnu.</strong></span> 
     </span>
    </p>
   </div>
   <div class='ocr_carea' id='block_1_84' title="bbox 1880 840 3488 913">
    <p class='ocr_par' dir='ltr' id='par_1_84' title="bbox 1880 840 3488 913">
     <span class='ocr_line' id='line_1_85' title="bbox 1880 840 3488 913; baseline -0.001 -15"><span class='ocrx_word' id='word_1_468' title='bbox 1880 840 2232 898; x_wconf 87' lang='lat' dir='ltr'><strong>Obedivimus</strong></span> <span class='ocrx_word' id='word_1_469' title='bbox 2261 840 2390 913; x_wconf 80' lang='lat' dir='ltr'><strong>ergo</strong></span> <span class='ocrx_word' id='word_1_470' title='bbox 2439 843 2558 897; x_wconf 88' lang='lat' dir='ltr'><strong>voci</strong></span> <span class='ocrx_word' id='word_1_471' title='bbox 2603 841 2849 899; x_wconf 73' lang='lat' dir='ltr'><strong>Ionadab</strong></span> <span class='ocrx_word' id='word_1_472' title='bbox 2891 841 2987 897; x_wconf 88' lang='lat' dir='ltr'><strong>ﬁlii</strong></span> <span class='ocrx_word' id='word_1_473' title='bbox 3028 840 3267 911; x_wconf 85' lang='lat' dir='ltr'><strong>Rechab,</strong></span> <span class='ocrx_word' id='word_1_474' title='bbox 3320 840 3488 913; x_wconf 85' lang='lat' dir='ltr'><strong>patris</strong></span> 
     </span>
    </p>
   </div>
   <div class='ocr_carea' id='block_1_85' title="bbox 2028 913 3239 985">
    <p class='ocr_par' dir='ltr' id='par_1_85' title="bbox 2028 913 3239 985">
     <span class='ocr_line' id='line_1_86' title="bbox 2028 913 3239 985; baseline -0.002 -16"><span class='ocrx_word' id='word_1_475' title='bbox 2028 916 2224 981; x_wconf 92' lang='lat' dir='ltr'><strong>nostri,</strong></span> <span class='ocrx_word' id='word_1_476' title='bbox 2258 915 2311 968; x_wconf 92' lang='lat' dir='ltr'><strong>in</strong></span> <span class='ocrx_word' id='word_1_477' title='bbox 2342 914 2595 969; x_wconf 91' lang='lat' dir='ltr'><strong>omnibus</strong></span> <span class='ocrx_word' id='word_1_478' title='bbox 2621 930 2744 985; x_wconf 82' lang='lat' dir='ltr'><strong>quae</strong></span> <span class='ocrx_word' id='word_1_479' title='bbox 2772 914 3031 985; x_wconf 66' lang='lat' dir='ltr'><strong>praecepit</strong></span> <span class='ocrx_word' id='word_1_480' title='bbox 3060 913 3239 980; x_wconf 86' lang='lat' dir='ltr'><strong>nobis,</strong></span> 
     </span>
    </p>
   </div>
   <div class='ocr_carea' id='block_1_86' title="bbox 1953 983 3489 1043">
    <p class='ocr_par' dir='ltr' id='par_1_86' title="bbox 1953 983 3489 1043">
     <span class='ocr_line' id='line_1_87' title="bbox 1953 983 3489 1043; baseline 0.001 -3"><span class='ocrx_word' id='word_1_481' title='bbox 1953 985 2026 1040; x_wconf 89' lang='lat' dir='ltr'><strong>ita</strong></span> <span class='ocrx_word' id='word_1_482' title='bbox 2052 994 2113 1041; x_wconf 94' lang='lat' dir='ltr'><strong>ut</strong></span> <span class='ocrx_word' id='word_1_483' title='bbox 2138 1000 2247 1041; x_wconf 93' lang='lat' dir='ltr'><strong>non</strong></span> <span class='ocrx_word' id='word_1_484' title='bbox 2277 985 2588 1043; x_wconf 89' lang='lat' dir='ltr'><strong>biberemus</strong></span> <span class='ocrx_word' id='word_1_485' title='bbox 2613 983 2797 1043; x_wconf 84' lang='lat' dir='ltr'><strong>vinum</strong></span> <span class='ocrx_word' id='word_1_486' title='bbox 2822 983 3030 1043; x_wconf 78' lang='lat' dir='ltr'><strong>cunctis</strong></span> <span class='ocrx_word' id='word_1_487' title='bbox 3057 986 3248 1041; x_wconf 89' lang='lat' dir='ltr'><strong>diebus</strong></span> <span class='ocrx_word' id='word_1_488' title='bbox 3286 983 3489 1042; x_wconf 88' lang='lat' dir='ltr'><strong>nostris</strong></span> 
     </span>
    </p>
   </div>
   <div class='ocr_carea' id='block_1_87' title="bbox 2024 1073 2146 1124">
    <p class='ocr_par' dir='ltr' id='par_1_87' title="bbox 2024 1073 2146 1124">
     <span class='ocr_line' id='line_1_88' title="bbox 2024 1073 2146 1124; baseline -0.016 -12"><span class='ocrx_word' id='word_1_489' title='bbox 2024 1073 2146 1124; x_wconf 91' lang='lat' dir='ltr'><strong>nos,</strong></span> 
     </span>
    </p>
   </div>
   <div class='ocr_carea' id='block_1_88' title="bbox 1950 1129 2542 1196">
    <p class='ocr_par' dir='ltr' id='par_1_88' title="bbox 1950 1129 2542 1196">
     <span class='ocr_line' id='line_1_89' title="bbox 1950 1129 2542 1196; baseline 0.002 -12"><span class='ocrx_word' id='word_1_490' title='bbox 1950 1135 2006 1184; x_wconf 87' lang='lat' dir='ltr'><strong>et</strong></span> <span class='ocrx_word' id='word_1_491' title='bbox 2032 1129 2293 1184; x_wconf 89' lang='lat' dir='ltr'><strong>mulieres</strong></span> <span class='ocrx_word' id='word_1_492' title='bbox 2322 1139 2542 1196; x_wconf 57' lang='lat' dir='ltr'><strong>nostras,</strong></span> 
     </span>
    </p>
   </div>
   <div class='ocr_carea' id='block_1_89' title="bbox 1956 1198 2577 1267">
    <p class='ocr_par' dir='ltr' id='par_1_89' title="bbox 1956 1198 2577 1267">
     <span class='ocr_line' id='line_1_90' title="bbox 1956 1198 2577 1267; baseline 0.002 -14"><span class='ocrx_word' id='word_1_493' title='bbox 1956 1198 2075 1267; x_wconf 83' lang='lat' dir='ltr'><strong>ﬁlii,</strong></span> <span class='ocrx_word' id='word_1_494' title='bbox 2109 1208 2165 1255; x_wconf 92' lang='lat' dir='ltr'><strong>et</strong></span> <span class='ocrx_word' id='word_1_495' title='bbox 2186 1201 2308 1255; x_wconf 74' lang='lat' dir='ltr'><strong>filim</strong></span> <span class='ocrx_word' id='word_1_496' title='bbox 2340 1210 2577 1256; x_wconf 63' lang='lat' dir='ltr'><strong>nostrae:</strong></span> 
     </span>
    </p>
   </div>
   <div class='ocr_carea' id='block_1_90' title="bbox 1953 1270 3303 1330">
    <p class='ocr_par' dir='ltr' id='par_1_90' title="bbox 1953 1270 3303 1330">
     <span class='ocr_line' id='line_1_91' title="bbox 1953 1270 3303 1330; baseline 0.003 -5"><span class='ocrx_word' id='word_1_497' title='bbox 1953 1280 2008 1325; x_wconf 89' lang='lat' dir='ltr'><strong>et</strong></span> <span class='ocrx_word' id='word_1_498' title='bbox 2038 1286 2145 1326; x_wconf 93' lang='lat' dir='ltr'><strong>non</strong></span> <span class='ocrx_word' id='word_1_499' title='bbox 2177 1272 2570 1329; x_wconf 74' lang='lat' dir='ltr'><strong>aedificaremus</strong></span> <span class='ocrx_word' id='word_1_500' title='bbox 2599 1270 2791 1328; x_wconf 89' lang='lat' dir='ltr'><strong>domos</strong></span> <span class='ocrx_word' id='word_1_501' title='bbox 2817 1272 2882 1329; x_wconf 93' lang='lat' dir='ltr'><strong>ad</strong></span> <span class='ocrx_word' id='word_1_502' title='bbox 2914 1270 3303 1330; x_wconf 85' lang='lat' dir='ltr'><strong>habitandum:</strong></span> 
     </span>
    </p>
   </div>
   <div class='ocr_carea' id='block_1_91' title="bbox 1950 1342 3487 1413">
    <p class='ocr_par' dir='ltr' id='par_1_91' title="bbox 1950 1342 3487 1413">
     <span class='ocr_line' id='line_1_92' title="bbox 1950 1342 3487 1413; baseline 0.003 -16"><span class='ocrx_word' id='word_1_503' title='bbox 1950 1350 2006 1397; x_wconf 86' lang='lat' dir='ltr'><strong>et</strong></span> <span class='ocrx_word' id='word_1_504' title='bbox 2034 1343 2271 1412; x_wconf 88' lang='lat' dir='ltr'><strong>vineam,</strong></span> <span class='ocrx_word' id='word_1_505' title='bbox 2302 1353 2357 1399; x_wconf 87' lang='lat' dir='ltr'><strong>et</strong></span> <span class='ocrx_word' id='word_1_506' title='bbox 2384 1360 2596 1413; x_wconf 86' lang='lat' dir='ltr'><strong>agrum,</strong></span> <span class='ocrx_word' id='word_1_507' title='bbox 2630 1354 2687 1399; x_wconf 92' lang='lat' dir='ltr'><strong>et</strong></span> <span class='ocrx_word' id='word_1_508' title='bbox 2707 1353 3005 1401; x_wconf 85' lang='lat' dir='ltr'><strong>sementem</strong></span> <span class='ocrx_word' id='word_1_509' title='bbox 3027 1360 3133 1401; x_wconf 93' lang='lat' dir='ltr'><strong>non</strong></span> <span class='ocrx_word' id='word_1_510' title='bbox 3162 1342 3487 1401; x_wconf 84' lang='lat' dir='ltr'><strong>habuimus:</strong></span> 
     </span>
    </p>
   </div>
   <div class='ocr_carea' id='block_1_92' title="bbox 1880 1412 2865 1483">
    <p class='ocr_par' dir='ltr' id='par_1_92' title="bbox 1880 1412 2865 1483">
     <span class='ocr_line' id='line_1_93' title="bbox 1880 1412 2865 1483; baseline -0.001 -13"><span class='ocrx_word' id='word_1_511' title='bbox 1880 1412 1987 1470; x_wconf 88' lang='lat' dir='ltr'><strong>Sed</strong></span> <span class='ocrx_word' id='word_1_512' title='bbox 2013 1414 2371 1471; x_wconf 84' lang='lat' dir='ltr'><strong>habitavimus</strong></span> <span class='ocrx_word' id='word_1_513' title='bbox 2396 1412 2452 1471; x_wconf 84' lang='lat' dir='ltr'><strong>in</strong></span> <span class='ocrx_word' id='word_1_514' title='bbox 2484 1415 2865 1483; x_wconf 88' lang='lat' dir='ltr'><strong>tabernaculis,</strong></span> 
     </span>
    </p>
   </div>
   <div class='ocr_carea' id='block_1_93' title="bbox 1954 1486 3487 1614">
    <p class='ocr_par' dir='ltr' id='par_1_93' title="bbox 1954 1486 3487 1614">
     <span class='ocr_line' id='line_1_94' title="bbox 1954 1486 3487 1614; baseline 0.001 -73"><span class='ocrx_word' id='word_1_515' title='bbox 1954 1495 2007 1541; x_wconf 91' lang='lat' dir='ltr'><strong>et</strong></span> <span class='ocrx_word' id='word_1_516' title='bbox 2032 1486 2346 1542; x_wconf 90' lang='lat' dir='ltr'><strong>obedientes</strong></span> <span class='ocrx_word' id='word_1_517' title='bbox 2385 1486 2612 1543; x_wconf 88' lang='lat' dir='ltr'><strong>fecimus</strong></span> <span class='ocrx_word' id='word_1_518' title='bbox 2650 1487 2766 1614; x_wconf 39' lang='lat' dir='ltr'><strong>3A1.</strong></span> <span class='ocrx_word' id='word_1_519' title='bbox 2816 1486 3037 1559; x_wconf 89' lang='lat' dir='ltr'><strong>fuimus]</strong></span> <span class='ocrx_word' id='word_1_520' title='bbox 3074 1487 3233 1559; x_wconf 80' lang='lat' dir='ltr'><strong>juxta</strong></span> <span class='ocrx_word' id='word_1_521' title='bbox 3280 1487 3487 1556; x_wconf 81' lang='lat' dir='ltr'><strong>omnia,</strong></span> 
     </span>
     <span class='ocr_line' id='line_1_95' title="bbox 2027 1558 3318 1614; baseline -0.001 0"><span class='ocrx_word' id='word_1_522' title='bbox 2027 1572 2148 1614; x_wconf 74' lang='lat' dir='ltr'><strong>quae</strong></span> <span class='ocrx_word' id='word_1_523' title='bbox 2182 1560 2436 1614; x_wconf 74' lang='lat' dir='ltr'><strong>nrzecenit</strong></span> <span class='ocrx_word' id='word_1_524' title='bbox 2467 1558 2623 1614; x_wconf 87' lang='lat' dir='ltr'><strong>nobis</strong></span> <span class='ocrx_word' id='word_1_525' title='bbox 2684 1559 2900 1613; x_wconf 89' lang='lat' dir='ltr'><strong>onadab</strong></span> <span class='ocrx_word' id='word_1_526' title='bbox 2930 1571 3083 1614; x_wconf 82' lang='lat' dir='ltr'><strong>pater</strong></span> <span class='ocrx_word' id='word_1_527' title='bbox 3113 1567 3318 1614; x_wconf 88' lang='lat' dir='ltr'><strong>noster.</strong></span> 
     </span>
    </p>
   </div>
   <div class='ocr_carea' id='block_1_94' title="bbox 2027 1558 3318 1630">
    <p class='ocr_par' dir='ltr' id='par_1_94' title="bbox 2027 1558 3318 1630">
     <span class='ocr_line' id='line_1_96' title="bbox 2027 1558 3318 1630; baseline 0.001 -18"><span class='ocrx_word' id='word_1_528' title='bbox 2027 1572 2148 1627; x_wconf 74' lang='lat' dir='ltr'><strong>quae</strong></span> <span class='ocrx_word' id='word_1_529' title='bbox 2182 1560 2436 1628; x_wconf 70' lang='lat' dir='ltr'><strong>praecepit</strong></span> <span class='ocrx_word' id='word_1_530' title='bbox 2467 1558 2900 1630; x_wconf 10' lang='lat' dir='ltr'><strong>nobieronadah</strong></span> <span class='ocrx_word' id='word_1_531' title='bbox 2930 1558 3085 1630; x_wconf 88' lang='lat' dir='ltr'><strong>pater</strong></span> <span class='ocrx_word' id='word_1_532' title='bbox 3113 1567 3318 1614; x_wconf 88' lang='lat' dir='ltr'><strong>noster.</strong></span> 
     </span>
    </p>
   </div>
   <div class='ocr_carea' id='block_1_95' title="bbox 1880 1626 3483 1702">
    <p class='ocr_par' dir='ltr' id='par_1_95' title="bbox 1880 1626 3483 1702">
     <span class='ocr_line' id='line_1_97' title="bbox 1880 1626 3483 1702; baseline -0.001 -17"><span class='ocrx_word' id='word_1_533' title='bbox 1880 1626 2224 1702; x_wconf 78' lang='lat' dir='ltr'><strong>Cutnautem</strong></span> <span class='ocrx_word' id='word_1_534' title='bbox 2250 1626 2589 1702; x_wconf 75' lang='lat' dir='ltr'><strong>ascendisset</strong></span> <span class='ocrx_word' id='word_1_535' title='bbox 2627 1626 3125 1688; x_wconf 82' lang='lat' dir='ltr'><strong>Nabuchodonosor</strong></span> <span class='ocrx_word' id='word_1_536' title='bbox 3167 1645 3262 1687; x_wconf 89' lang='lat' dir='ltr'><strong>rex</strong></span> <span class='ocrx_word' id='word_1_537' title='bbox 3303 1629 3483 1702; x_wconf 83' lang='lat' dir='ltr'><strong>Baby-</strong></span> 
     </span>
    </p>
   </div>
   <div class='ocr_carea' id='block_1_96' title="bbox 2028 1700 2789 1771">
    <p class='ocr_par' dir='ltr' id='par_1_96' title="bbox 2028 1700 2789 1771">
     <span class='ocr_line' id='line_1_98' title="bbox 2028 1700 2789 1771; baseline 0.007 -19"><span class='ocrx_word' id='word_1_538' title='bbox 2028 1700 2166 1765; x_wconf 87' lang='lat' dir='ltr'><strong>lonis</strong></span> <span class='ocrx_word' id='word_1_539' title='bbox 2195 1701 2263 1757; x_wconf 89' lang='lat' dir='ltr'><strong>ad</strong></span> <span class='ocrx_word' id='word_1_540' title='bbox 2297 1710 2493 1757; x_wconf 90' lang='lat' dir='ltr'><strong>terram</strong></span> <span class='ocrx_word' id='word_1_541' title='bbox 2525 1711 2789 1771; x_wconf 86' lang='lat' dir='ltr'><strong>nostram,</strong></span> 
     </span>
    </p>
   </div>
   <div class='ocr_carea' id='block_1_97' title="bbox 1886 1771 2168 1828">
    <p class='ocr_par' dir='ltr' id='par_1_97' title="bbox 1886 1771 2168 1828">
     <span class='ocr_line' id='line_1_99' title="bbox 1886 1771 2168 1828; baseline 0.014 -4"><span class='ocrx_word' id='word_1_542' title='bbox 1886 1771 2129 1826; x_wconf 73' lang='lat' dir='ltr'><strong>Diximus</strong></span> <span class='ocrx_word' id='word_1_543' title='bbox 2154 1788 2168 1828; x_wconf 91' lang='lat'><strong>:</strong></span> 
     </span>
    </p>
   </div>
   <div class='ocr_carea' id='block_1_98' title="bbox 1808 1805 3484 1914">
    <p class='ocr_par' dir='ltr' id='par_1_98' title="bbox 1808 1805 3484 1914">
     <span class='ocr_line' id='line_1_100' title="bbox 1808 1805 3484 1914; baseline 0 -15"><span class='ocrx_word' id='word_1_544' title='bbox 1808 1805 1857 1868; x_wconf 78' lang='grc' dir='ltr'><strong>Β</strong></span> <span class='ocrx_word' id='word_1_545' title='bbox 1886 1805 2180 1907; x_wconf 46' lang='grc' dir='ltr'><strong>ἣδῆἓξδθὶ</strong></span> <span class='ocrx_word' id='word_1_546' title='bbox 2207 1843 2570 1914; x_wconf 89' lang='lat' dir='ltr'><strong>ingrediamur</strong></span> <span class='ocrx_word' id='word_1_547' title='bbox 2615 1844 2916 1903; x_wconf 80' lang='lat' dir='ltr'><strong>Jerusalem</strong></span> <span class='ocrx_word' id='word_1_548' title='bbox 2950 1846 2987 1900; x_wconf 80' lang='lat' dir='ltr'><strong>&#39;a</strong></span> <span class='ocrx_word' id='word_1_549' title='bbox 3036 1843 3171 1900; x_wconf 82' lang='lat' dir='ltr'><strong>facie</strong></span> <span class='ocrx_word' id='word_1_550' title='bbox 3211 1844 3484 1903; x_wconf 84' lang='lat' dir='ltr'><strong>exercitus</strong></span> 
     </span>
    </p>
   </div>
   <div class='ocr_carea' id='block_1_99' title="bbox 2027 1913 3273 1989">
    <p class='ocr_par' dir='ltr' id='par_1_99' title="bbox 2027 1913 3273 1989">
     <span class='ocr_line' id='line_1_101' title="bbox 2027 1913 3273 1989; baseline 0.002 -19"><span class='ocrx_word' id='word_1_551' title='bbox 2027 1913 2427 1989; x_wconf 63' lang='lat' dir='ltr'><strong>ChaldteOrum,</strong></span> <span class='ocrx_word' id='word_1_552' title='bbox 2452 1926 2513 1989; x_wconf 89' lang='lat' dir='ltr'><strong>_et</strong></span> <span class='ocrx_word' id='word_1_553' title='bbox 2536 1930 2564 1970; x_wconf 90' lang='lat' dir='ltr'><strong>a</strong></span> <span class='ocrx_word' id='word_1_554' title='bbox 2597 1917 2734 1972; x_wconf 88' lang='lat' dir='ltr'><strong>facie</strong></span> <span class='ocrx_word' id='word_1_555' title='bbox 2764 1918 3037 1973; x_wconf 84' lang='lat' dir='ltr'><strong>exercitus</strong></span> <span class='ocrx_word' id='word_1_556' title='bbox 3062 1917 3273 1989; x_wconf 63' lang='lat' dir='ltr'><strong>Syria:</strong></span> 
     </span>
    </p>
   </div>
   <div class='ocr_carea' id='block_1_100' title="bbox 1955 1986 2767 2043">
    <p class='ocr_par' dir='ltr' id='par_1_100' title="bbox 1955 1986 2767 2043">
     <span class='ocr_line' id='line_1_102' title="bbox 1955 1986 2767 2043; baseline 0 -2"><span class='ocrx_word' id='word_1_557' title='bbox 1955 1993 2010 2041; x_wconf 89' lang='lat' dir='ltr'><strong>et</strong></span> <span class='ocrx_word' id='word_1_558' title='bbox 2038 1987 2336 2043; x_wconf 88' lang='lat' dir='ltr'><strong>mansimus</strong></span> <span class='ocrx_word' id='word_1_559' title='bbox 2362 1988 2418 2041; x_wconf 90' lang='lat' dir='ltr'><strong>in</strong></span> <span class='ocrx_word' id='word_1_560' title='bbox 2444 1986 2767 2043; x_wconf 81' lang='lat' dir='ltr'><strong>Jerusalem.</strong></span> 
     </span>
    </p>
   </div>
   <div class='ocr_carea' id='block_1_101' title="bbox 1885 2057 3487 2128">
    <p class='ocr_par' dir='ltr' id='par_1_101' title="bbox 1885 2057 3487 2128">
     <span class='ocr_line' id='line_1_103' title="bbox 1885 2057 3487 2128; baseline 0.004 -15"><span class='ocrx_word' id='word_1_561' title='bbox 1885 2057 1954 2113; x_wconf 88' lang='lat' dir='ltr'><strong>Et</strong></span> <span class='ocrx_word' id='word_1_562' title='bbox 1980 2058 2180 2113; x_wconf 87' lang='lat' dir='ltr'><strong>factum</strong></span> <span class='ocrx_word' id='word_1_563' title='bbox 2209 2067 2292 2114; x_wconf 89' lang='lat' dir='ltr'><strong>est</strong></span> <span class='ocrx_word' id='word_1_564' title='bbox 2312 2059 2537 2114; x_wconf 88' lang='lat' dir='ltr'><strong>verbum</strong></span> <span class='ocrx_word' id='word_1_565' title='bbox 2568 2058 2780 2115; x_wconf 90' lang='lat' dir='ltr'><strong>Domini</strong></span> <span class='ocrx_word' id='word_1_566' title='bbox 2807 2058 2875 2114; x_wconf 86' lang='lat' dir='ltr'><strong>ad</strong></span> <span class='ocrx_word' id='word_1_567' title='bbox 2907 2058 3225 2128; x_wconf 87' lang='lat' dir='ltr'><strong>Jeremiam,</strong></span> <span class='ocrx_word' id='word_1_568' title='bbox 3255 2058 3444 2116; x_wconf 87' lang='lat' dir='ltr'><strong>dicens</strong></span> <span class='ocrx_word' id='word_1_569' title='bbox 3469 2072 3487 2119; x_wconf 85' lang='lat'><strong>:</strong></span> 
     </span>
    </p>
   </div>
   <div class='ocr_carea' id='block_1_102' title="bbox 1886 2129 3237 2189">
    <p class='ocr_par' dir='ltr' id='par_1_102' title="bbox 1886 2129 3237 2189">
     <span class='ocr_line' id='line_1_104' title="bbox 1886 2129 3237 2189; baseline 0.004 -5"><span class='ocrx_word' id='word_1_570' title='bbox 1886 2130 2015 2184; x_wconf 81' lang='lat' dir='ltr'><strong>llaec</strong></span> <span class='ocrx_word' id='word_1_571' title='bbox 2044 2129 2172 2186; x_wconf 90' lang='lat' dir='ltr'><strong>dicit</strong></span> <span class='ocrx_word' id='word_1_572' title='bbox 2200 2130 2464 2187; x_wconf 88' lang='lat' dir='ltr'><strong>Dominus</strong></span> <span class='ocrx_word' id='word_1_573' title='bbox 2495 2134 2829 2188; x_wconf 82' lang='lat' dir='ltr'><strong>exercituum</strong></span> <span class='ocrx_word' id='word_1_574' title='bbox 2861 2130 3005 2188; x_wconf 89' lang='lat' dir='ltr'><strong>Deus</strong></span> <span class='ocrx_word' id='word_1_575' title='bbox 3034 2132 3237 2189; x_wconf 86' lang='lat' dir='ltr'><strong>Israel:</strong></span> 
     </span>
    </p>
   </div>
   <div class='ocr_carea' id='block_1_103' title="bbox 1896 2200 2605 2268">
    <p class='ocr_par' dir='ltr' id='par_1_103' title="bbox 1896 2200 2605 2268">
     <span class='ocr_line' id='line_1_105' title="bbox 1896 2200 2605 2268; baseline 0.004 -13"><span class='ocrx_word' id='word_1_576' title='bbox 1896 2200 2063 2267; x_wconf 81' lang='lat' dir='ltr'><strong>Vade,</strong></span> <span class='ocrx_word' id='word_1_577' title='bbox 2096 2210 2150 2255; x_wconf 92' lang='lat' dir='ltr'><strong>et</strong></span> <span class='ocrx_word' id='word_1_578' title='bbox 2176 2201 2264 2257; x_wconf 89' lang='lat' dir='ltr'><strong>dic</strong></span> <span class='ocrx_word' id='word_1_579' title='bbox 2288 2200 2419 2257; x_wconf 87' lang='lat' dir='ltr'><strong>viris</strong></span> <span class='ocrx_word' id='word_1_580' title='bbox 2449 2202 2605 2268; x_wconf 86' lang='lat' dir='ltr'><strong>Juda,</strong></span> 
     </span>
    </p>
   </div>
   <div class='ocr_carea' id='block_1_104' title="bbox 1966 2272 2815 2335">
    <p class='ocr_par' dir='ltr' id='par_1_104' title="bbox 1966 2272 2815 2335">
     <span class='ocr_line' id='line_1_106' title="bbox 1966 2272 2815 2335; baseline 0.005 -8"><span class='ocrx_word' id='word_1_581' title='bbox 1966 2282 2019 2327; x_wconf 89' lang='lat' dir='ltr'><strong>et</strong></span> <span class='ocrx_word' id='word_1_582' title='bbox 2050 2272 2443 2335; x_wconf 88' lang='lat' dir='ltr'><strong>habitatoribus</strong></span> <span class='ocrx_word' id='word_1_583' title='bbox 2472 2274 2772 2331; x_wconf 87' lang='lat' dir='ltr'><strong>Jerusalem</strong></span> <span class='ocrx_word' id='word_1_584' title='bbox 2798 2292 2815 2331; x_wconf 84' lang='lat'><strong>:</strong></span> 
     </span>
    </p>
   </div>
   <div class='ocr_carea' id='block_1_105' title="bbox 1888 2341 3481 2417">
    <p class='ocr_par' dir='ltr' id='par_1_105' title="bbox 1888 2341 3481 2417">
     <span class='ocr_line' id='line_1_107' title="bbox 1888 2341 3481 2417; baseline 0.003 -17"><span class='ocrx_word' id='word_1_585' title='bbox 1888 2341 2175 2417; x_wconf 77' lang='lat' dir='ltr'><strong>Numquid</strong></span> <span class='ocrx_word' id='word_1_586' title='bbox 2212 2360 2319 2399; x_wconf 91' lang='lat' dir='ltr'><strong>non</strong></span> <span class='ocrx_word' id='word_1_587' title='bbox 2365 2345 2639 2417; x_wconf 86' lang='lat' dir='ltr'><strong>recipietis</strong></span> <span class='ocrx_word' id='word_1_588' title='bbox 2685 2345 3055 2417; x_wconf 82' lang='lat' dir='ltr'><strong>disciplinam,</strong></span> <span class='ocrx_word' id='word_1_589' title='bbox 3106 2354 3167 2402; x_wconf 90' lang='lat' dir='ltr'><strong>ut</strong></span> <span class='ocrx_word' id='word_1_590' title='bbox 3213 2345 3481 2404; x_wconf 83' lang='lat' dir='ltr'><strong>obediatis</strong></span> 
     </span>
    </p>
   </div>
   <div class='ocr_carea' id='block_1_106' title="bbox 2030 2414 2871 2483">
    <p class='ocr_par' dir='ltr' id='par_1_106' title="bbox 2030 2414 2871 2483">
     <span class='ocr_line' id='line_1_108' title="bbox 2030 2414 2871 2483; baseline 0.004 -15"><span class='ocrx_word' id='word_1_591' title='bbox 2030 2414 2210 2470; x_wconf 88' lang='lat' dir='ltr'><strong>verbis</strong></span> <span class='ocrx_word' id='word_1_592' title='bbox 2236 2416 2408 2471; x_wconf 90' lang='lat' dir='ltr'><strong>meis?</strong></span> <span class='ocrx_word' id='word_1_593' title='bbox 2430 2416 2552 2470; x_wconf 91' lang='lat' dir='ltr'><strong>dicit</strong></span> <span class='ocrx_word' id='word_1_594' title='bbox 2590 2414 2871 2483; x_wconf 78' lang='lat' dir='ltr'><strong>Dominus,</strong></span> 
     </span>
    </p>
   </div>
   <div class='ocr_carea' id='block_1_107' title="bbox 1888 2484 3493 2559">
    <p class='ocr_par' dir='ltr' id='par_1_107' title="bbox 1888 2484 3493 2559">
     <span class='ocr_line' id='line_1_109' title="bbox 1888 2484 3493 2559; baseline 0.003 -18"><span class='ocrx_word' id='word_1_595' title='bbox 1888 2484 2297 2541; x_wconf 67' lang='lat' dir='ltr'><strong>Prmvaluerunt</strong></span> <span class='ocrx_word' id='word_1_596' title='bbox 2326 2501 2614 2559; x_wconf 76' lang='lat' dir='ltr'><strong>sermones</strong></span> <span class='ocrx_word' id='word_1_597' title='bbox 2654 2488 2901 2544; x_wconf 88' lang='lat' dir='ltr'><strong>Jonadab</strong></span> <span class='ocrx_word' id='word_1_598' title='bbox 2940 2488 3033 2543; x_wconf 85' lang='lat' dir='ltr'><strong>filii</strong></span> <span class='ocrx_word' id='word_1_599' title='bbox 3078 2487 3316 2556; x_wconf 80' lang='lat' dir='ltr'><strong>Rechab,</strong></span> <span class='ocrx_word' id='word_1_600' title='bbox 3354 2503 3493 2559; x_wconf 89' lang='lat' dir='ltr'><strong>quos</strong></span> 
     </span>
    </p>
   </div>
   <div class='ocr_carea' id='block_1_108' title="bbox 2033 2557 3387 2631">
    <p class='ocr_par' dir='ltr' id='par_1_108' title="bbox 2033 2557 3387 2631">
     <span class='ocr_line' id='line_1_110' title="bbox 2033 2557 3387 2631; baseline 0.001 -20"><span class='ocrx_word' id='word_1_601' title='bbox 2033 2559 2294 2631; x_wconf 70' lang='lat' dir='ltr'><strong>praecepit</strong></span> <span class='ocrx_word' id='word_1_602' title='bbox 2319 2557 2442 2619; x_wconf 89' lang='lat' dir='ltr'><strong>ﬁliis</strong></span> <span class='ocrx_word' id='word_1_603' title='bbox 2473 2560 2606 2623; x_wconf 87' lang='lat' dir='ltr'><strong>suis,</strong></span> <span class='ocrx_word' id='word_1_604' title='bbox 2640 2569 2835 2631; x_wconf 84' lang='lat' dir='ltr'><strong>utnon</strong></span> <span class='ocrx_word' id='word_1_605' title='bbox 2867 2559 3117 2614; x_wconf 87' lang='lat' dir='ltr'><strong>biberent</strong></span> <span class='ocrx_word' id='word_1_606' title='bbox 3144 2557 3387 2627; x_wconf 32' lang='lat' dir='ltr'><strong>virium.&quot;</strong></span> 
     </span>
    </p>
   </div>
   <div class='ocr_carea' id='block_1_109' title="bbox 1961 2628 3103 2699">
    <p class='ocr_par' dir='ltr' id='par_1_109' title="bbox 1961 2628 3103 2699">
     <span class='ocr_line' id='line_1_111' title="bbox 1961 2628 3103 2699; baseline 0.001 -15"><span class='ocrx_word' id='word_1_607' title='bbox 1961 2636 2015 2685; x_wconf 91' lang='lat' dir='ltr'><strong>et</strong></span> <span class='ocrx_word' id='word_1_608' title='bbox 2034 2628 2152 2683; x_wconf 50' lang='lat' dir='ltr'><strong>&#39;non</strong></span> <span class='ocrx_word' id='word_1_609' title='bbox 2187 2628 2442 2685; x_wconf 88' lang='lat' dir='ltr'><strong>biberunt</strong></span> <span class='ocrx_word' id='word_1_610' title='bbox 2472 2644 2641 2699; x_wconf 90' lang='lat' dir='ltr'><strong>usque</strong></span> <span class='ocrx_word' id='word_1_611' title='bbox 2666 2630 2731 2684; x_wconf 89' lang='lat' dir='ltr'><strong>ad</strong></span> <span class='ocrx_word' id='word_1_612' title='bbox 2764 2630 2907 2685; x_wconf 92' lang='lat' dir='ltr'><strong>diem</strong></span> <span class='ocrx_word' id='word_1_613' title='bbox 2943 2631 3103 2695; x_wconf 88' lang='lat' dir='ltr'><strong>hanc,</strong></span> 
     </span>
    </p>
   </div>
   <div class='ocr_carea' id='block_1_110' title="bbox 1961 2698 3089 2773">
    <p class='ocr_par' dir='ltr' id='par_1_110' title="bbox 1961 2698 3089 2773">
     <span class='ocr_line' id='line_1_112' title="bbox 1961 2698 3089 2773; baseline 0.004 -19"><span class='ocrx_word' id='word_1_614' title='bbox 1961 2698 2085 2771; x_wconf 89' lang='lat' dir='ltr'><strong>quia</strong></span> <span class='ocrx_word' id='word_1_615' title='bbox 2112 2700 2436 2755; x_wconf 89' lang='lat' dir='ltr'><strong>obedierunt</strong></span> <span class='ocrx_word' id='word_1_616' title='bbox 2466 2710 2735 2773; x_wconf 67' lang='lat' dir='ltr'><strong>praecepto</strong></span> <span class='ocrx_word' id='word_1_617' title='bbox 2764 2702 2936 2772; x_wconf 90' lang='lat' dir='ltr'><strong>patris</strong></span> <span class='ocrx_word' id='word_1_618' title='bbox 2965 2702 3047 2757; x_wconf 93' lang='lat' dir='ltr'><strong>sui</strong></span> <span class='ocrx_word' id='word_1_619' title='bbox 3074 2716 3089 2758; x_wconf 86' lang='lat'><strong>:</strong></span> 
     </span>
    </p>
   </div>
   <div class='ocr_carea' id='block_1_111' title="bbox 1890 2770 3493 2845">
    <p class='ocr_par' dir='ltr' id='par_1_111' title="bbox 1890 2770 3493 2845">
     <span class='ocr_line' id='line_1_113' title="bbox 1890 2770 3493 2845; baseline 0.002 -18"><span class='ocrx_word' id='word_1_620' title='bbox 1890 2770 2006 2842; x_wconf 82' lang='lat' dir='ltr'><strong>Ego</strong></span> <span class='ocrx_word' id='word_1_621' title='bbox 2034 2780 2214 2845; x_wconf 87' lang='lat' dir='ltr'><strong>autem</strong></span> <span class='ocrx_word' id='word_1_622' title='bbox 2246 2773 2460 2829; x_wconf 89' lang='lat' dir='ltr'><strong>locutus</strong></span> <span class='ocrx_word' id='word_1_623' title='bbox 2489 2786 2610 2828; x_wconf 89' lang='lat' dir='ltr'><strong>sum</strong></span> <span class='ocrx_word' id='word_1_624' title='bbox 2636 2770 2705 2829; x_wconf 84' lang='lat' dir='ltr'><strong>ad</strong></span> <span class='ocrx_word' id='word_1_625' title='bbox 2735 2770 2854 2844; x_wconf 82' lang='lat' dir='ltr'><strong>vos,</strong></span> <span class='ocrx_word' id='word_1_626' title='bbox 2876 2773 2946 2830; x_wconf 88' lang='lat' dir='ltr'><strong>de</strong></span> <span class='ocrx_word' id='word_1_627' title='bbox 2970 2788 3133 2830; x_wconf 86' lang='lat' dir='ltr'><strong>mane</strong></span> <span class='ocrx_word' id='word_1_628' title='bbox 3156 2786 3493 2845; x_wconf 82' lang='lat' dir='ltr'><strong>consurgens</strong></span> 
     </span>
    </p>
   </div>
   <div class='ocr_carea' id='block_1_112' title="bbox 2034 2844 2364 2914">
    <p class='ocr_par' dir='ltr' id='par_1_112' title="bbox 2034 2844 2364 2914">
     <span class='ocr_line' id='line_1_114' title="bbox 2034 2844 2364 2914; baseline 0 -15"><span class='ocrx_word' id='word_1_629' title='bbox 2034 2844 2364 2914; x_wconf 86' lang='lat' dir='ltr'><strong>etloquens,</strong></span> 
     </span>
    </p>
   </div>
   <div class='ocr_carea' id='block_1_113' title="bbox 1964 2916 2629 2973">
    <p class='ocr_par' dir='ltr' id='par_1_113' title="bbox 1964 2916 2629 2973">
     <span class='ocr_line' id='line_1_115' title="bbox 1964 2916 2629 2973; baseline 0.006 -4"><span class='ocrx_word' id='word_1_630' title='bbox 1964 2924 2019 2969; x_wconf 88' lang='lat' dir='ltr'><strong>et</strong></span> <span class='ocrx_word' id='word_1_631' title='bbox 2050 2930 2157 2970; x_wconf 93' lang='lat' dir='ltr'><strong>non</strong></span> <span class='ocrx_word' id='word_1_632' title='bbox 2186 2916 2446 2972; x_wconf 88' lang='lat' dir='ltr'><strong>obedistis</strong></span> <span class='ocrx_word' id='word_1_633' title='bbox 2475 2916 2629 2973; x_wconf 89' lang='lat' dir='ltr'><strong>mihi.</strong></span> 
     </span>
    </p>
   </div>
   <div class='ocr_carea' id='block_1_114' title="bbox 1894 2986 3491 3061">
    <p class='ocr_par' dir='ltr' id='par_1_114' title="bbox 1894 2986 3491 3061">
     <span class='ocr_line' id='line_1_116' title="bbox 1894 2986 3491 3061; baseline 0.001 -18"><span class='ocrx_word' id='word_1_634' title='bbox 1894 2986 2119 3059; x_wconf 82' lang='lat' dir='ltr'><strong>Misique</strong></span> <span class='ocrx_word' id='word_1_635' title='bbox 2140 2987 2206 3042; x_wconf 93' lang='lat' dir='ltr'><strong>ad</strong></span> <span class='ocrx_word' id='word_1_636' title='bbox 2222 3002 2328 3061; x_wconf 76' lang='lat' dir='ltr'><strong>vos</strong></span> <span class='ocrx_word' id='word_1_637' title='bbox 2351 3003 2541 3045; x_wconf 91' lang='lat' dir='ltr'><strong>omnes</strong></span> <span class='ocrx_word' id='word_1_638' title='bbox 2560 3002 2751 3047; x_wconf 91' lang='lat' dir='ltr'><strong>servos</strong></span> <span class='ocrx_word' id='word_1_639' title='bbox 2780 3002 2932 3047; x_wconf 91' lang='lat' dir='ltr'><strong>meos</strong></span> <span class='ocrx_word' id='word_1_640' title='bbox 2954 2987 3249 3061; x_wconf 86' lang='lat' dir='ltr'><strong>prophetas</strong></span> <span class='ocrx_word' id='word_1_641' title='bbox 3264 3001 3491 3046; x_wconf 88' lang='lat' dir='ltr'><strong>consur-</strong></span> 
     </span>
    </p>
   </div>
   <div class='ocr_carea' id='block_1_115' title="bbox 2038 3060 2461 3128">
    <p class='ocr_par' dir='ltr' id='par_1_115' title="bbox 2038 3060 2461 3128">
     <span class='ocr_line' id='line_1_117' title="bbox 2038 3060 2461 3128; baseline 0.009 -15"><span class='ocrx_word' id='word_1_642' title='bbox 2038 3074 2173 3128; x_wconf 88' lang='lat' dir='ltr'><strong>gens</strong></span> <span class='ocrx_word' id='word_1_643' title='bbox 2200 3060 2461 3125; x_wconf 87' lang='lat' dir='ltr'><strong>diluculo,</strong></span> 
     </span>
    </p>
   </div>
   <div class='ocr_carea' id='block_1_116' title="bbox 1968 3130 2653 3215">
    <p class='ocr_par' dir='ltr' id='par_1_116' title="bbox 1968 3130 2653 3215">
     <span class='ocr_line' id='line_1_118' title="bbox 1968 3130 2653 3215; baseline 0.012 -32"><span class='ocrx_word' id='word_1_644' title='bbox 1968 3130 2317 3215; x_wconf 78' lang='lat' dir='ltr'><strong>mittensque,</strong></span> <span class='ocrx_word' id='word_1_645' title='bbox 2350 3141 2402 3187; x_wconf 90' lang='lat' dir='ltr'><strong>et</strong></span> <span class='ocrx_word' id='word_1_646' title='bbox 2428 3132 2614 3215; x_wconf 78' lang='lat' dir='ltr'><strong>dicens</strong></span> <span class='ocrx_word' id='word_1_647' title='bbox 2638 3151 2653 3191; x_wconf 89' lang='lat'><strong>:</strong></span> 
     </span>
    </p>
   </div>
   <div class='ocr_carea' id='block_1_117' title="bbox 1818 3198 3274 3276">
    <p class='ocr_par' dir='ltr' id='par_1_117' title="bbox 1818 3198 3274 3276">
     <span class='ocr_line' id='line_1_119' title="bbox 1818 3198 3274 3276; baseline 0.002 -18"><span class='ocrx_word' id='word_1_648' title='bbox 1818 3198 1865 3267; x_wconf 88' lang='lat' dir='ltr'><strong><em>C</em></strong></span> <span class='ocrx_word' id='word_1_649' title='bbox 1895 3198 2285 3276; x_wconf 75' lang='lat' dir='ltr'><strong>Convertimini</strong></span> <span class='ocrx_word' id='word_1_650' title='bbox 2305 3198 2683 3276; x_wconf 75' lang='lat' dir='ltr'><strong>unusquisque</strong></span> <span class='ocrx_word' id='word_1_651' title='bbox 2708 3217 2737 3259; x_wconf 92' lang='lat' dir='ltr'><strong>a</strong></span> <span class='ocrx_word' id='word_1_652' title='bbox 2757 3204 2846 3261; x_wconf 86' lang='lat' dir='ltr'><strong>via</strong></span> <span class='ocrx_word' id='word_1_653' title='bbox 2874 3217 2971 3260; x_wconf 86' lang='lat' dir='ltr'><strong>sua</strong></span> <span class='ocrx_word' id='word_1_654' title='bbox 2997 3202 3236 3275; x_wconf 82' lang='lat' dir='ltr'><strong>pessima</strong></span> <span class='ocrx_word' id='word_1_655' title='bbox 3256 3244 3274 3271; x_wconf 86' lang='lat'><strong>,</strong></span> 
     </span>
    </p>
   </div>
   <div class='ocr_carea' id='block_1_118' title="bbox 1969 3271 2826 3331">
    <p class='ocr_par' dir='ltr' id='par_1_118' title="bbox 1969 3271 2826 3331">
     <span class='ocr_line' id='line_1_120' title="bbox 1969 3271 2826 3331; baseline 0 -3"><span class='ocrx_word' id='word_1_656' title='bbox 1969 3280 2025 3329; x_wconf 90' lang='lat' dir='ltr'><strong>et</strong></span> <span class='ocrx_word' id='word_1_657' title='bbox 2052 3271 2191 3327; x_wconf 93' lang='lat' dir='ltr'><strong>bona</strong></span> <span class='ocrx_word' id='word_1_658' title='bbox 2220 3272 2381 3330; x_wconf 90' lang='lat' dir='ltr'><strong>facite</strong></span> <span class='ocrx_word' id='word_1_659' title='bbox 2406 3271 2788 3331; x_wconf 62' lang='lat' dir='ltr'><strong>studia&#39;vestra</strong></span> <span class='ocrx_word' id='word_1_660' title='bbox 2816 3292 2826 3328; x_wconf 96' lang='lat'>:</span> 
     </span>
    </p>
   </div>
   <div class='ocr_carea' id='block_1_119' title="bbox 1890 3342 3348 3417">
    <p class='ocr_par' dir='ltr' id='par_1_119' title="bbox 1890 3342 3348 3417">
     <span class='ocr_line' id='line_1_121' title="bbox 1890 3342 3348 3417; baseline 0 -18"><span class='ocrx_word' id='word_1_661' title='bbox 1890 3342 1962 3399; x_wconf 84' lang='lat' dir='ltr'><strong>Et</strong></span> <span class='ocrx_word' id='word_1_662' title='bbox 1984 3342 2160 3417; x_wconf 75' lang='lat' dir='ltr'><strong>nolite</strong></span> <span class='ocrx_word' id='word_1_663' title='bbox 2175 3344 2331 3417; x_wconf 81' lang='lat' dir='ltr'><strong>sequi</strong></span> <span class='ocrx_word' id='word_1_664' title='bbox 2360 3344 2493 3417; x_wconf 88' lang='lat' dir='ltr'><strong>deos</strong></span> <span class='ocrx_word' id='word_1_665' title='bbox 2522 3347 2750 3417; x_wconf 88' lang='lat' dir='ltr'><strong>alienos,</strong></span> <span class='ocrx_word' id='word_1_666' title='bbox 2785 3360 2961 3417; x_wconf 87' lang='lat' dir='ltr'><strong>neque</strong></span> <span class='ocrx_word' id='word_1_667' title='bbox 2986 3344 3179 3417; x_wconf 81' lang='lat' dir='ltr'><strong>colatis</strong></span> <span class='ocrx_word' id='word_1_668' title='bbox 3211 3360 3309 3402; x_wconf 89' lang='lat' dir='ltr'><strong>eos</strong></span> <span class='ocrx_word' id='word_1_669' title='bbox 3335 3362 3348 3399; x_wconf 93' lang='lat'><strong>:</strong></span> 
     </span>
    </p>
   </div>
   <div class='ocr_carea' id='block_1_120' title="bbox 1963 3414 3498 3497">
    <p class='ocr_par' dir='ltr' id='par_1_120' title="bbox 1963 3414 3498 3497">
     <span class='ocr_line' id='line_1_122' title="bbox 1963 3414 3498 3497; baseline 0.003 -27"><span class='ocrx_word' id='word_1_670' title='bbox 1963 3423 2017 3470; x_wconf 92' lang='lat' dir='ltr'><strong>et</strong></span> <span class='ocrx_word' id='word_1_671' title='bbox 2039 3414 2351 3497; x_wconf 76' lang='lat' dir='ltr'><strong>habitabilis</strong></span> <span class='ocrx_word' id='word_1_672' title='bbox 2372 3416 2427 3471; x_wconf 91' lang='lat' dir='ltr'><strong>in</strong></span> <span class='ocrx_word' id='word_1_673' title='bbox 2452 3426 2617 3485; x_wconf 85' lang='lat' dir='ltr'><strong>terra,</strong></span> <span class='ocrx_word' id='word_1_674' title='bbox 2649 3414 2811 3489; x_wconf 87' lang='lat' dir='ltr'><strong>quam</strong></span> <span class='ocrx_word' id='word_1_675' title='bbox 2835 3414 2960 3473; x_wconf 80' lang='lat' dir='ltr'><strong>dedi</strong></span> <span class='ocrx_word' id='word_1_676' title='bbox 2985 3416 3140 3473; x_wconf 88' lang='lat' dir='ltr'><strong>vobis</strong></span> <span class='ocrx_word' id='word_1_677' title='bbox 3168 3427 3220 3473; x_wconf 91' lang='lat' dir='ltr'><strong>et</strong></span> <span class='ocrx_word' id='word_1_678' title='bbox 3253 3416 3498 3489; x_wconf 74' lang='lat' dir='ltr'><strong>patribus</strong></span> 
     </span>
    </p>
   </div>
   <div class='ocr_carea' id='block_1_121' title="bbox 2034 3496 2264 3541">
    <p class='ocr_par' dir='ltr' id='par_1_121' title="bbox 2034 3496 2264 3541">
     <span class='ocr_line' id='line_1_123' title="bbox 2034 3496 2264 3541; baseline 0 -2"><span class='ocrx_word' id='word_1_679' title='bbox 2034 3496 2229 3541; x_wconf 81' lang='lat' dir='ltr'><strong>vestris</strong></span> <span class='ocrx_word' id='word_1_680' title='bbox 2254 3504 2264 3539; x_wconf 93' lang='lat'><strong>:</strong></span> 
     </span>
    </p>
   </div>
   <div class='ocr_carea' id='block_1_122' title="bbox 1964 3558 3499 3631">
    <p class='ocr_par' dir='ltr' id='par_1_122' title="bbox 1964 3558 3499 3631">
     <span class='ocr_line' id='line_1_124' title="bbox 1964 3558 3499 3631; baseline 0.001 -16"><span class='ocrx_word' id='word_1_681' title='bbox 1964 3565 2021 3615; x_wconf 89' lang='lat' dir='ltr'><strong>et</strong></span> <span class='ocrx_word' id='word_1_682' title='bbox 2047 3572 2154 3613; x_wconf 92' lang='lat' dir='ltr'><strong>non</strong></span> <span class='ocrx_word' id='word_1_683' title='bbox 2185 3558 2490 3617; x_wconf 86' lang='lat' dir='ltr'><strong>inclinastis</strong></span> <span class='ocrx_word' id='word_1_684' title='bbox 2531 3574 2721 3618; x_wconf 89' lang='lat' dir='ltr'><strong>aurem</strong></span> <span class='ocrx_word' id='word_1_685' title='bbox 2755 3568 3019 3631; x_wconf 88' lang='lat' dir='ltr'><strong>vestram,</strong></span> <span class='ocrx_word' id='word_1_686' title='bbox 3055 3573 3239 3631; x_wconf 90' lang='lat' dir='ltr'><strong>neque</strong></span> <span class='ocrx_word' id='word_1_687' title='bbox 3268 3560 3499 3618; x_wconf 88' lang='lat' dir='ltr'><strong>audistis</strong></span> 
     </span>
    </p>
   </div>
   <div class='ocr_carea' id='block_1_123' title="bbox 2042 3644 2149 3685">
    <p class='ocr_par' dir='ltr' id='par_1_123' title="bbox 2042 3644 2149 3685">
     <span class='ocr_line' id='line_1_125' title="bbox 2042 3644 2149 3685; baseline 0.019 -2"><span class='ocrx_word' id='word_1_688' title='bbox 2042 3644 2149 3685; x_wconf 87' lang='lat' dir='ltr'><strong>nne.</strong></span> 
     </span>
    </p>
   </div>
   <div class='ocr_carea' id='block_1_124' title="bbox 1899 3698 3497 3777">
    <p class='ocr_par' dir='ltr' id='par_1_124' title="bbox 1899 3698 3497 3777">
     <span class='ocr_line' id='line_1_126' title="bbox 1899 3698 3497 3777; baseline 0.003 -21"><span class='ocrx_word' id='word_1_689' title='bbox 1899 3698 2280 3757; x_wconf 83' lang='lat' dir='ltr'><strong>Firmavernnt</strong></span> <span class='ocrx_word' id='word_1_690' title='bbox 2304 3702 2469 3777; x_wconf 82' lang='lat' dir='ltr'><strong>igitur</strong></span> <span class='ocrx_word' id='word_1_691' title='bbox 2496 3703 2589 3760; x_wconf 86' lang='lat' dir='ltr'><strong>filii</strong></span> <span class='ocrx_word' id='word_1_692' title='bbox 2616 3703 2864 3762; x_wconf 88' lang='lat' dir='ltr'><strong>Jonadab</strong></span> <span class='ocrx_word' id='word_1_693' title='bbox 2892 3703 2989 3761; x_wconf 83' lang='lat' dir='ltr'><strong>filii</strong></span> <span class='ocrx_word' id='word_1_694' title='bbox 3028 3705 3253 3764; x_wconf 80' lang='lat' dir='ltr'><strong>Rechab</strong></span> <span class='ocrx_word' id='word_1_695' title='bbox 3290 3718 3497 3777; x_wconf 68' lang='lat' dir='ltr'><strong>praece-</strong></span> 
     </span>
    </p>
   </div>
   <div class='ocr_carea' id='block_1_125' title="bbox 2042 3776 3205 3859">
    <p class='ocr_par' dir='ltr' id='par_1_125' title="bbox 2042 3776 3205 3859">
     <span class='ocr_line' id='line_1_127' title="bbox 2042 3776 3205 3859; baseline 0.007 -34"><span class='ocrx_word' id='word_1_696' title='bbox 2042 3784 2192 3859; x_wconf 76' lang='lat' dir='ltr'><strong>ptum</strong></span> <span class='ocrx_word' id='word_1_697' title='bbox 2225 3776 2398 3859; x_wconf 85' lang='lat' dir='ltr'><strong>patris</strong></span> <span class='ocrx_word' id='word_1_698' title='bbox 2428 3778 2533 3859; x_wconf 76' lang='lat' dir='ltr'><strong>sui,</strong></span> <span class='ocrx_word' id='word_1_699' title='bbox 2554 3776 2697 3847; x_wconf 90' lang='lat' dir='ltr'><strong>quod</strong></span> <span class='ocrx_word' id='word_1_700' title='bbox 2722 3788 3066 3859; x_wconf 57' lang='lat' dir='ltr'><strong>[inceperat</strong></span> <span class='ocrx_word' id='word_1_701' title='bbox 3086 3777 3165 3859; x_wconf 79' lang='lat' dir='ltr'><strong>eis</strong></span> <span class='ocrx_word' id='word_1_702' title='bbox 3192 3796 3205 3833; x_wconf 89' lang='lat'>:</span> 
     </span>
    </p>
   </div>
   <div class='ocr_carea' id='block_1_126' title="bbox 1964 3846 3128 3913">
    <p class='ocr_par' dir='ltr' id='par_1_126' title="bbox 1964 3846 3128 3913">
     <span class='ocr_line' id='line_1_128' title="bbox 1964 3846 3128 3913; baseline 0.007 -17"><span class='ocrx_word' id='word_1_703' title='bbox 1964 3846 2195 3913; x_wconf 84' lang='lat' dir='ltr'><strong>p0pulus</strong></span> <span class='ocrx_word' id='word_1_704' title='bbox 2220 3857 2401 3901; x_wconf 85' lang='lat' dir='ltr'><strong>autem</strong></span> <span class='ocrx_word' id='word_1_705' title='bbox 2432 3848 2540 3902; x_wconf 91' lang='lat' dir='ltr'><strong>iste</strong></span> <span class='ocrx_word' id='word_1_706' title='bbox 2568 3846 2674 3903; x_wconf 87' lang='lat' dir='ltr'><strong>non</strong></span> <span class='ocrx_word' id='word_1_707' title='bbox 2704 3846 2946 3903; x_wconf 82' lang='lat' dir='ltr'><strong>ebedivit</strong></span> <span class='ocrx_word' id='word_1_708' title='bbox 2972 3850 3128 3904; x_wconf 90' lang='lat' dir='ltr'><strong>mihi.</strong></span> 
     </span>
    </p>
   </div>
   <div class='ocr_carea' id='block_1_127' title="bbox 1891 3913 3496 3990">
    <p class='ocr_par' dir='ltr' id='par_1_127' title="bbox 1891 3913 3496 3990">
     <span class='ocr_line' id='line_1_129' title="bbox 1891 3913 3496 3990; baseline 0.005 -21"><span class='ocrx_word' id='word_1_709' title='bbox 1891 3913 2103 3990; x_wconf 59' lang='lat' dir='ltr'><strong>hicirco</strong></span> <span class='ocrx_word' id='word_1_710' title='bbox 2129 3915 2251 3990; x_wconf 68' lang='lat' dir='ltr'><strong>haec</strong></span> <span class='ocrx_word' id='word_1_711' title='bbox 2273 3916 2403 3990; x_wconf 83' lang='lat' dir='ltr'><strong>dicit</strong></span> <span class='ocrx_word' id='word_1_712' title='bbox 2432 3916 2696 3975; x_wconf 91' lang='lat' dir='ltr'><strong>Dominus</strong></span> <span class='ocrx_word' id='word_1_713' title='bbox 2723 3920 3088 3990; x_wconf 85' lang='lat' dir='ltr'><strong>exercituum,</strong></span> <span class='ocrx_word' id='word_1_714' title='bbox 3126 3921 3267 3978; x_wconf 90' lang='lat' dir='ltr'><strong>Deus</strong></span> <span class='ocrx_word' id='word_1_715' title='bbox 3284 3920 3454 3977; x_wconf 89' lang='lat' dir='ltr'><strong>Israel</strong></span> <span class='ocrx_word' id='word_1_716' title='bbox 3483 3939 3496 3977; x_wconf 73' lang='grc' dir='ltr'><strong>ε</strong></span> 
     </span>
    </p>
   </div>
   <div class='ocr_carea' id='block_1_128' title="bbox 1894 3987 3503 4060">
    <p class='ocr_par' dir='ltr' id='par_1_128' title="bbox 1894 3987 3503 4060">
     <span class='ocr_line' id='line_1_130' title="bbox 1894 3987 3503 4060; baseline 0.004 -16"><span class='ocrx_word' id='word_1_717' title='bbox 1894 3987 2034 4044; x_wconf 84' lang='lat' dir='ltr'><strong>Ecce</strong></span> <span class='ocrx_word' id='word_1_718' title='bbox 2062 4001 2163 4057; x_wconf 87' lang='lat' dir='ltr'><strong>ego</strong></span> <span class='ocrx_word' id='word_1_719' title='bbox 2188 3988 2453 4060; x_wconf 75' lang='lat' dir='ltr'><strong>adducam</strong></span> <span class='ocrx_word' id='word_1_720' title='bbox 2483 4004 2649 4060; x_wconf 87' lang='lat' dir='ltr'><strong>super</strong></span> <span class='ocrx_word' id='word_1_721' title='bbox 2674 3990 2835 4057; x_wconf 89' lang='lat' dir='ltr'><strong>Juda,</strong></span> <span class='ocrx_word' id='word_1_722' title='bbox 2860 3998 2914 4047; x_wconf 89' lang='lat' dir='ltr'><strong>et</strong></span> <span class='ocrx_word' id='word_1_723' title='bbox 2937 3987 3101 4058; x_wconf 80' lang='lat' dir='ltr'><strong>super</strong></span> <span class='ocrx_word' id='word_1_724' title='bbox 3126 4009 3317 4048; x_wconf 90' lang='lat' dir='ltr'><strong>omnes</strong></span> <span class='ocrx_word' id='word_1_725' title='bbox 3349 3993 3503 4049; x_wconf 84' lang='lat' dir='ltr'><strong>habi-</strong></span> 
     </span>
    </p>
   </div>
   <div class='ocr_carea' id='block_1_129' title="bbox 2034 4058 3503 4137">
    <p class='ocr_par' dir='ltr' id='par_1_129' title="bbox 2034 4058 3503 4137">
     <span class='ocr_line' id='line_1_131' title="bbox 2034 4058 3503 4137; baseline 0.006 -25"><span class='ocrx_word' id='word_1_726' title='bbox 2034 4065 2239 4137; x_wconf 71' lang='lat' dir='ltr'><strong>tatores</strong></span> <span class='ocrx_word' id='word_1_727' title='bbox 2253 4058 2582 4137; x_wconf 79' lang='lat' dir='ltr'><strong>Jerusalem,</strong></span> <span class='ocrx_word' id='word_1_728' title='bbox 2606 4060 2918 4120; x_wconf 81' lang='lat' dir='ltr'><strong>universam</strong></span> <span class='ocrx_word' id='word_1_729' title='bbox 2938 4064 3315 4134; x_wconf 79' lang='lat' dir='ltr'><strong>afflictionetn,</strong></span> <span class='ocrx_word' id='word_1_730' title='bbox 3340 4080 3503 4137; x_wconf 87' lang='lat' dir='ltr'><strong>quam</strong></span> 
     </span>
    </p>
   </div>
   <div class='ocr_carea' id='block_1_130' title="bbox 2040 4128 2886 4189">
    <p class='ocr_par' dir='ltr' id='par_1_130' title="bbox 2040 4128 2886 4189">
     <span class='ocr_line' id='line_1_132' title="bbox 2040 4128 2886 4189; baseline 0.002 -4"><span class='ocrx_word' id='word_1_731' title='bbox 2040 4128 2251 4185; x_wconf 89' lang='lat' dir='ltr'><strong>locutus</strong></span> <span class='ocrx_word' id='word_1_732' title='bbox 2281 4146 2401 4187; x_wconf 90' lang='lat' dir='ltr'><strong>sum</strong></span> <span class='ocrx_word' id='word_1_733' title='bbox 2429 4128 2719 4189; x_wconf 84' lang='lat' dir='ltr'><strong>adversum</strong></span> <span class='ocrx_word' id='word_1_734' title='bbox 2751 4149 2847 4189; x_wconf 90' lang='lat' dir='ltr'><strong>eos</strong></span> <span class='ocrx_word' id='word_1_735' title='bbox 2874 4152 2886 4187; x_wconf 93' lang='lat'>:</span> 
     </span>
    </p>
   </div>
   <div class='ocr_carea' id='block_1_131' title="bbox 1967 4202 3419 4327">
    <p class='ocr_par' dir='ltr' id='par_1_131' title="bbox 1967 4202 3419 4327">
     <span class='ocr_line' id='line_1_133' title="bbox 1967 4202 3419 4327; baseline 0.004 -72"><span class='ocrx_word' id='word_1_736' title='bbox 1967 4215 2035 4327; x_wconf 52' lang='lat' dir='ltr'><strong>po</strong></span> <span class='ocrx_word' id='word_1_737' title='bbox 2061 4202 2205 4327; x_wconf 46' lang='lat' dir='ltr'><strong>quini</strong></span> <span class='ocrx_word' id='word_1_738' title='bbox 2236 4202 2446 4261; x_wconf 92' lang='lat' dir='ltr'><strong>locutus</strong></span> <span class='ocrx_word' id='word_1_739' title='bbox 2466 4204 2569 4260; x_wconf 87' lang='lat' dir='ltr'><strong>sim</strong></span> <span class='ocrx_word' id='word_1_740' title='bbox 2592 4205 2659 4261; x_wconf 88' lang='lat' dir='ltr'><strong>ad</strong></span> <span class='ocrx_word' id='word_1_741' title='bbox 2684 4205 2829 4275; x_wconf 89' lang='lat' dir='ltr'><strong>illos,</strong></span> <span class='ocrx_word' id='word_1_742' title='bbox 2862 4213 2917 4263; x_wconf 89' lang='lat' dir='ltr'><strong>et</strong></span> <span class='ocrx_word' id='word_1_743' title='bbox 2944 4222 3057 4263; x_wconf 93' lang='lat' dir='ltr'><strong>non</strong></span> <span class='ocrx_word' id='word_1_744' title='bbox 3096 4210 3419 4267; x_wconf 90' lang='lat' dir='ltr'><strong>audierunt:</strong></span> 
     </span>
     <span class='ocr_line' id='line_1_134' title="bbox 1988 4289 2281 4327; baseline 0 0"><span class='ocrx_word' id='word_1_745' title='bbox 1988 4289 2149 4327; x_wconf 75' lang='lat' dir='ltr'><strong>cavut</strong></span> <span class='ocrx_word' id='word_1_746' title='bbox 2200 4290 2281 4327; x_wconf 84' lang='lat'><strong>08.</strong></span> 
     </span>
    </p>
   </div>
   <div class='ocr_carea' id='block_1_132' title="bbox 1905 4272 2282 4343">
    <p class='ocr_par' dir='ltr' id='par_1_132' title="bbox 1905 4272 2282 4343">
     <span class='ocr_line' id='line_1_135' title="bbox 1905 4272 2282 4343; baseline 0 -14"><span class='ocrx_word' id='word_1_747' title='bbox 1905 4272 2104 4329; x_wconf 76' lang='lat' dir='ltr'><strong>Vocavi</strong></span> <span class='ocrx_word' id='word_1_748' title='bbox 2136 4272 2282 4343; x_wconf 81' lang='lat' dir='ltr'><strong>illos,</strong></span> 
     </span>
    </p>
   </div>
   <div class='ocr_carea' id='block_1_133' title="bbox 1968 4347 2776 4416">
    <p class='ocr_par' dir='ltr' id='par_1_133' title="bbox 1968 4347 2776 4416">
     <span class='ocr_line' id='line_1_136' title="bbox 1968 4347 2776 4416; baseline 0.004 -17"><span class='ocrx_word' id='word_1_749' title='bbox 1968 4354 2023 4399; x_wconf 94' lang='lat' dir='ltr'><strong>et</strong></span> <span class='ocrx_word' id='word_1_750' title='bbox 2052 4360 2160 4399; x_wconf 93' lang='lat' dir='ltr'><strong>non</strong></span> <span class='ocrx_word' id='word_1_751' title='bbox 2194 4347 2596 4416; x_wconf 84' lang='lat' dir='ltr'><strong>reSponderuut</strong></span> <span class='ocrx_word' id='word_1_752' title='bbox 2621 4349 2776 4405; x_wconf 92' lang='lat' dir='ltr'><strong>mihi.</strong></span> 
     </span>
    </p>
   </div>
   <div class='ocr_carea' id='block_1_134' title="bbox 1896 4414 3244 4479">
    <p class='ocr_par' dir='ltr' id='par_1_134' title="bbox 1896 4414 3244 4479">
     <span class='ocr_line' id='line_1_137' title="bbox 1896 4414 3244 4479; baseline 0.003 -9"><span class='ocrx_word' id='word_1_753' title='bbox 1896 4414 2090 4471; x_wconf 88' lang='lat' dir='ltr'><strong>Domni</strong></span> <span class='ocrx_word' id='word_1_754' title='bbox 2123 4414 2303 4472; x_wconf 88' lang='lat' dir='ltr'><strong>autem</strong></span> <span class='ocrx_word' id='word_1_755' title='bbox 2331 4418 2749 4476; x_wconf 84' lang='lat' dir='ltr'><strong>Rechahitarum</strong></span> <span class='ocrx_word' id='word_1_756' title='bbox 2775 4420 2910 4475; x_wconf 83' lang='lat' dir='ltr'><strong>dixit</strong></span> <span class='ocrx_word' id='word_1_757' title='bbox 2931 4419 3199 4479; x_wconf 86' lang='lat' dir='ltr'><strong>Jeremias</strong></span> <span class='ocrx_word' id='word_1_758' title='bbox 3229 4438 3244 4474; x_wconf 90' lang='lat'><strong>:</strong></span> 
     </span>
    </p>
   </div>
   <div class='ocr_carea' id='block_1_135' title="bbox 1898 4486 3251 4547">
    <p class='ocr_par' dir='ltr' id='par_1_135' title="bbox 1898 4486 3251 4547">
     <span class='ocr_line' id='line_1_138' title="bbox 1898 4486 3251 4547; baseline 0.004 -6"><span class='ocrx_word' id='word_1_759' title='bbox 1898 4486 2026 4543; x_wconf 73' lang='lat' dir='ltr'><strong>Hmc</strong></span> <span class='ocrx_word' id='word_1_760' title='bbox 2053 4487 2186 4543; x_wconf 91' lang='lat' dir='ltr'><strong>dicit</strong></span> <span class='ocrx_word' id='word_1_761' title='bbox 2218 4489 2480 4544; x_wconf 90' lang='lat' dir='ltr'><strong>Dominus</strong></span> <span class='ocrx_word' id='word_1_762' title='bbox 2506 4494 2843 4547; x_wconf 88' lang='lat' dir='ltr'><strong>exercituum</strong></span> <span class='ocrx_word' id='word_1_763' title='bbox 2876 4491 3020 4547; x_wconf 89' lang='lat' dir='ltr'><strong>Deus</strong></span> <span class='ocrx_word' id='word_1_764' title='bbox 3049 4492 3251 4547; x_wconf 86' lang='lat' dir='ltr'><strong>lsrael:</strong></span> 
     </span>
    </p>
   </div>
   <div class='ocr_carea' id='block_1_136' title="bbox 1904 4559 3497 4631">
    <p class='ocr_par' dir='ltr' id='par_1_136' title="bbox 1904 4559 3497 4631">
     <span class='ocr_line' id='line_1_139' title="bbox 1904 4559 3497 4631; baseline 0.003 -18"><span class='ocrx_word' id='word_1_765' title='bbox 1904 4560 2009 4614; x_wconf 88' lang='lat' dir='ltr'><strong>Pro</strong></span> <span class='ocrx_word' id='word_1_766' title='bbox 2039 4573 2105 4613; x_wconf 93' lang='lat' dir='ltr'><strong>eo</strong></span> <span class='ocrx_word' id='word_1_767' title='bbox 2130 4559 2277 4631; x_wconf 87' lang='lat' dir='ltr'><strong>quod</strong></span> <span class='ocrx_word' id='word_1_768' title='bbox 2316 4562 2580 4617; x_wconf 89' lang='lat' dir='ltr'><strong>obedistis</strong></span> <span class='ocrx_word' id='word_1_769' title='bbox 2609 4572 2886 4631; x_wconf 83' lang='lat' dir='ltr'><strong>praecepto</strong></span> <span class='ocrx_word' id='word_1_770' title='bbox 2922 4562 3169 4618; x_wconf 82' lang='lat' dir='ltr'><strong>Jonadab</strong></span> <span class='ocrx_word' id='word_1_771' title='bbox 3201 4561 3373 4631; x_wconf 90' lang='lat' dir='ltr'><strong>patris</strong></span> <span class='ocrx_word' id='word_1_772' title='bbox 3400 4577 3497 4618; x_wconf 83' lang='lat' dir='ltr'><strong>ve-</strong></span> 
     </span>
    </p>
   </div>
   <div class='ocr_carea' id='block_1_137' title="bbox 2045 4630 3262 4703">
    <p class='ocr_par' dir='ltr' id='par_1_137' title="bbox 2045 4630 3262 4703">
     <span class='ocr_line' id='line_1_140' title="bbox 2045 4630 3262 4703; baseline 0.003 -20"><span class='ocrx_word' id='word_1_773' title='bbox 2045 4630 2162 4703; x_wconf 67' lang='lat' dir='ltr'><strong>stri,</strong></span> <span class='ocrx_word' id='word_1_774' title='bbox 2198 4640 2253 4703; x_wconf 85' lang='lat' dir='ltr'><strong>et</strong></span> <span class='ocrx_word' id='word_1_775' title='bbox 2277 4630 2805 4687; x_wconf 28' lang='lat' dir='ltr'><strong>custodistis’omnia</strong></span> <span class='ocrx_word' id='word_1_776' title='bbox 2838 4634 3087 4689; x_wconf 84' lang='lat' dir='ltr'><strong>mandata</strong></span> <span class='ocrx_word' id='word_1_777' title='bbox 3120 4630 3262 4703; x_wconf 90' lang='lat' dir='ltr'><strong>ejus,</strong></span> 
     </span>
    </p>
   </div>
   <div class='ocr_carea' id='block_1_138' title="bbox 1975 4698 3216 4776">
    <p class='ocr_par' dir='ltr' id='par_1_138' title="bbox 1975 4698 3216 4776">
     <span class='ocr_line' id='line_1_141' title="bbox 1975 4698 3216 4776; baseline 0.003 -21"><span class='ocrx_word' id='word_1_778' title='bbox 1975 4710 2029 4755; x_wconf 89' lang='lat' dir='ltr'><strong>et</strong></span> <span class='ocrx_word' id='word_1_779' title='bbox 2052 4698 2255 4776; x_wconf 79' lang='lat' dir='ltr'><strong>fecistis</strong></span> <span class='ocrx_word' id='word_1_780' title='bbox 2286 4702 2559 4776; x_wconf 74' lang='lat' dir='ltr'><strong>universa,</strong></span> <span class='ocrx_word' id='word_1_781' title='bbox 2595 4719 2719 4773; x_wconf 72' lang='lat' dir='ltr'><strong>qua:</strong></span> <span class='ocrx_word' id='word_1_782' title='bbox 2750 4698 3216 4776; x_wconf 68' lang='lat' dir='ltr'><strong>prmcepitvobis:</strong></span> 
     </span>
    </p>
   </div>
   <div class='ocr_carea' id='block_1_139' title="bbox 1906 4770 3503 4841">
    <p class='ocr_par' dir='ltr' id='par_1_139' title="bbox 1906 4770 3503 4841">
     <span class='ocr_line' id='line_1_142' title="bbox 1906 4770 3503 4841; baseline 0.003 -16"><span class='ocrx_word' id='word_1_783' title='bbox 1906 4770 2199 4841; x_wconf 86' lang='lat' dir='ltr'><strong>Propterea</strong></span> <span class='ocrx_word' id='word_1_784' title='bbox 2222 4772 2337 4826; x_wconf 73' lang='lat' dir='ltr'><strong>hzec</strong></span> <span class='ocrx_word' id='word_1_785' title='bbox 2357 4772 2488 4827; x_wconf 90' lang='lat' dir='ltr'><strong>dicit</strong></span> <span class='ocrx_word' id='word_1_786' title='bbox 2513 4770 2776 4829; x_wconf 83' lang='lat' dir='ltr'><strong>Dominus</strong></span> <span class='ocrx_word' id='word_1_787' title='bbox 2798 4770 3136 4831; x_wconf 73' lang='lat' dir='ltr'><strong>exercituum</strong></span> <span class='ocrx_word' id='word_1_788' title='bbox 3160 4778 3297 4830; x_wconf 83' lang='lat' dir='ltr'><strong>Deus</strong></span> <span class='ocrx_word' id='word_1_789' title='bbox 3316 4773 3503 4832; x_wconf 85' lang='lat' dir='ltr'><strong>Israel:</strong></span> 
     </span>
    </p>
   </div>
   <div class='ocr_carea' id='block_1_140' title="bbox 1902 4841 3340 4918">
    <p class='ocr_par' dir='ltr' id='par_1_140' title="bbox 1902 4841 3340 4918">
     <span class='ocr_line' id='line_1_143' title="bbox 1902 4841 3340 4918; baseline 0.003 -21"><span class='ocrx_word' id='word_1_790' title='bbox 1902 4841 2020 4897; x_wconf 85' lang='lat' dir='ltr'><strong>Non</strong></span> <span class='ocrx_word' id='word_1_791' title='bbox 2049 4841 2265 4918; x_wconf 77' lang='lat' dir='ltr'><strong>deﬁciet</strong></span> <span class='ocrx_word' id='word_1_792' title='bbox 2293 4844 2375 4897; x_wconf 90' lang='lat' dir='ltr'><strong>vir</strong></span> <span class='ocrx_word' id='word_1_793' title='bbox 2403 4844 2471 4899; x_wconf 91' lang='lat' dir='ltr'><strong>de</strong></span> <span class='ocrx_word' id='word_1_794' title='bbox 2499 4845 2670 4915; x_wconf 90' lang='lat' dir='ltr'><strong>stirpe</strong></span> <span class='ocrx_word' id='word_1_795' title='bbox 2695 4845 2942 4918; x_wconf 81' lang='lat' dir='ltr'><strong>Jonadab</strong></span> <span class='ocrx_word' id='word_1_796' title='bbox 2972 4846 3067 4902; x_wconf 83' lang='lat' dir='ltr'><strong>ﬁlii</strong></span> <span class='ocrx_word' id='word_1_797' title='bbox 3100 4845 3340 4918; x_wconf 80' lang='lat' dir='ltr'><strong>Rechab,</strong></span> 
     </span>
    </p>
   </div>
   <div class='ocr_carea' id='block_1_141' title="bbox 1973 4913 3162 4986">
    <p class='ocr_par' dir='ltr' id='par_1_141' title="bbox 1973 4913 3162 4986">
     <span class='ocr_line' id='line_1_144' title="bbox 1973 4913 3162 4986; baseline 0.003 -19"><span class='ocrx_word' id='word_1_798' title='bbox 1973 4913 2522 4986; x_wconf 73' lang='lat' dir='ltr'><strong>stan§_in__conspectu</strong></span> <span class='ocrx_word' id='word_1_799' title='bbox 2554 4913 2676 4971; x_wconf 81' lang='lat' dir='ltr'><strong>meo</strong></span> <span class='ocrx_word' id='word_1_800' title='bbox 2703 4917 2914 4972; x_wconf 90' lang='lat' dir='ltr'><strong>cunctis</strong></span> <span class='ocrx_word' id='word_1_801' title='bbox 2945 4918 3162 4974; x_wconf 90' lang='lat' dir='ltr'><strong>diebus.</strong></span> 
     </span>
    </p>
   </div>
   <div class='ocr_carea' id='block_1_142' title="bbox 1903 4982 3507 5063">
    <p class='ocr_par' dir='ltr' id='par_1_142' title="bbox 1903 4982 3507 5063">
     <span class='ocr_line' id='line_1_145' title="bbox 1903 4982 3507 5063; baseline 0.005 -24"><span class='ocrx_word' id='word_1_802' title='bbox 1903 4982 2466 5063; x_wconf 35' lang='grc' dir='ltr'><strong>[(ῘιιριᾷῼῼυζηΕιΔ</strong></span> <span class='ocrx_word' id='word_1_803' title='bbox 2490 4988 2688 5063; x_wconf 71' lang='lat' dir='ltr'><strong>factum</strong></span> <span class='ocrx_word' id='word_1_804' title='bbox 2714 5000 2797 5045; x_wconf 91' lang='lat' dir='ltr'><strong>est</strong></span> <span class='ocrx_word' id='word_1_805' title='bbox 2821 4989 2875 5045; x_wconf 92' lang='lat' dir='ltr'><strong>in</strong></span> <span class='ocrx_word' id='word_1_806' title='bbox 2902 5002 3047 5045; x_wconf 84' lang='lat' dir='ltr'><strong>anno</strong></span> <span class='ocrx_word' id='word_1_807' title='bbox 3076 4999 3273 5063; x_wconf 91' lang='lat' dir='ltr'><strong>quarto</strong></span> <span class='ocrx_word' id='word_1_808' title='bbox 3299 4990 3507 5048; x_wconf 83' lang='lat' dir='ltr'><strong>Joacim</strong></span> 
     </span>
    </p>
   </div>
   <div class='ocr_carea' id='block_1_143' title="bbox 2048 5054 2692 5129">
    <p class='ocr_par' dir='ltr' id='par_1_143' title="bbox 2048 5054 2692 5129">
     <span class='ocr_line' id='line_1_146' title="bbox 2048 5054 2692 5129; baseline 0.008 -19"><span class='ocrx_word' id='word_1_809' title='bbox 2048 5054 2144 5111; x_wconf 82' lang='lat' dir='ltr'><strong>filii</strong></span> <span class='ocrx_word' id='word_1_810' title='bbox 2168 5054 2500 5129; x_wconf 23' lang='lat' dir='ltr'><strong>Josize’regis</strong></span> <span class='ocrx_word' id='word_1_811' title='bbox 2523 5057 2656 5114; x_wconf 88' lang='lat' dir='ltr'><strong>Juda</strong></span> <span class='ocrx_word' id='word_1_812' title='bbox 2681 5078 2692 5115; x_wconf 90' lang='lat'><strong>:</strong></span> 
     </span>
    </p>
   </div>
   <div class='ocr_carea' id='block_1_144' title="bbox 1978 5126 3507 5253">
    <p class='ocr_par' dir='ltr' id='par_1_144' title="bbox 1978 5126 3507 5253">
     <span class='ocr_line' id='line_1_147' title="bbox 1978 5126 3507 5253; baseline 0.007 -72"><span class='ocrx_word' id='word_1_813' title='bbox 1978 5126 2181 5253; x_wconf 47' lang='lat' dir='ltr'><strong>furatum</strong></span> <span class='ocrx_word' id='word_1_814' title='bbox 2222 5138 2305 5185; x_wconf 90' lang='lat' dir='ltr'><strong>est</strong></span> <span class='ocrx_word' id='word_1_815' title='bbox 2334 5126 2560 5187; x_wconf 83' lang='lat' dir='ltr'><strong>verbum</strong></span> <span class='ocrx_word' id='word_1_816' title='bbox 2605 5135 2709 5190; x_wconf 90' lang='lat' dir='ltr'><strong>hoc</strong></span> <span class='ocrx_word' id='word_1_817' title='bbox 2737 5132 2806 5190; x_wconf 90' lang='lat' dir='ltr'><strong>ad</strong></span> <span class='ocrx_word' id='word_1_818' title='bbox 2834 5132 3127 5192; x_wconf 86' lang='lat' dir='ltr'><strong>Jeremiam</strong></span> <span class='ocrx_word' id='word_1_819' title='bbox 3177 5148 3206 5188; x_wconf 87' lang='lat' dir='ltr'><strong>a</strong></span> <span class='ocrx_word' id='word_1_820' title='bbox 3247 5132 3507 5208; x_wconf 88' lang='lat' dir='ltr'><strong>Domino,</strong></span> 
     </span>
     <span class='ocr_line' id='line_1_148' title="bbox 2088 5215 2276 5253; baseline 0 0"><span class='ocrx_word' id='word_1_821' title='bbox 2088 5215 2276 5253; x_wconf 83' lang='lat' dir='ltr'><strong>tcens:</strong></span> 
     </span>
    </p>
   </div>
   <div class='ocr_carea' id='block_1_145' title="bbox 2088 5215 2276 5256">
    <p class='ocr_par' dir='ltr' id='par_1_145' title="bbox 2088 5215 2276 5256">
     <span class='ocr_line' id='line_1_149' title="bbox 2088 5215 2276 5256; baseline 0.011 -3"><span class='ocrx_word' id='word_1_822' title='bbox 2088 5215 2276 5256; x_wconf 80' lang='lat' dir='ltr'><strong>tcens:</strong></span> 
     </span>
    </p>
   </div>
   <div class='ocr_carea' id='block_1_146' title="bbox 1912 5267 2525 5343">
    <p class='ocr_par' dir='ltr' id='par_1_146' title="bbox 1912 5267 2525 5343">
     <span class='ocr_line' id='line_1_150' title="bbox 1912 5267 2525 5343; baseline 0.005 -17"><span class='ocrx_word' id='word_1_823' title='bbox 1912 5267 2066 5326; x_wconf 85' lang='lat' dir='ltr'><strong>Tolle</strong></span> <span class='ocrx_word' id='word_1_824' title='bbox 2096 5272 2350 5328; x_wconf 87' lang='lat' dir='ltr'><strong>volumen</strong></span> <span class='ocrx_word' id='word_1_825' title='bbox 2376 5272 2525 5343; x_wconf 81' lang='lat' dir='ltr'><strong>iibri,</strong></span> 
     </span>
    </p>
   </div>
   <div class='ocr_carea' id='block_1_147' title="bbox 1979 5345 3508 5420">
    <p class='ocr_par' dir='ltr' id='par_1_147' title="bbox 1979 5345 3508 5420">
     <span class='ocr_line' id='line_1_151' title="bbox 1979 5345 3508 5420; baseline 0.004 -21"><span class='ocrx_word' id='word_1_826' title='bbox 1979 5350 2035 5399; x_wconf 89' lang='lat' dir='ltr'><strong>et</strong></span> <span class='ocrx_word' id='word_1_827' title='bbox 2054 5345 2263 5420; x_wconf 82' lang='lat' dir='ltr'><strong>scribes</strong></span> <span class='ocrx_word' id='word_1_828' title='bbox 2288 5345 2340 5398; x_wconf 93' lang='lat' dir='ltr'><strong>in</strong></span> <span class='ocrx_word' id='word_1_829' title='bbox 2367 5361 2434 5420; x_wconf 82' lang='lat' dir='ltr'><strong>eo</strong></span> <span class='ocrx_word' id='word_1_830' title='bbox 2461 5346 2643 5420; x_wconf 88' lang='lat' dir='ltr'><strong>omnia</strong></span> <span class='ocrx_word' id='word_1_831' title='bbox 2666 5347 2853 5420; x_wconf 88' lang='lat' dir='ltr'><strong>verba,</strong></span> <span class='ocrx_word' id='word_1_832' title='bbox 2878 5362 2999 5418; x_wconf 68' lang='lat' dir='ltr'><strong>quae</strong></span> <span class='ocrx_word' id='word_1_833' title='bbox 3025 5346 3237 5405; x_wconf 90' lang='lat' dir='ltr'><strong>locutus</strong></span> <span class='ocrx_word' id='word_1_834' title='bbox 3267 5363 3383 5407; x_wconf 92' lang='lat' dir='ltr'><strong>sum</strong></span> <span class='ocrx_word' id='word_1_835' title='bbox 3410 5351 3508 5407; x_wconf 89' lang='lat' dir='ltr'><strong>tibi</strong></span> 
     </span>
    </p>
   </div>
   <div class='ocr_carea' id='block_1_148' title="bbox 2050 5415 3509 5541">
    <p class='ocr_par' dir='ltr' id='par_1_148' title="bbox 2050 5415 3509 5541">
     <span class='ocr_line' id='line_1_152' title="bbox 2050 5415 3509 5541; baseline 0.007 -72"><span class='ocrx_word' id='word_1_836' title='bbox 2050 5415 2343 5541; x_wconf 53' lang='lat' dir='ltr'><strong>advelarsum</strong></span> <span class='ocrx_word' id='word_1_837' title='bbox 2372 5417 2538 5474; x_wconf 89' lang='lat' dir='ltr'><strong>Israel</strong></span> <span class='ocrx_word' id='word_1_838' title='bbox 2567 5430 2622 5474; x_wconf 92' lang='lat' dir='ltr'><strong>et</strong></span> <span class='ocrx_word' id='word_1_839' title='bbox 2649 5415 2865 5499; x_wconf 57' lang='lat' dir='ltr'><strong>Judam&#39;,</strong></span> <span class='ocrx_word' id='word_1_840' title='bbox 2895 5415 2962 5478; x_wconf 47' lang='lat' dir='ltr'><strong>&#39;et</strong></span> <span class='ocrx_word' id='word_1_841' title='bbox 2999 5420 3286 5479; x_wconf 81' lang='lat' dir='ltr'><strong>adversum</strong></span> <span class='ocrx_word' id='word_1_842' title='bbox 3317 5438 3509 5479; x_wconf 88' lang='lat' dir='ltr'><strong>onmes</strong></span> 
     </span>
     <span class='ocr_line' id='line_1_153' title="bbox 2054 5501 2274 5541; baseline 0 0"><span class='ocrx_word' id='word_1_843' title='bbox 2054 5501 2156 5541; x_wconf 71' lang='lat' dir='ltr'><strong>gen</strong></span> <span class='ocrx_word' id='word_1_844' title='bbox 2186 5504 2274 5541; x_wconf 87' lang='lat' dir='ltr'><strong>es:</strong></span> 
     </span>
    </p>
   </div>
   <div class='ocr_carea' id='block_1_149' title="bbox 2054 5501 2274 5557">
    <p class='ocr_par' dir='ltr' id='par_1_149' title="bbox 2054 5501 2274 5557">
     <span class='ocr_line' id='line_1_154' title="bbox 2054 5501 2274 5557; baseline 0.009 -16"><span class='ocrx_word' id='word_1_845' title='bbox 2054 5501 2244 5557; x_wconf 86' lang='lat' dir='ltr'><strong>gentes</strong></span> <span class='ocrx_word' id='word_1_846' title='bbox 2260 5504 2274 5553; x_wconf 94' lang='lat'><strong>;</strong></span> 
     </span>
    </p>
   </div>
   <div class='ocr_carea' id='block_1_150' title="bbox 1987 5560 2864 5632">
    <p class='ocr_par' dir='ltr' id='par_1_150' title="bbox 1987 5560 2864 5632">
     <span class='ocr_line' id='line_1_155' title="bbox 1987 5560 2864 5632; baseline 0.011 -21"><span class='ocrx_word' id='word_1_847' title='bbox 1987 5571 2015 5612; x_wconf 92' lang='lat' dir='ltr'><strong>a</strong></span> <span class='ocrx_word' id='word_1_848' title='bbox 2048 5560 2136 5632; x_wconf 78' lang='lat' dir='ltr'><strong>die</strong></span> <span class='ocrx_word' id='word_1_849' title='bbox 2167 5575 2270 5632; x_wconf 89' lang='lat' dir='ltr'><strong>qua</strong></span> <span class='ocrx_word' id='word_1_850' title='bbox 2303 5560 2513 5632; x_wconf 73' lang='lat' dir='ltr'><strong>locutus</strong></span> <span class='ocrx_word' id='word_1_851' title='bbox 2542 5578 2661 5618; x_wconf 77' lang='lat' dir='ltr'><strong>sum</strong></span> <span class='ocrx_word' id='word_1_852' title='bbox 2691 5565 2757 5620; x_wconf 88' lang='lat' dir='ltr'><strong>ad</strong></span> <span class='ocrx_word' id='word_1_853' title='bbox 2792 5574 2864 5632; x_wconf 90' lang='lat' dir='ltr'><strong>te,</strong></span> 
     </span>
    </p>
   </div>
   <div class='ocr_carea' id='block_1_151' title="bbox 1988 5629 3146 5707">
    <p class='ocr_par' dir='ltr' id='par_1_151' title="bbox 1988 5629 3146 5707">
     <span class='ocr_line' id='line_1_156' title="bbox 1988 5629 3146 5707; baseline 0.009 -22"><span class='ocrx_word' id='word_1_854' title='bbox 1988 5643 2053 5685; x_wconf 87' lang='lat' dir='ltr'><strong>ex</strong></span> <span class='ocrx_word' id='word_1_855' title='bbox 2081 5629 2274 5686; x_wconf 88' lang='lat' dir='ltr'><strong>diebus</strong></span> <span class='ocrx_word' id='word_1_856' title='bbox 2302 5630 2463 5687; x_wconf 74' lang='lat' dir='ltr'><strong>Josize</strong></span> <span class='ocrx_word' id='word_1_857' title='bbox 2495 5649 2662 5707; x_wconf 90' lang='lat' dir='ltr'><strong>usque</strong></span> <span class='ocrx_word' id='word_1_858' title='bbox 2691 5636 2757 5691; x_wconf 92' lang='lat' dir='ltr'><strong>ad</strong></span> <span class='ocrx_word' id='word_1_859' title='bbox 2787 5629 2930 5694; x_wconf 85' lang='lat' dir='ltr'><strong>diem</strong></span> <span class='ocrx_word' id='word_1_860' title='bbox 2957 5638 3098 5697; x_wconf 87' lang='lat' dir='ltr'><strong>hanc</strong></span> <span class='ocrx_word' id='word_1_861' title='bbox 3131 5657 3146 5695; x_wconf 87' lang='lat'><strong>:</strong></span> 
     </span>
    </p>
   </div>
   <div class='ocr_carea' id='block_1_152' title="bbox 1908 5755 3512 5850">
    <p class='ocr_par' dir='ltr' id='par_1_152' title="bbox 1908 5755 3512 5850">
     <span class='ocr_line' id='line_1_157' title="bbox 1908 5755 3512 5850; baseline 0.012 -30"><span class='ocrx_word' id='word_1_862' title='bbox 1908 5765 2133 5850; x_wconf 70' lang='lat' dir='ltr'><strong>prwdico</strong></span> <span class='ocrx_word' id='word_1_863' title='bbox 2153 5765 2460 5850; x_wconf 59' lang='lat' dir='ltr'><strong>liogrtqtgm.</strong></span> <span class='ocrx_word' id='word_1_864' title='bbox 2490 5768 2749 5833; x_wconf 65' lang='lat' dir='ltr'><strong>Hebraeus</strong></span> <span class='ocrx_word' id='word_1_865' title='bbox 2770 5782 2950 5837; x_wconf 88' lang='lat' dir='ltr'><strong>tamen</strong></span> <span class='ocrx_word' id='word_1_866' title='bbox 2972 5777 3133 5836; x_wconf 89' lang='lat' dir='ltr'><strong>habet</strong></span> <span class='ocrx_word' id='word_1_867' title='bbox 3148 5755 3277 5846; x_wconf 57' lang='grc' dir='ltr'><strong>ωδ,</strong></span> <span class='ocrx_word' id='word_1_868' title='bbox 3291 5773 3512 5842; x_wconf 69' lang='lat' dir='ltr'><strong>lac/ww.</strong></span> 
     </span>
    </p>
   </div>
   <div class='ocr_carea' id='block_1_153' title="bbox 1916 5838 2508 5913">
    <p class='ocr_par' dir='ltr' id='par_1_153' title="bbox 1916 5838 2508 5913">
     <span class='ocr_line' id='line_1_158' title="bbox 1916 5838 2508 5913; baseline 0.002 -15"><span class='ocrx_word' id='word_1_869' title='bbox 1916 5838 1970 5898; x_wconf 84' lang='lat' dir='ltr'><strong>id</strong></span> <span class='ocrx_word' id='word_1_870' title='bbox 1998 5847 2103 5913; x_wconf 84' lang='lat' dir='ltr'><strong>cSt,</strong></span> <span class='ocrx_word' id='word_1_871' title='bbox 2133 5840 2291 5898; x_wconf 75' lang='lat' dir='ltr'><strong>vobis.</strong></span> <span class='ocrx_word' id='word_1_872' title='bbox 2324 5840 2508 5900; x_wconf 75' lang='lat' dir='ltr'><strong>Mm.</strong></span> 
     </span>
    </p>
   </div>
  </div>
