4114 6364
549 327 670 398 903

1558 337 1617 394 S.
1661 326 2047 394 IIIERONYMI
2087 333 2316 397 DIVINA
2361 332 2833 394 BIBLIO'I‘IIECA.

3743 333 3848 398 901

546 456 605 516 Si
630 455 790 522 forte,
821 454 1078 512 audiente
1117 454 1280 510 domo
1309 451 1474 519 Iuda,
1508 451 1767 510 universa
1795 453 1935 509 mala
1959 495 1975 520 ,
2023 469 2144 526 qua:
2175 459 2217 515 A
2323 468 2493 526 porro
2519 444 3332 526 volumencommendaverunt
3367 445 3422 505 iu
3451 449 3845 525 gazophylacio

695 543 799 599 ego
823 529 1003 598 cogito
1034 526 1211 608 facere
1248 526 1348 590 eis,
1447 591 1461 608 .

617 595 928 657 revertatur
958 597 1332 668 unusquisque
1357 611 1388 651 a
1409 595 1496 652 via
1524 611 1621 649 sua
1651 595 1888 665 pessima
1927 615 1940 652 :

619 680 675 727 et
701 670 1093 741 prapitiusrero
1123 668 1416 741 iniquitati,
1443 677 1498 741 et
1519 678 1752 741 peccaro
1783 681 1998 741 eorum.

549 737 782 800 Vocavit
808 737 941 811 ergo
969 737 1234 811 Jeremias
1272 738 1484 811 Baruch
1509 737 1679 811 ﬁlium
1708 737 1882 794 Neria:
1913 757 1926 794 :

623 823 679 871 et
707 809 930 882 scripsit
959 810 1170 882 Baruch
1197 825 1266 866 ex
1286 825 1382 865 ore
1404 809 1660 882 Jeremiae
1677 851 1692 874 ,
1722 824 1912 868 omnes
1933 827 2146 870 sermo-

646 890 651 895 “
694 899 794 940 nes
815 880 1034 938 Domini
1062 896 1198 953 quos
1223 882 1439 938 locutus
1467 890 1555 938 est
1579 880 1645 936 ad
1677 897 1801 937 eum
1836 899 1852 938 :

622 955 677 1011 in
707 954 989 1010 volumine
1019 953 1144 1008 libri
1179 971 1190 1006 :

549 1027 620 1084 Et
644 1027 900 1096 praacepit
927 1024 1197 1080 Jeremias
1227 1025 1461 1090 Baruch,
1499 1021 1687 1079 dicens
1719 1041 1731 1076 :

553 1099 666 1168 Ego
696 1097 915 1152 clausus
957 1112 1099 1158 sum,

623 1163 725 1224 nec
757 1169 915 1224 valeo
945 1167 1153 1238 ingredi
1176 1167 1400 1224 domum
1433 1163 1671 1224 Domini.

551 1238 850 1311 Ingredere
883 1253 1026 1311 ergo,
1045 1249 1123 1305 tu,

622 1305 679 1367 ἐι
706 1311 827 1380 lege
857 1311 926 1367 de
947 1305 1238 1376 volumine,
1266 1309 1322 1366 in
1352 1323 1462 1381 quo
1490 1305 1758 1380 scripsisti
1781 1321 1848 1364 ex
1873 1321 1971 1364 ore
1996 1321 2143 1376 meo,

695 1384 859 1438 verba
893 1381 1129 1448 Domini,

622 1452 883 1510 audiente
907 1453 1104 1521 populo
1136 1453 1192 1508 in
1221 1451 1384 1508 domo
1411 1449 1623 1506 Domini
1648 1493 1664 1518 ,
1695 1450 1748 1506 in
1779 1449 1869 1507 die
1892 1449 2087 1520 jejunii
2127 1468 2142 1504 ;

550 1527 782 1596 Insuper
805 1533 862 1582 et
885 1523 1138 1580 audiente
1167 1524 1425 1596 universo
1452 1522 1614 1596 Juda,

693 1594 787 1666 qui
815 1595 1040 1653 veniunt
1067 1597 1137 1653 de
1165 1595 1474 1652 civitatibus
1506 1594 1643 1661 suis,

695 1668 843 1740 leges
881 1669 964 1740 eis
999 1685 1014 1723 :

549 1739 607 1799 Si
634 1735 775 1796 forte
797 1738 956 1794 cadat
977 1740 1152 1795 oratio
1174 1752 1364 1794 eorum
1398 1737 1452 1792 in
1487 1743 1787 1803 conspectu
1816 1735 2071 1803 Domini,

625 1821 682 1868 et
707 1819 1018 1867 revertatur
1048 1808 1414 1879 unusquisque
1433 1823 1475 1879 ra
1505 1808 1715 1879 viasua
1755 1807 1995 1878 pessima
2022 1823 2037 1861 :

553 1882 820 1954 Quoniam
844 1897 1070 1951 magnus
1100 1878 1252 1954 fu_r0r
1271 1889 1327 1954 et
1352 1878 1673 1954 indignatio,

625 1969 788 2024 quam
803 1948 1018 2024 locutus
1040 1961 1120 2024 est
1136 1951 1398 2024 Dominus
1423 1949 1686 2024 adversus
1702 1948 1960 2024 populum
1978 1948 2143 2004 hunc.

552 2026 622 2083 Et
643 2021 778 2081 iecit
803 2023 1017 2079 Baruch
1042 2023 1185 2078 ﬁlius
1207 2021 1404 2091 Nerize,
1425 2021 1578 2092 juxta
1607 2021 1813 2091 omnia,
1847 2037 1968 2090 quae
2000 2035 2143 2092 prae-

697 2105 921 2166 ceperat
948 2096 997 2150 ei
1028 2093 1297 2150 Jeremias
1326 2091 1617 2164 propheta,

624 2161 812 2237 legens
868 2181 936 2222 ex
981 2166 1265 2222 volumine
1312 2161 1595 2220 sermones
1627 2163 1845 2219 Domini
1895 2163 1950 2218 iu
1979 2161 2144 2218 domo

697 2237 932 2294 Domini.

554 2311 786 2369 Factum
817 2319 900 2364 est
925 2316 1107 2364 autem
1134 2307 1189 2362 in
1220 2321 1363 2362 anno
1390 2305 1580 2377 quinto
1607 2305 1815 2362 Joacim
1851 2304 1950 2361 ﬁlii
1978 2302 2147 2362 Josia:

697 2383 839 2449 regis
864 2379 1000 2436 Juda
1019 2421 1035 2446 ,
1069 2379 1123 2433 in
1147 2393 1334 2434 mense
1357 2393 1504 2449 nono

625 2445 1064 2526 praedicaverunt
1103 2449 1368 2526 jejunium
1393 2520 1407 2526 _
1442 2447 1499 2504 in
1565 2455 1864 2519 conspectu
1929 2445 2146 2503 Domini

700 2523 848 2579 omni
877 2521 1082 2594 populo
1106 2519 1164 2594 in
1193 2519 1526 2594 Jerusalem,

626 2605 684 2653 et
707 2587 982 2651 universae
1010 2591 1369 2662 multitudini,
1396 2607 1519 2662 qua:
1546 2590 1888 2648 conﬂuxerat
1909 2589 1979 2646 de
2015 2587 2149 2644 civi-

700 2666 902 2723 tatibus
921 2663 1058 2720 .luda
1085 2663 1141 2718 in
1160 2661 1487 2719 Jerusalem.

564 2739 830 2812 Legitque
850 2734 1067 2812 Baruch
1086 2750 1161 2812 rex
1182 2735 1458 2791 volumine
1493 2748 1780 2792 sermones
1807 2731 2062 2790 Ieremia:
2094 2731 2148 2788 in

694 2805 857 2865 domo
887 2805 1098 2863 Domini
1119 2849 1136 2875 ,

629 2883 684 2938 in
711 2878 1104 2952 gazophylacio
1133 2877 1402 2952 Gamaria:
1421 2877 1527 2952 Aﬁlii
1552 2875 1771 2952 S_aphan
1802 2876 1998 2932 scriba:
2021 2919 2036 2943 ,

628 2954 686 3011 in
714 2945 988 3008 vestibulo
1017 2949 1307 3019 superiori,
1335 2950 1390 3004 in
1417 2945 1648 3006 introitu
1671 2957 1843 3020 portae
1865 2962 2020 3004 nova:
2048 2945 2148 3003 do-

703 3037 823 3079 mus
844 3021 1082 3086 Domini,

623 3095 878 3152 audiente
907 3089 1303 3174 omnipopulo.
1408 3161 1477 3174 ,η
1599 3160 1635 3174 η
1798 3161 1808 3172 ,
1915 3159 2004 3174 ην,

560 3168 808 3239 Cumque
835 3158 1355 3220 audisset'Micbatas
1397 3161 1548 3239 ﬁlius
1594 3160 1862 3239 _Gam_ariae
1911 3159 2006 3215 ﬁlii
2049 3158 2149 3216 Sa-

695 3233 1058 3309 p'hanuomnes
1086 3249 1368 3309 sermones
1397 3233 1608 3309 Domini
1634 3234 1864 3309 ex_lib_ro
1893 3250 1909 3286 :

621 3300 907 3368 descendit
925 3309 978 3362 in
992 3306 1212 3361 domum
1226 3305 1370 3376 regis
1385 3305 1452 3360 ad
1465 3304 1913 3376 galephylacium
1925 3300 2142 3360 scribae:

554 3384 622 3440 Et
643 3397 770 3439 ecce
795 3380 870 3436 ibi
899 3391 1089 3447 omnes
1118 3377 1392 3450 principes
1411 3377 1711 3434 sedebant:

555 3455 793 3512 Elisama
818 3451 1017 3517 scriba,

624 3537 681 3583 et
713 3523 922 3580 Dalaias
951 3521 1096 3576 ﬁlius
1127 3518 1358 3578 Semeia:
1380 3561 1396 3584 ,

629 3608 688 3654 et
707 3592 978 3651 Eluathan
1009 3591 1154 3647 ﬁlius
1176 3589 1451 3658 Achobor,

626 3679 683 3726 et
709 3665 992 3724 Gamarias
1023 3662 1166 3718 ﬁlius
1191 3663 1434 3732 Saphan,

623 3751 678 3795 et
708 3736 966 3796 Sedecias
998 3735 1140 3789 ﬁlius
1169 3735 1393 3790 Ananiae
1415 3773 1432 3800 ,

629 3820 686 3867 et
712 3805 949 3888 universi
986 3805 1280 3888 principes.

555 3882 631 3942 Et
657 3879 929 3937 nuntiavit
955 3873 1035 3934 eis
1059 3873 1310 3932 Michzeas
1333 3874 1516 3929 omnia
1543 3873 1709 3931 verba
1734 3914 1752 3942 ,

626 3967 751 4075 qui?
774 3949 1242 4075 audivitl,‘legente
1274 3945 1490 4002 Baruch
1518 3961 1585 4002 ex
1615 3944 1891 4002 volumine
1922 3943 1977 4001 in
2007 3941 2152 3999 auri-

745 4037 806 4075 us
827 4037 973 4075 nono
1000 4036 1038 4074 I.

703 4022 806 4080 bus
827 4019 1038 4080 nonali.

561 4037 1038 4162 Miseiiiiii‘iiigi'é
1056 4104 1248 4146 omnes
1270 4086 1542 4162 principes
1570 4087 1638 4162 ad
1667 4087 1902 4162 Baruclr,

626 4166 752 4226 Judi
775 4158 1285 4230 ﬁlium'Nathatiim,‘
1306 4161 1403 4218 ﬁlii
1432 4161 1705 4230 Selemiac,
1730 4159 1824 4214 ﬁlii
1849 4159 2037 4230 Chusi,
2061 4158 2148 4217 di-

703 4245 889 4294 centes
921 4255 935 4289 τ

564 4311 850 4386 Volumen,
879 4323 945 4364 ex
971 4320 1078 4378 quo
1105 4303 1303 4386 legisti,
1335 4303 1590 4386 audiente
1611 4301 1830 4375 populo,

627 4397 782 4438 sume
809 4381 864 4435 in
892 4393 1052 4434 manu
1077 4389 1190 4438 tua.
1214 4383 1273 4431 et
1292 4381 1438 4430 veni.

558 4453 705 4511 Tulit
726 4466 856 4522 ergo
877 4447 1088 4522 Baruch
1110 4446 1255 4503 ﬁlius
1276 4445 1455 4503 Neria:
1477 4445 1729 4504 volumen
1753 4444 1994 4505 inmanu
2023 4459 2144 4514 sua,

627 4537 684 4582 et
710 4521 858 4580 venit
881 4521 946 4576 ad
977 4535 1092 4576 eos.

566 4596 635 4654 Et
661 4596 921 4653 dixerunt
953 4591 1019 4648 ad
1041 4604 1162 4647 eum
1192 4605 1208 4644 :

555 4699 567 4739 i
627 4667 791 4742 Sede,
853 4674 866 4742 ξ
1000 4733 1014 4742 .
1187 4731 1220 4742 ..
1457 4730 1520 4742 -.

630 4750 683 4796 et
711 4731 832 4810 lege
853 4733 1061 4810 hmcrin
1084 4731 1308 4810 auribus
1347 4731 1575 4788 nostris.

561 4809 631 4867 Et
652 4803 1021 4880 legit'Baruch
1051 4805 1103 4861 in
1143 4803 1366 4880 auribus
1393 4818 1608 4880 eorum.

563 4873 733 4957 Igitur
752 4896 874 4936 cum
901 4878 1182 4934 audissent
1207 4876 1388 4957 omnia
1417 4873 1608 4957 verba,
1695 4943 1708 4957 ο

555 4946 1031 5024 ,ὀὴειιψιιθηιηι
1055 4946 1426 5024 un_usqui_sque
1453 4947 1519 5002 ad
1554 4946 1860 5017 proximum
1891 4957 2072 5012 suum,

635 5035 690 5080 et
719 5015 974 5079 dixerunt
1004 5019 1070 5076 ad
1111 5015 1364 5074 Baruch':
1556 5015 1569 5017 ⁷
1851 5041 1853 5043 ι

555 5095 814 5152 Nuntiare
834 5095 1095 5150 debemus
1120 5089 1232 5160 regi
1253 5103 1447 5160 omnes
1475 5099 1760 5144 sermones
1779 5087 1941 5144 istos.

556 5168 626 5224 Et
647 5169 1118 5235 interrogaverunt
1143 5159 1264 5235 eum
1295 5159 1541 5235 dicentes
1557 5177 1582 5235 _:

561 5239 740 5295 Indica
785 5229 944 5291 nobis
973 5232 1248 5307 quomodo
1302 5229 1574 5302 scripsisti
1621 5243 1812 5287 omnes
1863 5241 2149 5286 sermones

695 5310 838 5364 istos
857 5323 922 5364 ex
951 5305 1048 5362 ore
1075 5305 1214 5375 ejus.

564 5382 707 5439 Dixit
738 5390 918 5436 autem
947 5379 1025 5435 eis
1049 5373 1298 5432 Baruch:

631 5453 713 5509 Ex
735 5468 831 5508 ore
860 5466 958 5506 suo
988 5446 1310 5517 loquebatur
1348 5445 1504 5517 quasi
1533 5444 1721 5516 legens
1741 5443 1810 5501 ad
1841 5458 1930 5500 me
1959 5456 2150 5500 omnes

701 5536 985 5581 sermones
1025 5520 1158 5574 istos
1189 5535 1202 5571 :

633 5605 688 5652 et
708 5610 809 5666 ego
830 5591 1130 5666 scribebam
1166 5590 1219 5644 in
1242 5587 1518 5666 volumine
1545 5596 1850 5644 atramento
1881 5600 1898 5642 :

565 5669 637 5727 Et
662 5659 913 5722 dix'erunt
939 5661 1208 5732 principes
1234 5659 1301 5716 ad
1328 5659 1536 5732 Baruch
1564 5676 1577 5714 :

631 5738 803 5802 Vade.
835 5748 890 5791 et
915 5731 1251 5790 abscondere
1275 5741 1333 5788 tu
1359 5739 1416 5788 et
1451 5731 1754 5798 Ieremias,

632 5820 688 5867 et
710 5821 871 5865 nemo
901 5808 1036 5862 sciat
1063 5805 1155 5860 ubi
1185 5804 1322 5860 sitis.

563 5882 631 5945 Et
663 5879 894 5957 ingressi
926 5887 1050 5938 sunt
1075 5877 1141 5935 ad
1166 5889 1349 5950 regem
1383 5875 1439 5934 in
1470 5873 1664 5933 atrium
1698 5890 1709 5928 :

2393 526 2646 581 Elisama:
2673 522 2867 578 scriba
2900 539 2914 575 :
3075 585 3078 588 ,

2319 606 2374 652 et
2400 597 2811 659 nuntiaverunt,
2839 591 3097 649 audiente
3126 608 3276 664 rege,
3308 607 3500 651 omnes
3533 609 3840 653 sermones.

2246 668 2626 739 Misitquerex
2647 664 2795 739 ludi,
2831 675 2889 739 ut
2910 665 3432 739 sumeret‘volumen
3465 683 3482 720 :

2315 735 2638 810 qui'tollens
2661 736 2792 790 illud
2817 735 2886 792 de
2903 736 3298 810 gazophylacio
3327 737 3589 810 Elisamae
3618 739 3842 804 scribat.

2317 805 2748 882 legit,audien_te
2768 823 2914 876 rege,
2939 819 2996 864 et
3020 805 3292 864 universis
3319 809 3653 882 principibus
3673 853 3691 880 ,
3740 812 3836 882 qui

2390 878 2612 937 Stabant
2648 878 2790 933 circa
2828 893 3034 948 regem.

2250 953 2366 1010 Rex
2391 963 2574 1006 autem
2597 949 2822 1005 sedebat
2842 949 2894 1005 in
2919 950 3082 1005 domo
3108 949 3346 1022 hyemali
3371 952 3424 1005 in
3452 966 3643 1007 mense
3665 966 3845 1009 nono:

2321 1031 2378 1078 et
2411 1022 2584 1091 posita
2616 1029 2735 1094 erat
2759 1035 2942 1094 coram
2973 1037 3039 1076 eo
3069 1022 3241 1094 arula,
3268 1022 3425 1091 plena
3454 1026 3663 1094 prunis.

2247 1095 2496 1164 Cumque
2526 1091 2896 1165 legissetdudi
2931 1103 3040 1148 tres
3075 1093 3314 1164 pagellas
3347 1094 3434 1150 vel
3454 1091 3715 1165 quatuor,

2319 1163 2482 1221 scidit
2510 1164 2641 1219 illud
2672 1163 2934 1232 scalpello
2955 1163 3176 1231 scribae,

2320 1246 2377 1292 et
2400 1235 2635 1306 projecit
2661 1235 2718 1289 in
2748 1233 2951 1304 ignem,
2984 1237 3075 1307 qui
3105 1243 3227 1292 erat
3266 1250 3432 1304 super
3456 1236 3690 1300 arulam,
3743 1237 3846 1290 do-

2397 1322 2505 1391 nec
2533 1315 2948 1432 colnsumeretur
2969 1323 3129 1364 omne
3151 1308 3404 1362 volumen
3431 1309 3574 1379 igni,
3603 1309 3698 1380 qui
3730 1317 3852 1364 erat

2397 1395 2450 1432 m
2488 1393 2584 1432 aru
2607 1393 2660 1432 a.

2396 1395 2450 1434 In
2488 1393 2660 1434 arula.

2249 1451 2318 1510 Et
2351 1466 2459 1508 non
2492 1450 2813 1515 timuerunt,
2845 1465 3022 1521 neque
3052 1450 3333 1508 sciderunt
3359 1451 3690 1508 vestimenta
3720 1465 3844 1521 sua,

2391 1537 2487 1578 rex
2514 1529 2568 1576 et
2591 1536 2780 1578 omnes
2808 1520 2951 1576 servi
2970 1521 3086 1592 ejus
3115 1540 3129 1577 :

2320 1595 2414 1665 qui
2456 1592 2748 1665 audierunt
2786 1594 3076 1665 universos
3131 1608 3418 1651 sermones
3472 1595 3632 1650 istos.

2250 1664 2643 1722 Verumtamen
2677 1664 2945 1720 Elnathan
2971 1705 2987 1727 ,
3025 1673 3081 1720 ct
3118 1665 3338 1720 Dalaias
3362 1708 3378 1733 ,
3414 1675 3470 1720 et
3520 1664 3808 1722 Gamarias
3831 1705 3849 1732 ,

2393 1734 2855 1806 contradixerunt
2883 1735 3022 1806 regi,
3055 1751 3124 1793 ne
3163 1736 3516 1793 combureret
3556 1736 3766 1794 librum
3799 1752 3816 1793 :

2240 1831 2245 1836 τ
2319 1816 2376 1864 et
2397 1821 2504 1862 non
2531 1805 2737 1863 audivit
2755 1821 2870 1864 eos.

2171 1853 2221 1914 Β
2249 1853 2737 1949 Ειῖιῖξὲἐὲῇἵιῖέςξ
2755 1853 3012 1934 Ῑὲἱὲωῑει
3041 1876 3157 1934 ﬁlio
3179 1877 3502 1937 Ammelech
3521 1919 3540 1948 ,

2320 1947 2375 2006 et
2397 1947 2601 2004 Saraize
2624 1948 2736 2003 ﬁlio
2767 1948 2948 2004 Ezriel
2966 1992 2982 2017 ,

2320 2031 2382 2077 et
2401 2019 2654 2077 Sclemite
2685 2020 2796 2076 ﬁlio
2818 2019 3020 2077 Abdeel
3042 2061 3058 2088 ,

2321 2101 2380 2148 ut
2404 2091 2930 2164 comprehenderent
2951 2092 3162 2148 Baruch
3184 2091 3452 2164 scribam,
3473 2100 3531 2151 et
3548 2091 3847 2150 Jeremiam

2393 2170 2714 2232 prophetam
2742 2180 2756 2218 :

2393 2179 2714 2234 prophetam
2742 2180 2756 2218 :

2250 2234 2546 2290 Ahseondit
2573 2243 2754 2289 autem
2786 2249 2882 2291 eos
2909 2233 3196 2292 Dominus.

2247 2304 2317 2363 Et
2339 2306 2542 2380 factum
2567 2316 2654 2360 est
2679 2305 2902 2380 verbum
2934 2308 3148 2364 Domini
3178 2305 3245 2362 ad
3266 2307 3557 2363 Jeremiam
3587 2306 3696 2380 [Αι.
3719 2307 3850 2380 add.

2392 2375 2758 2448 prophetam],
2810 2388 3093 2450 postquam
3135 2380 3516 2436 combusserat
3559 2375 3660 2435 réx
3691 2377 3851 2434 volu-

2394 2464 2541 2517 men,

2319 2528 2375 2576 et
2403 2535 2684 2592 sermones
2713 2534 2855 2591 quos
2891 2519 3186 2592 scripserat
3215 2519 3427 2577 Baruch
3464 2536 3531 2578 ex
3563 2535 3659 2578 ore
3692 2519 3846 2577 Jere-

2394 2591 2540 2657 mite,
2569 2591 2755 2647 dicens
2787 2609 2800 2646 :

2249 2661 2487 2719 Rursum
2523 2663 2652 2718 tolle
2680 2663 2934 2720 volumen
2963 2661 3109 2720 aliud
3136 2679 3150 2716 :

2322 2742 2377 2788 et
2398 2732 2583 2806 scribe
2615 2735 2666 2788 in
2695 2749 2761 2790 eo
2783 2748 2974 2790 omnes
3005 2749 3284 2806 sermones
3311 2735 3542 2806 priores,
3573 2734 3667 2806 qui
3698 2744 3858 2790 erant

2393 2805 2448 2932 iJn
2471 2805 2747 2930 Eolumine
2777 2806 2972 2877 primo,
2997 2805 3143 2878 quod
3173 2807 3478 2865 combussit
3515 2805 3724 2864 Joacim
3754 2822 3853 2864 rex

2433 2891 2466 2931 u
2507 2892 2560 2931 a.

2433 2891 2560 2931 uua.

2322 2945 2392 3002 Et
2415 2946 2714 3020 agdrloacim
2743 2964 2929 3020 regem
2960 2947 3100 3006 Iuda
3128 2947 3275 3006 dices
3301 2966 3316 3005 :

2250 3016 2378 3073 Haec
2403 3017 2534 3073 dicit
2559 3016 2856 3075 Dominus‘:

2249 3087 2333 3144 Tu
2354 3089 2700 3146 combussiSti
2731 3091 2985 3148 volumen
3018 3091 3173 3158 illud,
3203 3092 3392 3148 dicens
3420 3109 3435 3149 :

2322 3159 2500 3230 Quare
2526 3162 2791 3231 scripsisti
2817 3163 2870 3218 in
2898 3179 2964 3218 eo
2989 3165 3356 3220 annuntians:

2169 3241 2216 3306 (ι
2247 3231 2502 3307 Festinus
2551 3233 2729 3290 veniet
2769 3250 2864 3290 rex
2897 3233 3188 3307 Babylonis
3213 3277 3228 3304 ,
3275 3245 3333 3292 et
3372 3236 3604 3294 vastabit
3652 3246 3855 3294 terram

2397 3305 2556 3371 hanc,

2321 3385 2378 3434 et
2406 3391 2624 3450 cessare
2655 3375 2925 3450 facieteg
2947 3377 3048 3450 illa
3069 3378 3345 3434 hominem
3370 3419 3386 3444 ,
3421 3390 3475 3450 et
3500 3379 3856 3450 jumentum?

2248 3447 2548 3575 Propreriea
2594 3448 2710 3504 haec
2738 3447 2870 3504 dicit
2900 3447 3158 3506 Dominus
3188 3461 3378 3506 contra
3418 3447 3625 3507 Joacim
3669 3466 3854 3522 regem

2427 3535 2458 3573 ιι
2499 3534 2530 3572 a
2565 3536 2578 3574 :

2427 3534 2530 3573 uua
2565 3536 2578 3574 ζ

2249 3587 2368 3647 Non
2400 3590 2505 3661 erit
2531 3606 2599 3645 ex
2629 3604 2694 3646 eo
2723 3591 2816 3661 qui
2845 3591 3032 3648 sedeat
3060 3607 3226 3661 super
3253 3591 3449 3648 solium
3476 3593 3647 3651 David
3673 3611 3685 3649 :

2326 3671 2381 3718 et
2407 3659 2639 3735 cadaver
2664 3659 2784 3731 ejus
2807 3659 3216 3734 projicietur'ad
3243 3672 3434 3720 aestum
3464 3679 3562 3735 per
3588 3666 3762 3735 diem,

2321 3743 2377 3788 et
2403 3730 2469 3786 ad
2500 3732 2623 3802 gelu
2653 3730 2746 3801 per
2777 3730 3016 3791 noctem.

2251 3805 2322 3861 Et
2341 3803 2568 3860 visitabo
2592 3811 2780 3860 contra
2813 3821 2963 3878 eum,
2993 3816 3047 3878 et
3076 3813 3265 3878 contra
3286 3821 3474 3864 semen
3494 3807 3637 3878 ejus,

2323 3888 2377 3932 et
2406 3884 2593 3948 contra
2623 3890 2811 3930 servos
2842 3876 2984 3948 ejus,
3018 3877 3333 3947 iniquitates
3360 3876 3536 3933 suas.'
3609 3930 3614 3936 .

2252 3947 2319 4004 Et
2351 3945 2616 4002 adducam
2644 3960 2808 4016 super
2835 3945 2950 4010 eos,
2981 3959 3036 4004 et
3067 3945 3230 4017 super
3261 3948 3594 4008 habitatores
3630 3951 3856 4009 Jerusa-

2399 4019 2531 4084 lem,
2566 4028 2620 4073 et
2648 4033 2812 4088 super
2836 4020 2986 4075 viros
3015 4018 3174 4088 Juda,

2325 4105 2485 4146 omne
2513 4088 2738 4162 malum,
2769 4090 2912 4159 quod
2941 4091 3151 4148 locutus
3177 4107 3299 4148 sum
3327 4090 3396 4148 ad
3421 4108 3538 4162 eos,

2324 4169 2508 4216 etnon
2536 4158 2848 4216 audierunt.

2250 4233 2516 4290 Jeremias
2545 4241 2725 4302 autem
2750 4233 2869 4288 tulit
2896 4233 3151 4290 volumen
3180 4233 3352 4302 aliud,

2323 4315 2378 4360 et
2403 4302 2554 4357 dedit
2584 4301 2717 4358 illud
2748 4304 2958 4360 Baruch
2988 4304 3098 4359 ﬁlio
3120 4305 3295 4361 Neria:
3316 4301 3513 4362 scriba).
3540 4325 3552 4362 :

2251 4375 2342 4446 qui
2388 4373 2608 4446 scripsit
2644 4374 2698 4428 in
2726 4390 2793 4431 eo
2829 4392 2896 4432 ex
2927 4393 3022 4432 ore
3049 4376 3299 4432 Ieremia:
3334 4393 3526 4434 omnes
3572 4393 3857 4438 sermones

2396 4445 2558 4512 libri,
2589 4460 2757 4523 quem
2778 4448 3148 4504 combusserat
3176 4446 3382 4523 Joacirn
3416 4466 3508 4523 rex
3537 4449 3672 4508 Juda
3702 4452 3812 4523 igni
3838 4471 3853 4508 :

2251 4516 2319 4573 Et
2341 4515 2564 4587 insuper
2591 4515 2758 4592 additi
2783 4527 2911 4573 sunt
2931 4533 3211 4576 sermones
3237 4519 3411 4576 multo
3442 4521 3647 4592 plures,

2326 4603 2484 4657 quam
2511 4597 2670 4642 antea
2701 4589 2934 4645 fuerant.

2174 4629 2230 4694 D
2255 4629 3212 4742 [Cgplrrex
3239 4661 3496 4720 Sedecias
3520 4663 3661 4723 ﬁlius
3686 4665 3857 4724 .Iosia:

2401 4746 2500 4802 pro
2528 4729 2788 4786 Jechonia
2823 4729 2934 4788 ﬁlio
2957 4731 3166 4790 Joacim
3195 4753 3210 4789 :

2323 4801 2791 4882 quemconstituit
2817 4819 2999 4882 regem
3029 4803 3536 4864 Nabuchodonosor
3562 4823 3659 4866 rex
3678 4809 3856 4882 Baby-

2397 4873 2540 4928 lonis
2569 4873 2620 4926 in
2656 4883 2796 4929 terra
2823 4873 2984 4931 Iuda.

2252 4942 2322 4999 Et
2351 4958 2460 4999 non
2481 4944 2726 5023 obed_ivit
2745 4944 2886 5023 ipse,
2912 4956 2968 5003 et
2991 4947 3136 5005 servi
3158 4947 3300 5019 ejus,
3326 4957 3382 5007 et
3411 4949 3645 5022 pepulus
3669 4963 3852 5023 terra‘,

2396 5015 2576 5070 verbis
2606 5015 2840 5083 Domini,

2250 5085 2386 5162 Quae
2407 5085 2627 5162 locutus
2645 5087 3002 5162 est_in_manu
3032 5088 3288 5162 Jeremiae
3317 5091 3620 5162 prophetae.

2252 5157 2321 5212 Et
2349 5159 2496 5233 mi_sit
2518 5157 2905 5233 _rex_Sede_ei_as
2931 5160 3120 5233 Juchal
3146 5157 3625 5233 ﬁlium'Selemiae,

2323 5226 2738 5304 et_S_nphoniam
2769 5230 2939 5286 ﬁlium
2969 5231 3188 5304 Maasiae
3209 5233 3574 5304 sacerdotem,

2323 5299 2392 5354 ad
2417 5299 2715 5372 Ieremiam
2740 5305 3082 5372 prOphetam,
3107 5302 3298 5360 dicens
3322 5322 3337 5358 :

2251 5370 2360 5428 Ora
2390 5385 2490 5441 pro
2512 5371 2670 5427 nobis
2695 5370 2980 5430 Dominum
3006 5375 3174 5430 Deum
3196 5385 3464 5433 nostrum.

2325 5443 2596 5520 Jerentias
2616 5452 2796 5520 autem
2826 5446 2996 5502 libere
3017 5446 3329 5520 ambulabat
3351 5450 3404 5520 in
3425 5447 3606 5505 medio
3631 5450 3855 5520 populi:

2327 5530 2433 5570 non
2467 5515 2610 5568 enim
2643 5515 2905 5572 miserant
2931 5533 3054 5572 eum
3077 5517 3128 5572 in
3159 5519 3461 5575 custodiam
3488 5515 3749 5576 carceris.

2254 5585 2423 5657 Igitur
2454 5589 2726 5664 exercitus
2748 5586 3056 5664 “Pharaonis
3083 5605 3338 5664 egressus
3364 5600 3448 5646 cst
3472 5591 3546 5664 de
3570 5591 3809 5664 Egypto
3840 5610 3855 5648 :

2326 5657 2707 5732 et_audientes
2740 5658 3003 5732 Chaldaei,
3036 5657 3135 5731 qui
3157 5661 3484 5719 obsidebant
3521 5657 3854 5732 Jerusalem,

2398 5727 2773 5799 hujuscemodi
2806 5727 3077 5796 nuntium}

2327 5811 2686 5857 recesserunt
2715 5801 2782 5856 ab
2810 5801 3134 5858 Jerusalem.

2256 5871 2324 5930 Et
2352 5871 2555 5931 factum
2581 5882 2664 5932 est
2686 5873 2912 5933 verbum
2943 5873 3157 5935 Domini
3184 5874 3250 5934 ad
3274 5875 3570 5938 Jeremiam
3611 5877 3854 5951 prophe-
