3994 6342
250 332 349 392 905

380 459 505 517 tam,
535 451 717 506 dicens
744 467 761 506 :

247 521 363 577 Haec
393 522 513 575 dicit
541 522 801 578 Dominus
828 522 966 577 Deus
998 520 1161 577 Israel
1194 539 1207 576 :

246 594 328 648 Sic
356 593 541 649 dicetis
567 595 675 665 regi
707 594 865 661 Juda,

309 668 395 734 qui
420 668 558 719 misit
586 684 680 721 vos
708 669 772 720 ad
806 683 891 722 me
920 666 1362 737 interrogandum
1389 686 1402 721 :

246 736 376 791 Ecce
404 738 672 861 exelrcitus
698 739 1021 804 Pharaonis,
1052 736 1430 809 quiiegressus
1460 751 1545 797 est
1576 741 1730 797 vobis
1761 741 1813 797 in

374 823 490 861 anxi
520 825 646 861 tum.
966 844 972 851 -

374 823 646 871 auxutum.
966 844 972 851 ·

307 888 601 953 revertetur
630 883 683 936 in
714 891 912 938 terram
940 897 1092 937 suam
1126 882 1179 937 in
1206 881 1523 953 Egyptnm.

243 951 527 1076 Etre‘dient
572 952 832 1022 Cbaldazi,
873 964 929 1009 et
978 955 1260 1009 bellabunt
1288 951 1490 1010 contra
1540 958 1813 1012 civitatem

391 1038 527 1076 iane.

391 1038 527 1087 tanc,

305 1105 355 1148 ct
375 1096 597 1178 capient
621 1112 767 1167 eam,
798 1107 852 1155 et
882 1098 1169 1155 incendent
1201 1098 1305 1168 ιΑι.
1348 1099 1643 1155 succedent
1671 1098 1813 1167 eaml

374 1181 496 1233 tgnt.

241 1234 355 1291 Iltec
384 1239 506 1293 dicit
528 1240 793 1297 Dominus
828 1262 841 1295 :

242 1306 405 1363 Nolite
432 1312 689 1381 decipere
718 1315 930 1370 animas
957 1324 1191 1381 vestras,
1224 1314 1471 1369 dicentes
1500 1332 1512 1367 :

306 1382 496 1437 Euntes
520 1385 767 1451 abibunt,
795 1396 850 1443 et
870 1387 1125 1443 recedent
1154 1404 1181 1441 a
1212 1387 1369 1441 nobis
1395 1386 1671 1451 Chaldaei;

302 1454 416 1521 quia
448 1470 553 1509 non
582 1457 812 1512 abibunt
843 1476 858 1515 :

242 1522 334 1577 Sed
368 1533 420 1579 et
455 1528 499 1580 si
528 1533 910 1598 percusseritis
939 1546 1158 1586 omnem
1191 1530 1488 1584 exercitum
1532 1528 1817 1585 Cltaldmo-

374 1613 514 1671 rum,
545 1606 639 1669 qui
672 1603 990 1671 proeliantur
1020 1605 1311 1658 adversum
1341 1617 1460 1667 vos,

281 1675 351 1749 ,ει
368 1670 540 1749 relicti
572 1670 796 1749 fuerint,
829 1691 895 1728 ex
922 1676 999 1730 eis
1029 1676 1190 1745 aliqui
1218 1675 1481 1729 vulnerati
1513 1692 1526 1727 :

244 1738 437 1817 Singuli
466 1743 532 1796 de
550 1747 803 1817 tentorio
831 1761 929 1801 suo
959 1738 1311 1817 consurgent,

297 1824 347 1865 et
372 1812 663 1870 incendent
691 1818 963 1873 civitatem
995 1822 1133 1872 banc
1163 1812 1291 1881 igni.

238 1880 360 1952 Ergo
383 1900 504 1939 cum
531 1890 853 1944 recessisset
872 1894 1145 1944 exercitus
1166 1866 1543 1943 (Ebaldteorum
1566 1889 1634 1943 ab
1657 1888 1816 1943 Jeru-
1850 1866 1897 1926 Β

359 1958 524 2011 salem
556 1972 787 2029 propter
807 1963 1105 2017 exercitum
1140 1960 1465 2025 Pharaonis,

285 2040 533 2097 egressus
576 2042 657 2085 est
681 2032 946 2088 Jeremias
971 2034 1040 2088 de
1065 2031 1392 2097 Jerusnletn,
1417 2041 1476 2086 ut
1504 2034 1601 2088 iret
1629 2031 1683 2086 in
1716 2040 1823 2086 ter-

355 2116 469 2173 ram
502 2103 823 2173 Beniamin,

292 2180 343 2225 et
358 2172 668 2229 dividerent
690 2178 761 2229 ibi
783 2179 1182 2245 possessionem
1207 2181 1258 2230 in
1278 2186 1573 2247 conspectu
1593 2176 1817 2231 civium.

227 2241 459 2313 Cumque
491 2241 833 2317 pervenisset
858 2250 923 2303 ad
954 2249 1173 2304 Portam
1209 2252 1261 2303 in
1294 2241 1597 2318 Beniamin,

290 2328 402 2370 erat
439 2319 512 2373 ibi
565 2330 750 2375 custos
796 2332 966 2389 portae
994 2335 1090 2389 per
1117 2322 1283 2385 vices,
1339 2326 1556 2375 nomine
1604 2320 1816 2386 Jerias,

359 2389 501 2445 ﬁlius
526 2390 786 2446 Selemite
818 2392 913 2445 ﬁlii
948 2395 1191 2459 Ananim,

292 2468 355 2535 et
370 2462 737 2535 apprehendit
759 2462 1051 2517 Jeremiam
1086 2464 1429 2535 prephetam,
1458 2464 1647 2520 dicens
1672 2482 1685 2518 :

226 2527 305 2604 Ad
328 2527 703 2590 Citaidreortim
735 2536 999 2604 profugis.

228 2603 598 2675 [sitirespondit
625 2603 894 2662 Jeremias
926 2624 941 2662 :

228 2671 436 2730 Falsum
472 2688 577 2741 est,

296 2761 399 2802 non
431 2750 580 2820 fugio
610 2750 679 2806 ad
711 2749 1018 2807 Chaldaeos.

228 2815 292 2870 Et
318 2832 423 2873 nun
451 2815 659 2877 audivit
688 2839 809 2877 eum
837 2841 850 2876 :

291 2892 386 2947 sed
408 2896 827 2963 comprehendit
851 2896 1024 2951 Jerias
1054 2894 1366 2962 Jeremiam,

292 2976 347 3017 et
374 2964 601 3020 adduxit
628 2982 749 3021 eum
784 2969 849 3022 ad
880 2967 1173 3037 principes.

223 3032 392 3102 Quam
419 3037 491 3090 ob
522 3054 632 3092 rem
664 3038 786 3092 irati
819 3032 1092 3108 principes
1116 3049 1305 3093 contra
1331 3039 1644 3103 Jeremiam,

289 3120 495 3179 caesum
514 3125 635 3163 eum
662 3112 926 3164 miserunt
949 3111 1003 3163 in
1025 3126 1325 3175 carcerem,
1340 3110 1431 3179 qui
1456 3119 1572 3164 erat.
1595 3111 1644 3162 in
1660 3108 1824 3165 domo

360 3177 637 3235 Jonathan
673 3181 868 3234 scribae
894 3200 907 3234 :

289 3249 412 3317 ipse
438 3253 587 3306 enim
618 3253 941 3321 prmpositus
972 3259 1088 3305 erat
1117 3267 1281 3317 super
1308 3267 1606 3307 carcerem.

218 3320 406 3391 Itaque
434 3320 715 3391 ingressus
743 3333 828 3379 est
868 3323 1130 3379 Jeremias
1180 3324 1230 3378 in
1278 3325 1498 3378 domum
1526 3325 1625 3378 laci
1674 3332 1727 3378 et
1770 3324 1822 3379 in

368 3396 707 3463 ergastulum
734 3412 746 3447 :

297 3464 445 3520 sedit
472 3467 544 3522 ibi
572 3466 835 3522 Jeremias
860 3466 1054 3522 diebus
1084 3466 1284 3523 multis.

224 3534 452 3592 Mittens
475 3550 655 3594 autem
678 3554 772 3595 rex
805 3541 1066 3599 Sedecias
1097 3540 1216 3594 tulit
1243 3555 1365 3594 eum
1392 3557 1405 3592 :

296 3618 353 3663 et
371 3611 757 3736 dinterrogavit
795 3626 920 3666 eum
950 3612 1002 3665 in
1034 3611 1197 3666 domo
1238 3628 1333 3667 sua
1371 3611 1687 3667 abscondite
1724 3653 1738 3679 ,
1772 3618 1827 3665 et

411 3692 537 3736 txtt:

411 3685 537 3741 ixit:

224 3752 465 3809 Putasne
491 3764 575 3809 est
599 3770 786 3811 sermo
812 3770 839 3809 a
867 3755 1128 3811 Domino?

227 3824 298 3881 Et
327 3826 467 3880 dixit
488 3828 753 3883 Jeremias
780 3846 788 3879 :
826 3828 957 3895 Est;

299 3908 355 3953 et
385 3900 499 3954 ait:

227 3968 286 4044 In
313 3985 483 4027 manu
506 3974 647 4044 regis
670 3971 963 4044 Babylonis
985 3970 1245 4026 traderis.

228 4042 296 4097 Et
324 4044 471 4098 dixit
495 4042 762 4099 Jeremias
790 4042 858 4098 ad
892 4058 1074 4113 regem
1104 4046 1420 4098 Sedeeiam:

227 4114 369 4179 Quid
407 4117 627 4186 peccavi
658 4118 775 4184 tibi,
804 4127 859 4171 et
888 4118 1065 4169 servis
1095 4116 1223 4181 tuis,
1252 4128 1307 4171 et
1337 4116 1536 4186 pepulo
1564 4122 1677 4181 tuo,
1700 4115 1825 4185 quia

378 4188 578 4243 misisti
612 4204 696 4243 me
722 4189 777 4243 in
811 4188 1026 4242 domum
1051 4190 1337 4243 carceris?

230 4254 331 4313 Ubi
366 4269 501 4333 sunt
527 4259 806 4333 prophetat
831 4260 1033 4327 vestri,
1059 4261 1150 4329 qui
1190 4261 1587 4333 prophetabant
1621 4260 1779 4315 vobis
1811 4299 1827 4325 ,

371 4340 429 4385 et
451 4332 736 4387 dicebant:

225 4400 339 4458 Non
374 4406 560 4529 lvenit":
586 4420 679 4460 rex
708 4403 1000 4476 Babylonis
1023 4417 1187 4473 super
1202 4417 1321 4471 vos,
1351 4414 1407 4459 et
1434 4418 1601 4473 super
1625 4412 1825 4459 terram

413 4490 542 4529 anc.

413 4490 542 4530 anc:

225 4544 386 4601 Nunc
418 4563 547 4617 ergo
575 4547 723 4608 audi.
757 4547 1011 4611 obsecro,
1040 4546 1259 4601 domine
1282 4547 1356 4600 mi
1384 4562 1503 4611 rex,

229 4617 426 4674 Valeat
456 4620 768 4689 deprecatio
790 4634 907 4673 mea
940 4620 992 4671 in
1020 4628 1315 4686 conspectu
1355 4631 1480 4674 tuo:

295 4703 453 4746 etne
479 4707 563 4746 me
586 4692 833 4746 remittas
865 4692 919 4745 in
950 4689 1169 4743 domum
1204 4690 1475 4745 Jonatban
1506 4689 1726 4756 scribze,
1760 4703 1828 4744 ne

378 4764 583 4818 moriar
612 4764 705 4818 ibi.

230 4832 507 4905 Praecepit
528 4850 659 4905 ergo
689 4848 781 4889 rex
807 4831 1065 4889 Sedecias
1090 4874 1103 4898 ,
1136 4841 1199 4886 ut
1228 4833 1533 4889 traderetur
1562 4833 1831 4888 Jeremias

379 4907 434 4961 in
463 4907 733 4962 vestibulo
758 4906 992 4960 carceris
1016 4920 1030 4957 :

308 4989 362 5035 et
405 4978 625 5034 daretur
664 4979 715 5033 ei
762 4985 902 5033 torta
937 4976 1094 5049 panis
1133 4975 1411 5047 quotidie,
1442 4986 1675 5047 excepto
1716 4976 1833 5047 pul-

382 5063 567 5106 mento
593 5092 608 5116 ,

309 5123 487 5178 donec
507 5131 957 5178 consumerentur
986 5137 1179 5177 omnes
1208 5137 1371 5191 panes
1407 5122 1476 5178 de
1504 5122 1758 5177 civitate:

237 5194 305 5249 Et
328 5196 523 5250 mansit
545 5195 813 5249 Jeremias
840 5195 891 5247 in
916 5196 1186 5250 vestibqu
1214 5196 1473 5248 carceris.

239 5266 409 5339 [ϐαρ.
454 5264 746 5322 XXXVIII.
776 5263 807 5339 1*
844 5267 1294 5339 Audivitiautem
1342 5263 1834 5339 Saphatias_ﬁl_ius_

385 5340 636 5403 Mathan,
677 5346 733 5391 et
769 5334 1022 5392 Gedelias
1066 5338 1210 5391 ﬁlius
1252 5337 1491 5390 Pbassur
1514 5379 1528 5402 ,
1562 5346 1619 5390 et
1643 5334 1834 5390 Jucbal

386 5412 527 5466 tilius
551 5408 820 5477 Selemire,
849 5419 903 5463 et
931 5408 1170 5463 Pbassur
1202 5408 1342 5462 ﬁlius
1358 5408 1623 5475 Melcbizc,

313 5497 627 5546 sermones,
656 5496 793 5552 quos
840 5481 1108 5537 Jeremias
1148 5480 1471 5551 loquebatur
1514 5482 1581 5535 ad
1622 5494 1838 5536 omnem

388 5558 649 5626 populum
668 5598 682 5622 ,
716 5554 903 5610 dicens
929 5570 944 5609 :

244 5625 370 5683 Haec
395 5625 531 5682 dieit
556 5626 817 5680 Dominus
843 5645 855 5678 :

244 5700 579 5769 Quicumque
611 5698 870 5753 manserit
898 5698 949 5752 in
982 5698 1200 5753 civitate
1232 5698 1353 5765 hac,

316 5827 343 5853 ιι
372 5818 519 5872 Alias
544 5815 781 5887 Vulgati,
830 5815 1173 5870 submiserunt
1202 5812 1483 5867 Jcremiam
1528 5810 1738 5885 funibus
1769 5816 1825 5867 in

246 5889 437 5958 lacum,
460 5890 514 5946 in
535 5898 893 5965 quartanam
910 5905 1077 5958 aqua,
1095 5900 1228 5951 etc.,
1251 5889 1460 5956 longius
1486 5894 1555 5945 ab
1580 5888 1843 5946 Hebraeo.

852 5985 1129 6050 PATROL.
1175 5980 1476 6048 XXVIII.

1371 335 1575 393 LIBER
1612 335 1936 395 JEREMIE
1976 335 2390 394 PROPHETAS.

1841 466 1896 522 Α
1992 452 2255 508 morietur
2280 451 2483 521 gladio,
2514 458 2569 504 et
2591 450 2750 516 fame,
2782 459 2835 504 et
2862 460 3044 521 peste:

1919 523 2021 590 Qui
2054 534 2233 578 autem
2263 523 2560 593 profugerit
2590 522 2655 576 ad
2686 522 2986 589 Chaldaeos,
3017 525 3200 594 vivet,

3412 343 3517 399 906

1992 605 2047 652 et
2075 601 2179 650 erit
2205 595 2385 649 anima
2419 596 2538 663 ejus
2568 608 2759 665 sospes
2792 604 2847 650 et
2870 597 3082 654 vivens.

1919 667 2049 723 Haec
2074 667 2203 721 dicit
2235 667 2536 722 Dominus:

1919 740 2209 797 Tradendo
2258 740 2505 793 tradetur
2539 738 2730 794 civitas
2774 738 2893 794 time
2944 740 2997 795 in
3035 756 3197 799 manu
3236 747 3505 803 exercitus

2064 811 2207 881 regis
2238 810 2546 882 Babylonis,

1992 894 2048 938 et
2077 884 2256 953 capiet
2284 898 2425 939 eam.

1922 956 1993 1012 Et
2021 957 2273 1009 dixerunt
2307 955 2579 1025 principes
2604 956 2715 1025 regi
2744 973 2757 1009 :

1927 1029 2215 1097 Rogamus,
2240 1035 2299 1079 ut
2321 1027 2599 1083 occidatur
2621 1026 2786 1082 homo
2812 1028 2942 1083 iste:

1996 1100 2062 1154 de
2103 1098 2364 1153 industria
2397 1103 2543 1153 enim
2587 1097 2837 1153 dissolvit
2886 1116 3077 1157 manus
3116 1105 3355 1162 virorum
3407 1107 3519 1162 bel-

2068 1171 2314 1234 lantium,
2345 1172 2438 1246 qui
2472 1180 2857 1246 remanserunt
2883 1172 2935 1225 in
2969 1176 3193 1230 civitate
3225 1177 3348 1246 bac,

1996 1253 2053 1297 et
2081 1258 2272 1296 manus
2298 1243 2541 1296 universi
2569 1244 2777 1311 populi.

1998 1316 2227 1384 loquens
2258 1315 2323 1367 ad
2347 1330 2441 1367 eos
2468 1314 2620 1380 juxta
2653 1316 2817 1368 verba
2850 1314 3005 1372 lucc:

1924 1385 2204 1467 Siquidem
2230 1386 2394 1467 homo
2426 1386 2528 1441 iste
2560 1400 2666 1441 non
2699 1391 2895 1456 quzerit
2924 1405 3113 1459 pacem
3138 1395 3337 1463 popqu
3369 1396 3514 1467 huic,

2068 1459 2163 1514 sed
2188 1458 2408 1512 malum.

1924 1530 1995 1585 Et
2025 1530 2163 1584 dixit
2184 1545 2278 1583 rex
2302 1529 2589 1583 Sedccias:

1924 1602 2072 1657 Ecce
2103 1605 2220 1671 ipse
2250 1602 2303 1655 in
2338 1601 2587 1655 manibus
2620 1605 2815 1656 vestris
2846 1612 2957 1659 est:

1997 1689 2099 1754 nec
2130 1673 2273 1727 enim
2308 1672 2397 1754 las_
2418 1680 2503 1727 est
2529 1689 2711 1754 regem
2741 1677 2899 1731 vobis
2927 1677 3225 1749 quidquam
3258 1698 3479 1754 negare.

1925 1745 2191 1801 Tulerunt
2222 1761 2349 1815 ergo
2372 1744 2664 1800 Jeremiam
2685 1788 2698 1812 ,

1999 1828 2053 1871 et
2070 1818 2549 1897 proiecerunteum
2568 1819 2619 1897 in
2642 1818 3091 1897 lacumMelcbia:
3120 1824 3213 1879 ﬁlii
3236 1826 3514 1897 Ameleclt,

1998 1894 2089 1959 qui
2122 1898 2241 1943 erat
2270 1890 2321 1943 in
2348 1890 2619 1944 vestibulo
2640 1893 2914 1947 carceris:

1924 1962 1994 2018 Et
2021 1961 2395 2015 submiserunt
2420 1960 2711 2017 Jeremiam
2738 1973 2765 2001 α
2797 1966 2848 2016 in
2882 1962 3102 2021 funibus
3127 1985 3141 2021 :

1997 2042 2051 2087 et
2081 2033 2132 2086 in
2163 2034 2281 2088 lacn
2312 2048 2417 2085 non
2451 2043 2567 2086 erat
2593 2050 2730 2101 aqua
2751 2078 2765 2099 ,
2796 2036 2890 2090 sed
2921 2036 3134 2094 lutum:

1924 2105 2217 2161 Descendit
2242 2106 2426 2173 itaque
2451 2105 2714 2162 Jeremias
2746 2108 2796 2160 in
2822 2123 3058 2163 contum.

1926 2177 2354 2251 Audivitautem
2388 2176 2782 2241 Abdemeleclt,
2811 2178 3063 2251 ίΕιΙιὶορε
3102 2182 3204 2251 vir,
3245 2188 3523 2245 eunuchus

2065 2248 2158 2319 qui
2183 2257 2301 2303 erat
2330 2250 2383 2301 in
2408 2251 2569 2320 domo
2600 2252 2766 2320 regis,

1998 2320 2141 2387 quod
2168 2320 2443 2373 misissent
2467 2319 2758 2375 .Ieremiam
2792 2322 2843 2376 in
2877 2325 3054 2379 lacum
3084 2344 3096 2378 :

1997 2406 2162 2461 porro
2186 2407 2281 2446 rex
2308 2391 2533 2463 sedebat
2558 2392 2607 2446 in
2635 2403 2789 2461 porta
2822 2395 3127 2463 Benjamin.

1927 2464 1996 2520 Et
2026 2479 2275 2542 egressus
2299 2472 2382 2516 est
2410 2462 2875 2542 Abdemeleclrde
2905 2462 3070 2522 domo
3101 2471 3275 2542 regis,

2000 2545 2055 2589 et
2078 2538 2286 2589 locutus
2315 2543 2397 2587 est
2422 2533 2489 2587 ad
2517 2549 2696 2604 regem
2721 2578 2735 2602 ,
2768 2537 2953 2592 dicens
2978 2557 2989 2589 :

1926 2608 2151 2663 Domine
2182 2608 2252 2659 mi
2282 2620 2399 2665 rex,

1998 2678 2392 2761 malefecerunt
2420 2676 2555 2761 Aviri'
2579 2678 2665 2733 isti
2705 2680 2887 2761 omnia
2928 2696 3287 2761 qttzecumqne
3332 2703 3512 2761 perpe‘

2070 2760 2280 2804 trarnnt
2310 2759 2496 2802 contra
2529 2749 2821 2824 .Icremiam
2850 2749 3167 2824 prophetam
3192 2749 3206 2823 ξ

1998 2823 2277 2878 mittentes
2304 2837 2425 2875 eum
2456 2823 2507 2875 in
2541 2823 2737 2889 lacum,

2000 2905 2057 2949 ut
2081 2895 2342 2949 moriatur
2372 2893 2441 2947 ibi
2472 2894 2629 2961 fante,

1999 2982 2108 3021 non
2137 2977 2263 3021 sunt
2289 2966 2434 3019 enim
2462 2981 2631 3034 partes
2662 2968 2799 3022 ultra
2845 2969 2896 3022 in
2927 2970 3167 3027 civitate.

1927 3038 2198 3116 graecepit
2233 3039 2415 3116 itaque
2455 3053 2546 3116 rex
2577 3039 2963 3116 _Abde_melecb
2996 3041 3260 3116 /Ethiopi,
3294 3048 3482 3105 dicens
3510 3071 3521 3105 :

1927 3110 2082 3165 Tolle
2112 3120 2285 3164 tecum
2310 3110 2436 3163 hinc
2464 3111 2687 3179 triginta
2710 3112 2879 3175 viros,

2001 3192 2055 3237 et
2088 3182 2207 3263 leva
2252 3181 2540 3236 Jeremiam
2581 3182 2902 3252 prapltetatn
2949 3185 3016 3241 de
3060 3187 3178 3243 lacu
3230 3202 3519 3263 antequam

2074 3254 2354 3308 moriatur.

1932 3324 2241 3393 Assumptis
2269 3338 2398 3395 ergo
2424 3321 2788 3381 Abdemelcch
2813 3341 2994 3382 secum
3026 3329 3156 3384 viris
3182 3374 3195 3390 .

2001 3398 2278 3467 ingressus
2299 3404 2385 3451 est
2411 3396 2630 3450 domum
2664 3400 2806 3467 regis
2830 3414 2950 3468 quae
2977 3411 3094 3455 erat
3124 3404 3225 3459 sub
3256 3407 3477 3463 cellario
3505 3429 3517 3464 :

2001 3478 2059 3524 et
2090 3468 2209 3522 tulit
2240 3468 2366 3522 inde
2397 3476 2608 3523 veteres
2642 3482 2872 3539 pannos,
2904 3481 2957 3526 et
2980 3475 3199 3545 antiqua
3228 3494 3347 3547 qua:
3374 3495 3523 3536 com-

2073 3547 2413 3610 putruerant,

1999 3620 2055 3688 et
2084 3611 2341 3688 submisit
2355 3626 2415 3665 ea
2433 3611 2498 3688 ad
2512 3611 2799 3688 J_ere_mia_m
2832 3614 2883 3668 in
2912 3614 3087 3688 lacum
3113 3634 3211 3688 per
3233 3620 3526 3681 funiculos.

1930 3682 2183 3756 Dixitque
2206 3683 2569 3739 Abdemeleclt
2598 3682 2853 3756 rEtbiops
2879 3687 2946 3741 ad
2978 3682 3264 3746 Jeremiam
3296 3712 3308 3746 :

1928 3754 2079 3811 Pone
2100 3754 2321 3811 veteres
2350 3770 2577 3825 pannos,

1999 3837 2054 3882 et
2098 3826 2213 3882 haec
2256 3831 2423 3882 scissa
2461 3837 2517 3882 et
2561 3828 2775 3897 putrida
2802 3870 2816 3895 ,
2871 3832 2971 3886 sub
3027 3834 3211 3891 cubito
3264 3852 3523 3896 manuum

2078 3907 2311 3964 tuarum,
2342 3909 2397 3954 et
2427 3898 2454 3937 ι’
2484 3901 2673 3955 subter
2703 3901 2878 3957 funes.

1929 3969 2083 4026 Fecit
2110 3986 2241 4040 ergo
2266 3971 2530 4026 Jeremias
2556 3972 2657 4026 sic.

1930 4042 2003 4097 Et
2031 4052 2386 4099 extraxerunt
2408 4042 2697 4098 Jeremiam
2731 4044 2950 4105 funibus
2969 4091 2983 4115 ,

2001 4126 2055 4169 et
2082 4114 2389 4170 eduxerunt
2419 4129 2540 4169 eum
2572 4116 2640 4170 de
2673 4116 2831 4171 lacu:

1930 4185 2126 4241 Mansit
2154 4197 2331 4241 autem
2359 4187 2624 4242 Jeremias
2658 4189 2709 4241 in
2738 4189 3016 4245 veStibqu
3043 4196 3298 4250 carceris.

1932 4258 1999 4312 Et
2026 4259 2170 4313 misit
2199 4274 2292 4313 rex
2315 4258 2592 4325 Sedecias,

2002 4341 2057 4385 et
2085 4332 2207 4385 tulit
2229 4332 2294 4384 ad
2327 4346 2385 4385 se
2410 4333 2698 4387 Jeremiam
2735 4335 3057 4403 prophetam
3091 4336 3156 4389 ad
3190 4338 3387 4395 osﬁum
3413 4349 3526 4397 ter-

2077 4404 2229 4467 tium,
2254 4403 2398 4472 quod
2431 4412 2548 4457 erat
2579 4405 2631 4455 in
2657 4407 2819 4458 domo
2844 4408 3053 4460 Domini
3090 4424 3101 4458 :

1932 4475 2000 4529 Et
2029 4473 2161 4528 dixit
2193 4490 2286 4529 rex
2311 4474 2376 4527 ad
2403 4473 2693 4528 Jeremiam
2719 4492 2734 4528 :

1933 4546 2216 4615 Interrogo
2243 4560 2344 4614 ego
2374 4554 2425 4599 te
2451 4560 2778 4613 sermonem,

1854 4652 1908 4711 Ι)
2008 4633 2073 4699 ne
2107 4616 2412 4671 abscondas
2440 4633 2467 4668 a
2497 4632 2586 4697 _me
2618 4616 2844 4685 aliquid.

1933 4682 2078 4743 Dixit
2102 4698 2281 4743 autem
2310 4686 2573 4743 Jeremias
2600 4691 2665 4741 ad
2699 4690 2844 4743 Sedet

2004 4692 2078 4743 xit
2102 4698 2281 4743 autem
2310 4686 2573 4743 Jeremias
2600 4691 2665 4741 ad
2699 4688 2979 4744 Sedeciam
3010 4708 3025 4745 :

1934 4761 1991 4817 Si
2022 4760 2413 4838 annuntiavero
2440 4758 2844 4838 tibi,_n_un_tquid
2870 4778 2973 4818 non
3003 4764 3299 4823 interﬁcies
3324 4771 3456 4824 me?
3519 4776 3531 4838 ;

2008 4840 2061 4887 et
2086 4832 2130 4885 si
2157 4830 2445 4885 consilium
2471 4830 2568 4885 tibi
2601 4832 2827 4902 dedero,

2009 4918 2115 4958 non
2145 4919 2233 4957 me
2264 4902 2474 4957 audies.

1938 4975 2148 5031 Juravit
2173 4990 2303 5045 ergo
2332 4992 2422 5029 rex
2458 4975 2713 5030 Sedecias
2738 4975 2987 5032 Jeremias
3009 4978 3170 5043 clam,
3202 4981 3424 5039 dicens:

1942 5047 2085 5103 Vivit
2117 5049 2397 5113 Dominus,
2430 5049 2519 5118 qui
2552 5047 2681 5102 fecit
2703 5048 2855 5119 nobis
2883 5050 3120 5104 animam
3156 5052 3320 5119 hanc,

2012 5119 2057 5175 si
2086 5120 2337 5174 occidero
2370 5131 2441 5183 te,
2473 5127 2527 5175 et
2556 5121 2599 5173 si
2634 5118 2904 5174 tradidero
2935 5131 2986 5175 te
3010 5121 3062 5174 in
3096 5138 3259 5180 manu
3292 5118 3532 5185 virorum

2085 5193 2337 5260 istorum,
2364 5193 2453 5259 qui
2475 5202 2726 5261 quaarunt
2756 5192 2993 5247 animam
3023 5204 3192 5251 tuam.

1942 5264 2010 5319 Et
2032 5263 2169 5318 dixit
2195 5262 2460 5317 Jeremias
2486 5266 2552 5317 ad
2575 5262 2857 5318 Sedeciam
2880 5281 2893 5317 :

1940 5335 2069 5391 Haec
2094 5335 2223 5389 dicit
2250 5334 2507 5389 Dominus
2533 5336 2869 5389 exercituum
2901 5335 3042 5392 Deus
3064 5338 3229 5398 Israel
3254 5359 3271 5399 :

1940 5408 1998 5463 Si
2029 5406 2545 5487 profectus-exieris
2593 5405 2661 5460 ad
2697 5406 2969 5478 principes
3010 5414 3152 5483 regis
3199 5415 3493 5487 Babylonis
3524 5458 3541 5486 ,

2082 5481 2226 5533 vivet
2248 5477 2427 5532 anima
2456 5486 2569 5545 tua,

2013 5558 2069 5607 et
2097 5550 2286 5625 civitas
2318 5550 2434 5625 haec
2464 5565 2572 5604 non
2607 5551 2970 5608 succendelur
2996 5553 3104 5625 igni
3132 5574 3147 5611 :

2014 5635 2067 5678 et
2093 5623 2282 5676 salvus
2312 5624 2420 5676 eris
2454 5631 2511 5675 tu
2532 5664 2546 5687 ,
2580 5635 2634 5677 et
2665 5625 2859 5678 domus
2888 5634 2996 5680 tua.

1946 5695 2005 5751 Si
2050 5706 2230 5750 autem
2262 5709 2367 5749 non
2400 5693 2603 5749 exieris
2633 5695 2700 5753 ad
2731 5697 3005 5768 principes
3039 5700 3185 5771 regis
3208 5700 3500 5775 Babylonis
3522 5748 3539 5775 ,

2016 5809 2045 5852 ι’
2069 5810 2126 5868 In
2156 5810 2276 5869 aliis
2308 5810 2465 5868 libris
2483 5827 2661 5883 super,
2691 5814 3098 5871 contradicente
3140 5816 3366 5875 llebrteo
3395 5828 3541 5883 Drin.

2790 5980 2869 6043 ἓξ)
