  <div class='ocr_page' id='page_1' title='image "/cluster/home/n/w/nwhite01/storage/ocr_20150623/28/hvd.32044015471410/460.png"; bbox 0 0 4114 6364; ppageno 0'>
   <div class='ocr_carea' id='block_1_1' title="bbox 286 328 397 392">
    <p class='ocr_par' dir='ltr' id='par_1_1' title="bbox 286 328 397 392">
     <span class='ocr_line' id='line_1_1' title="bbox 286 328 397 392; baseline 0.018 -2"><span class='ocrx_word' id='word_1_1' title='bbox 286 328 397 392; x_wconf 75' lang='lat'><strong>909</strong></span> 
     </span>
    </p>
   </div>
   <div class='ocr_carea' id='block_1_2' title="bbox 1350 330 2431 397">
    <p class='ocr_par' dir='ltr' id='par_1_2' title="bbox 1350 330 2431 397">
     <span class='ocr_line' id='line_1_2' title="bbox 1350 330 2431 397; baseline -0.001 -6"><span class='ocrx_word' id='word_1_2' title='bbox 1350 388 1351 391; x_wconf 44' lang='grc' dir='ltr'><strong>η</strong></span> <span class='ocrx_word' id='word_1_3' title='bbox 1394 330 1625 391; x_wconf 81' lang='lat' dir='ltr'><strong>‘LIBER</strong></span> <span class='ocrx_word' id='word_1_4' title='bbox 1659 330 1980 397; x_wconf 62' lang='lat' dir='ltr'><strong>JEREMMI</strong></span> <span class='ocrx_word' id='word_1_5' title='bbox 2014 331 2431 397; x_wconf 66' lang='lat' dir='ltr'><strong>PROPHETE.</strong></span> 
     </span>
    </p>
   </div>
   <div class='ocr_carea' id='block_1_3' title="bbox 3467 348 3574 409">
    <p class='ocr_par' dir='ltr' id='par_1_3' title="bbox 3467 348 3574 409">
     <span class='ocr_line' id='line_1_3' title="bbox 3467 348 3574 409; baseline 0.028 -3"><span class='ocrx_word' id='word_1_6' title='bbox 3467 348 3574 409; x_wconf 86' lang='lat' dir='ltr'><strong>9m</strong></span> 
     </span>
    </p>
   </div>
   <div class='ocr_carea' id='block_1_4' title="bbox 357 446 3155 525">
    <p class='ocr_par' dir='ltr' id='par_1_4' title="bbox 357 446 3155 525">
     <span class='ocr_line' id='line_1_4' title="bbox 357 446 3155 525; baseline 0.005 -21"><span class='ocrx_word' id='word_1_7' title='bbox 357 456 413 504; x_wconf 88' lang='lat' dir='ltr'><strong>et</strong></span> <span class='ocrx_word' id='word_1_8' title='bbox 442 446 585 520; x_wconf 90' lang='lat' dir='ltr'><strong>quod</strong></span> <span class='ocrx_word' id='word_1_9' title='bbox 604 447 1053 525; x_wconf 79' lang='lat' dir='ltr'><strong>commendasset</strong></span> <span class='ocrx_word' id='word_1_10' title='bbox 1080 448 1131 507; x_wconf 86' lang='lat' dir='ltr'><strong>ei</strong></span> <span class='ocrx_word' id='word_1_11' title='bbox 1176 448 1345 515; x_wconf 81' lang='lat' dir='ltr'><strong>viros,</strong></span> <span class='ocrx_word' id='word_1_12' title='bbox 1394 457 1450 505; x_wconf 89' lang='lat' dir='ltr'><strong>et</strong></span> <span class='ocrx_word' id='word_1_13' title='bbox 1494 450 1773 517; x_wconf 83' lang='lat' dir='ltr'><strong>mulieres,</strong></span> <span class='ocrx_word' id='word_1_14' title='bbox 1822 458 1879 505; x_wconf 77' lang='lat' dir='ltr'><strong>et</strong></span> <span class='ocrx_word' id='word_1_15' title='bbox 1906 452 1944 511; x_wconf 76' lang='grc' dir='ltr'>Α</span> <span class='ocrx_word' id='word_1_16' title='bbox 1976 448 2083 525; x_wconf 80' lang='lat' dir='ltr'><strong>Qui</strong></span> <span class='ocrx_word' id='word_1_17' title='bbox 2111 465 2231 525; x_wconf 89' lang='lat' dir='ltr'><strong>cum</strong></span> <span class='ocrx_word' id='word_1_18' title='bbox 2257 448 2619 525; x_wconf 73' lang='lat' dir='ltr'><strong>venisseptad</strong></span> <span class='ocrx_word' id='word_1_19' title='bbox 2642 449 2874 525; x_wconf 79' lang='lat' dir='ltr'><strong>medium</strong></span> <span class='ocrx_word' id='word_1_20' title='bbox 2902 454 3155 525; x_wconf 83' lang='lat' dir='ltr'><strong>civitatis,</strong></span> 
     </span>
    </p>
   </div>
   <div class='ocr_carea' id='block_1_5' title="bbox 433 522 1715 589">
    <p class='ocr_par' dir='ltr' id='par_1_5' title="bbox 433 522 1715 589">
     <span class='ocr_line' id='line_1_5' title="bbox 433 522 1715 589; baseline 0.007 -16"><span class='ocrx_word' id='word_1_21' title='bbox 433 522 703 589; x_wconf 85' lang='lat' dir='ltr'><strong>parvulos,</strong></span> <span class='ocrx_word' id='word_1_22' title='bbox 1708 557 1715 564; x_wconf 70' lang='grc' dir='ltr'><strong><em>ο</em></strong></span> 
     </span>
    </p>
   </div>
   <div class='ocr_carea' id='block_1_6' title="bbox 357 593 1877 665">
    <p class='ocr_par' dir='ltr' id='par_1_6' title="bbox 357 593 1877 665">
     <span class='ocr_line' id='line_1_6' title="bbox 357 593 1877 665; baseline 0.001 -18"><span class='ocrx_word' id='word_1_23' title='bbox 357 602 410 647; x_wconf 90' lang='lat' dir='ltr'><strong>et</strong></span> <span class='ocrx_word' id='word_1_24' title='bbox 440 593 507 647; x_wconf 83' lang='lat' dir='ltr'><strong>de</strong></span> <span class='ocrx_word' id='word_1_25' title='bbox 530 594 854 663; x_wconf 75' lang='lat' dir='ltr'><strong>pmperibus</strong></span> <span class='ocrx_word' id='word_1_26' title='bbox 884 603 1066 663; x_wconf 70' lang='lat' dir='ltr'><strong>terrm,</strong></span> <span class='ocrx_word' id='word_1_27' title='bbox 1115 596 1206 665; x_wconf 86' lang='lat' dir='ltr'><strong>qui</strong></span> <span class='ocrx_word' id='word_1_28' title='bbox 1235 610 1342 651; x_wconf 90' lang='lat' dir='ltr'><strong>non</strong></span> <span class='ocrx_word' id='word_1_29' title='bbox 1391 595 1603 650; x_wconf 86' lang='lat' dir='ltr'><strong>fuerant</strong></span> <span class='ocrx_word' id='word_1_30' title='bbox 1634 593 1877 648; x_wconf 87' lang='lat' dir='ltr'><strong>translati</strong></span> 
     </span>
    </p>
   </div>
   <div class='ocr_carea' id='block_1_7' title="bbox 430 666 893 737">
    <p class='ocr_par' dir='ltr' id='par_1_7' title="bbox 430 666 893 737">
     <span class='ocr_line' id='line_1_7' title="bbox 430 666 893 737; baseline 0.002 -17"><span class='ocrx_word' id='word_1_31' title='bbox 430 666 486 720; x_wconf 91' lang='lat' dir='ltr'><strong>in</strong></span> <span class='ocrx_word' id='word_1_32' title='bbox 518 666 844 737; x_wconf 81' lang='lat' dir='ltr'><strong>Babylonem</strong></span> <span class='ocrx_word' id='word_1_33' title='bbox 879 686 893 721; x_wconf 87' lang='lat'><strong>:</strong></span> 
     </span>
    </p>
   </div>
   <div class='ocr_carea' id='block_1_8' title="bbox 286 735 1414 807">
    <p class='ocr_par' dir='ltr' id='par_1_8' title="bbox 286 735 1414 807">
     <span class='ocr_line' id='line_1_8' title="bbox 286 735 1414 807; baseline 0.001 -15"><span class='ocrx_word' id='word_1_34' title='bbox 286 735 569 792; x_wconf 72' lang='lat' dir='ltr'><strong>Venerunt</strong></span> <span class='ocrx_word' id='word_1_35' title='bbox 604 735 670 789; x_wconf 79' lang='lat' dir='ltr'><strong>ad</strong></span> <span class='ocrx_word' id='word_1_36' title='bbox 704 738 982 795; x_wconf 77' lang='lat' dir='ltr'><strong>Godnliam</strong></span> <span class='ocrx_word' id='word_1_37' title='bbox 1017 740 1068 795; x_wconf 92' lang='lat' dir='ltr'><strong>in</strong></span> <span class='ocrx_word' id='word_1_38' title='bbox 1096 738 1414 807; x_wconf 84' lang='lat' dir='ltr'><strong>Maspltath;</strong></span> 
     </span>
    </p>
   </div>
   <div class='ocr_carea' id='block_1_9' title="bbox 354 808 1877 874">
    <p class='ocr_par' dir='ltr' id='par_1_9' title="bbox 354 808 1877 874">
     <span class='ocr_line' id='line_1_9' title="bbox 354 808 1877 874; baseline -0.003 -9"><span class='ocrx_word' id='word_1_39' title='bbox 354 820 413 865; x_wconf 74' lang='lat' dir='ltr'><strong>et</strong></span> <span class='ocrx_word' id='word_1_40' title='bbox 441 809 634 864; x_wconf 74' lang='lat' dir='ltr'><strong>ls‘niael</strong></span> <span class='ocrx_word' id='word_1_41' title='bbox 659 809 801 865; x_wconf 79' lang='lat' dir='ltr'><strong>ﬁlius</strong></span> <span class='ocrx_word' id='word_1_42' title='bbox 832 810 1134 874; x_wconf 67' lang='lat' dir='ltr'><strong>Natbaniaa,</strong></span> <span class='ocrx_word' id='word_1_43' title='bbox 1187 822 1241 867; x_wconf 84' lang='lat' dir='ltr'><strong>et</strong></span> <span class='ocrx_word' id='word_1_44' title='bbox 1281 812 1568 867; x_wconf 81' lang='lat' dir='ltr'><strong>Johannan</strong></span> <span class='ocrx_word' id='word_1_45' title='bbox 1611 818 1666 865; x_wconf 89' lang='lat' dir='ltr'><strong>et</strong></span> <span class='ocrx_word' id='word_1_46' title='bbox 1710 808 1877 866; x_wconf 76' lang='lat' dir='ltr'><strong>Jona-</strong></span> 
     </span>
    </p>
   </div>
   <div class='ocr_carea' id='block_1_10' title="bbox 2055 521 3568 646">
    <p class='ocr_par' dir='ltr' id='par_1_10' title="bbox 2055 521 3568 646">
     <span class='ocr_line' id='line_1_10' title="bbox 2055 521 3568 646; baseline 0.013 -70"><span class='ocrx_word' id='word_1_47' title='bbox 2055 522 2326 646; x_wconf 60' lang='lat' dir='ltr'><strong>intlerfecil</strong></span> <span class='ocrx_word' id='word_1_48' title='bbox 2351 538 2443 579; x_wconf 87' lang='lat' dir='ltr'><strong>eos</strong></span> <span class='ocrx_word' id='word_1_49' title='bbox 2467 521 2657 578; x_wconf 84' lang='lat' dir='ltr'><strong>lsmael</strong></span> <span class='ocrx_word' id='word_1_50' title='bbox 2691 524 2833 581; x_wconf 88' lang='lat' dir='ltr'><strong>filius</strong></span> <span class='ocrx_word' id='word_1_51' title='bbox 2857 521 3307 589; x_wconf 70' lang='lat' dir='ltr'><strong>Nathanizecirca</strong></span> <span class='ocrx_word' id='word_1_52' title='bbox 3331 535 3568 597; x_wconf 80' lang='lat' dir='ltr'><strong>medium</strong></span> 
     </span>
     <span class='ocr_line' id='line_1_11' title="bbox 2146 610 2249 646; baseline 0 0"><span class='ocrx_word' id='word_1_53' title='bbox 2146 610 2249 646; x_wconf 79' lang='lat' dir='ltr'><strong>act.</strong></span> 
     </span>
    </p>
   </div>
   <div class='ocr_carea' id='block_1_11' title="bbox 2053 610 2952 734">
    <p class='ocr_par' dir='ltr' id='par_1_11' title="bbox 2053 610 2952 734">
     <span class='ocr_line' id='line_1_12' title="bbox 2124 610 2226 648; baseline 0 -2"><span class='ocrx_word' id='word_1_54' title='bbox 2124 610 2226 648; x_wconf 77' lang='lat' dir='ltr'><strong>iaci</strong></span> 
     </span>
     <span class='ocr_line' id='line_1_13' title="bbox 2053 638 2952 734; baseline 0.011 -17"><span class='ocrx_word' id='word_1_55' title='bbox 2053 664 2188 734; x_wconf 84' lang='lat' dir='ltr'><strong>ipse,</strong></span> <span class='ocrx_word' id='word_1_56' title='bbox 2218 638 2274 719; x_wconf 69' lang='lat' dir='ltr'><strong>et</strong></span> <span class='ocrx_word' id='word_1_57' title='bbox 2295 664 2394 720; x_wconf 89' lang='lat' dir='ltr'><strong>viri</strong></span> <span class='ocrx_word' id='word_1_58' title='bbox 2424 665 2513 733; x_wconf 86' lang='lat' dir='ltr'><strong>qui</strong></span> <span class='ocrx_word' id='word_1_59' title='bbox 2537 675 2693 721; x_wconf 89' lang='lat' dir='ltr'><strong>erant</strong></span> <span class='ocrx_word' id='word_1_60' title='bbox 2722 684 2843 725; x_wconf 90' lang='lat' dir='ltr'><strong>cum</strong></span> <span class='ocrx_word' id='word_1_61' title='bbox 2865 685 2952 727; x_wconf 88' lang='lat' dir='ltr'><strong>eo.</strong></span> 
     </span>
    </p>
   </div>
   <div class='ocr_carea' id='block_1_12' title="bbox 1979 735 3226 817">
    <p class='ocr_par' dir='ltr' id='par_1_12' title="bbox 1979 735 3226 817">
     <span class='ocr_line' id='line_1_14' title="bbox 1979 735 3226 817; baseline 0.01 -26"><span class='ocrx_word' id='word_1_62' title='bbox 1979 735 2383 817; x_wconf 39' lang='lat' dir='ltr'><strong>Decem&#39;autem</strong></span> <span class='ocrx_word' id='word_1_63' title='bbox 2416 739 2512 817; x_wconf 77' lang='lat' dir='ltr'><strong>viri</strong></span> <span class='ocrx_word' id='word_1_64' title='bbox 2542 740 2748 817; x_wconf 55' lang='grc' dir='ltr'><strong>μέρει-[ἱ</strong></span> <span class='ocrx_word' id='word_1_65' title='bbox 2780 753 2904 801; x_wconf 90' lang='lat' dir='ltr'><strong>sunt</strong></span> <span class='ocrx_word' id='word_1_66' title='bbox 2933 742 3077 801; x_wconf 87' lang='lat' dir='ltr'><strong>inter</strong></span> <span class='ocrx_word' id='word_1_67' title='bbox 3104 760 3226 817; x_wconf 84' lang='lat' dir='ltr'><strong>eos,</strong></span> 
     </span>
    </p>
   </div>
   <div class='ocr_carea' id='block_1_13' title="bbox 2052 807 2774 876">
    <p class='ocr_par' dir='ltr' id='par_1_13' title="bbox 2052 807 2774 876">
     <span class='ocr_line' id='line_1_15' title="bbox 2052 807 2774 876; baseline 0.006 -13"><span class='ocrx_word' id='word_1_68' title='bbox 2052 809 2139 876; x_wconf 85' lang='lat' dir='ltr'><strong>qui</strong></span> <span class='ocrx_word' id='word_1_69' title='bbox 2173 807 2425 865; x_wconf 83' lang='lat' dir='ltr'><strong>dixerunt</strong></span> <span class='ocrx_word' id='word_1_70' title='bbox 2448 810 2513 864; x_wconf 88' lang='lat' dir='ltr'><strong>ad</strong></span> <span class='ocrx_word' id='word_1_71' title='bbox 2540 807 2735 866; x_wconf 80' lang='lat' dir='ltr'><strong>lsmael</strong></span> <span class='ocrx_word' id='word_1_72' title='bbox 2761 830 2774 866; x_wconf 89' lang='lat'><strong>:</strong></span> 
     </span>
    </p>
   </div>
   <div class='ocr_carea' id='block_1_14' title="bbox 433 879 2535 949">
    <p class='ocr_par' dir='ltr' id='par_1_14' title="bbox 433 879 2535 949">
     <span class='ocr_line' id='line_1_16' title="bbox 433 879 2535 949; baseline 0 -15"><span class='ocrx_word' id='word_1_73' title='bbox 433 884 558 935; x_wconf 87' lang='lat' dir='ltr'><strong>than</strong></span> <span class='ocrx_word' id='word_1_74' title='bbox 591 880 683 934; x_wconf 82' lang='lat' dir='ltr'><strong>lilii</strong></span> <span class='ocrx_word' id='word_1_75' title='bbox 710 881 902 944; x_wconf 83' lang='lat' dir='ltr'><strong>Caree.</strong></span> <span class='ocrx_word' id='word_1_76' title='bbox 937 893 991 939; x_wconf 89' lang='lat' dir='ltr'><strong>et</strong></span> <span class='ocrx_word' id='word_1_77' title='bbox 1011 884 1208 940; x_wconf 80' lang='lat' dir='ltr'><strong>Sareas</strong></span> <span class='ocrx_word' id='word_1_78' title='bbox 1232 884 1377 938; x_wconf 81' lang='lat' dir='ltr'><strong>filius</strong></span> <span class='ocrx_word' id='word_1_79' title='bbox 1400 881 1795 949; x_wconf 81' lang='lat' dir='ltr'><strong>&#39;fltaneemeth,</strong></span> <span class='ocrx_word' id='word_1_80' title='bbox 1822 891 1881 937; x_wconf 89' lang='lat' dir='ltr'><strong>et</strong></span> <span class='ocrx_word' id='word_1_81' title='bbox 1979 879 2099 935; x_wconf 91' lang='lat' dir='ltr'><strong>Noli</strong></span> <span class='ocrx_word' id='word_1_82' title='bbox 2127 880 2374 935; x_wconf 88' lang='lat' dir='ltr'><strong>occidere</strong></span> <span class='ocrx_word' id='word_1_83' title='bbox 2405 897 2535 935; x_wconf 88' lang='lat' dir='ltr'><strong>nos:</strong></span> 
     </span>
    </p>
   </div>
   <div class='ocr_carea' id='block_1_15' title="bbox 434 952 1445 1023">
    <p class='ocr_par' dir='ltr' id='par_1_15' title="bbox 434 952 1445 1023">
     <span class='ocr_line' id='line_1_17' title="bbox 434 952 1445 1023; baseline 0.003 -16"><span class='ocrx_word' id='word_1_84' title='bbox 434 952 527 1007; x_wconf 84' lang='lat' dir='ltr'><strong>lilii</strong></span> <span class='ocrx_word' id='word_1_85' title='bbox 555 953 717 1018; x_wconf 83' lang='lat' dir='ltr'><strong>Opbi,</strong></span> <span class='ocrx_word' id='word_1_86' title='bbox 744 956 834 1020; x_wconf 85' lang='lat' dir='ltr'><strong>qui</strong></span> <span class='ocrx_word' id='word_1_87' title='bbox 872 965 1029 1010; x_wconf 89' lang='lat' dir='ltr'><strong>erant</strong></span> <span class='ocrx_word' id='word_1_88' title='bbox 1048 956 1115 1009; x_wconf 87' lang='lat' dir='ltr'><strong>de</strong></span> <span class='ocrx_word' id='word_1_89' title='bbox 1136 954 1445 1023; x_wconf 78' lang='lat' dir='ltr'><strong>NetOphati,</strong></span> 
     </span>
    </p>
   </div>
   <div class='ocr_carea' id='block_1_16' title="bbox 358 1024 1758 1098">
    <p class='ocr_par' dir='ltr' id='par_1_16' title="bbox 358 1024 1758 1098">
     <span class='ocr_line' id='line_1_18' title="bbox 358 1024 1758 1098; baseline 0.002 -21"><span class='ocrx_word' id='word_1_90' title='bbox 358 1034 411 1098; x_wconf 85' lang='lat' dir='ltr'><strong>et</strong></span> <span class='ocrx_word' id='word_1_91' title='bbox 438 1024 692 1080; x_wconf 85' lang='lat' dir='ltr'><strong>Jezonias</strong></span> <span class='ocrx_word' id='word_1_92' title='bbox 712 1025 865 1098; x_wconf 58' lang='lat' dir='ltr'><strong>illius</strong></span> <span class='ocrx_word' id='word_1_93' title='bbox 888 1026 1149 1082; x_wconf 83' lang='lat' dir='ltr'><strong>Maachati</strong></span> <span class='ocrx_word' id='word_1_94' title='bbox 1178 1045 1191 1080; x_wconf 89' lang='lat'><strong>:</strong></span> <span class='ocrx_word' id='word_1_95' title='bbox 1217 1028 1317 1098; x_wconf 86' lang='lat' dir='ltr'><strong>ipsi</strong></span> <span class='ocrx_word' id='word_1_96' title='bbox 1336 1037 1394 1081; x_wconf 91' lang='lat' dir='ltr'><strong>et</strong></span> <span class='ocrx_word' id='word_1_97' title='bbox 1422 1028 1521 1083; x_wconf 86' lang='lat' dir='ltr'><strong>viri</strong></span> <span class='ocrx_word' id='word_1_98' title='bbox 1546 1042 1758 1085; x_wconf 83' lang='lat' dir='ltr'><strong>eorum.</strong></span> 
     </span>
    </p>
   </div>
   <div class='ocr_carea' id='block_1_17' title="bbox 285 1092 1760 1172">
    <p class='ocr_par' dir='ltr' id='par_1_17' title="bbox 285 1092 1760 1172">
     <span class='ocr_line' id='line_1_19' title="bbox 285 1092 1760 1172; baseline 0.002 -21"><span class='ocrx_word' id='word_1_99' title='bbox 285 1092 355 1157; x_wconf 89' lang='lat' dir='ltr'><strong>Et</strong></span> <span class='ocrx_word' id='word_1_100' title='bbox 369 1097 581 1172; x_wconf 73' lang='lat' dir='ltr'><strong>iuravit</strong></span> <span class='ocrx_word' id='word_1_101' title='bbox 601 1097 682 1172; x_wconf 82' lang='lat' dir='ltr'><strong>eis</strong></span> <span class='ocrx_word' id='word_1_102' title='bbox 698 1096 1110 1172; x_wconf 85' lang='lat' dir='ltr'><strong>Godoliastilius</strong></span> <span class='ocrx_word' id='word_1_103' title='bbox 1136 1092 1360 1154; x_wconf 73' lang='lat' dir='ltr'><strong>Atticam</strong></span> <span class='ocrx_word' id='word_1_104' title='bbox 1391 1098 1491 1155; x_wconf 83' lang='lat' dir='ltr'><strong>lilii</strong></span> <span class='ocrx_word' id='word_1_105' title='bbox 1517 1100 1760 1172; x_wconf 83' lang='lat' dir='ltr'><strong>Saphan,</strong></span> 
     </span>
    </p>
   </div>
   <div class='ocr_carea' id='block_1_18' title="bbox 359 1168 1220 1229">
    <p class='ocr_par' dir='ltr' id='par_1_18' title="bbox 359 1168 1220 1229">
     <span class='ocr_line' id='line_1_20' title="bbox 359 1168 1220 1229; baseline 0.003 -6"><span class='ocrx_word' id='word_1_106' title='bbox 359 1180 415 1223; x_wconf 91' lang='lat' dir='ltr'><strong>et</strong></span> <span class='ocrx_word' id='word_1_107' title='bbox 443 1168 732 1223; x_wconf 86' lang='lat' dir='ltr'><strong>comitibus</strong></span> <span class='ocrx_word' id='word_1_108' title='bbox 757 1183 966 1229; x_wconf 89' lang='lat' dir='ltr'><strong>eorum.</strong></span> <span class='ocrx_word' id='word_1_109' title='bbox 991 1171 1177 1225; x_wconf 90' lang='lat' dir='ltr'><strong>dicens</strong></span> <span class='ocrx_word' id='word_1_110' title='bbox 1205 1188 1220 1225; x_wconf 89' lang='lat'><strong>:</strong></span> 
     </span>
    </p>
   </div>
   <div class='ocr_carea' id='block_1_19' title="bbox 286 1238 1229 1309">
    <p class='ocr_par' dir='ltr' id='par_1_19' title="bbox 286 1238 1229 1309">
     <span class='ocr_line' id='line_1_21' title="bbox 286 1238 1229 1309; baseline 0.004 -15"><span class='ocrx_word' id='word_1_111' title='bbox 286 1238 464 1294; x_wconf 86' lang='lat' dir='ltr'><strong>Nolite</strong></span> <span class='ocrx_word' id='word_1_112' title='bbox 494 1243 684 1294; x_wconf 89' lang='lat' dir='ltr'><strong>timere</strong></span> <span class='ocrx_word' id='word_1_113' title='bbox 706 1242 911 1295; x_wconf 83' lang='lat' dir='ltr'><strong>servire</strong></span> <span class='ocrx_word' id='word_1_114' title='bbox 939 1239 1229 1309; x_wconf 63' lang='lat' dir='ltr'><strong>Chaldaeis,</strong></span> 
     </span>
    </p>
   </div>
   <div class='ocr_carea' id='block_1_20' title="bbox 360 1311 1671 1388">
    <p class='ocr_par' dir='ltr' id='par_1_20' title="bbox 360 1311 1671 1388">
     <span class='ocr_line' id='line_1_22' title="bbox 360 1311 1671 1388; baseline 0.005 -23"><span class='ocrx_word' id='word_1_115' title='bbox 360 1312 603 1388; x_wconf 84' lang='lat' dir='ltr'><strong>habitate</strong></span> <span class='ocrx_word' id='word_1_116' title='bbox 631 1311 686 1388; x_wconf 87' lang='lat' dir='ltr'><strong>in</strong></span> <span class='ocrx_word' id='word_1_117' title='bbox 720 1322 882 1388; x_wconf 83' lang='lat' dir='ltr'><strong>terra,</strong></span> <span class='ocrx_word' id='word_1_118' title='bbox 913 1323 968 1368; x_wconf 89' lang='lat' dir='ltr'><strong>et</strong></span> <span class='ocrx_word' id='word_1_119' title='bbox 996 1317 1196 1370; x_wconf 79' lang='lat' dir='ltr'><strong>servile</strong></span> <span class='ocrx_word' id='word_1_120' title='bbox 1228 1317 1338 1387; x_wconf 83' lang='lat' dir='ltr'><strong>regi</strong></span> <span class='ocrx_word' id='word_1_121' title='bbox 1362 1315 1671 1388; x_wconf 75' lang='lat' dir='ltr'><strong>Babylonis,</strong></span> 
     </span>
    </p>
   </div>
   <div class='ocr_carea' id='block_1_21' title="bbox 360 1382 911 1440">
    <p class='ocr_par' dir='ltr' id='par_1_21' title="bbox 360 1382 911 1440">
     <span class='ocr_line' id='line_1_23' title="bbox 360 1382 911 1440; baseline 0.004 -2"><span class='ocrx_word' id='word_1_122' title='bbox 360 1395 413 1438; x_wconf 89' lang='lat' dir='ltr'><strong>et</strong></span> <span class='ocrx_word' id='word_1_123' title='bbox 442 1382 582 1438; x_wconf 85' lang='lat' dir='ltr'><strong>bene</strong></span> <span class='ocrx_word' id='word_1_124' title='bbox 601 1387 705 1437; x_wconf 86' lang='lat' dir='ltr'><strong>erit</strong></span> <span class='ocrx_word' id='word_1_125' title='bbox 734 1386 911 1440; x_wconf 81' lang='lat' dir='ltr'><strong>vobis.</strong></span> 
     </span>
    </p>
   </div>
   <div class='ocr_carea' id='block_1_22' title="bbox 290 1453 1174 1528">
    <p class='ocr_par' dir='ltr' id='par_1_22' title="bbox 290 1453 1174 1528">
     <span class='ocr_line' id='line_1_24' title="bbox 290 1453 1174 1528; baseline 0 -17"><span class='ocrx_word' id='word_1_126' title='bbox 290 1456 433 1511; x_wconf 83' lang='lat' dir='ltr'><strong>Ecce</strong></span> <span class='ocrx_word' id='word_1_127' title='bbox 460 1471 558 1524; x_wconf 81' lang='lat' dir='ltr'><strong>ego</strong></span> <span class='ocrx_word' id='word_1_128' title='bbox 586 1453 771 1510; x_wconf 80' lang='lat' dir='ltr'><strong>habito</strong></span> <span class='ocrx_word' id='word_1_129' title='bbox 796 1455 847 1510; x_wconf 89' lang='lat' dir='ltr'><strong>in</strong></span> <span class='ocrx_word' id='word_1_130' title='bbox 872 1456 1174 1528; x_wconf 78' lang='lat' dir='ltr'><strong>Maspbath,</strong></span> 
     </span>
    </p>
   </div>
   <div class='ocr_carea' id='block_1_23' title="bbox 364 1528 1882 1653">
    <p class='ocr_par' dir='ltr' id='par_1_23' title="bbox 364 1528 1882 1653">
     <span class='ocr_line' id='line_1_25' title="bbox 364 1528 1882 1653; baseline 0.003 -70"><span class='ocrx_word' id='word_1_131' title='bbox 364 1538 420 1583; x_wconf 89' lang='lat' dir='ltr'><strong>ut</strong></span> <span class='ocrx_word' id='word_1_132' title='bbox 434 1528 797 1653; x_wconf 45' lang='lat' dir='ltr'><strong>{cenandum</strong></span> <span class='ocrx_word' id='word_1_133' title='bbox 825 1541 1094 1598; x_wconf 69' lang='lat' dir='ltr'><strong>praecepto</strong></span> <span class='ocrx_word' id='word_1_134' title='bbox 1122 1530 1523 1598; x_wconf 68' lang='lat' dir='ltr'><strong>Chaldaeorum,</strong></span> <span class='ocrx_word' id='word_1_135' title='bbox 1544 1530 1639 1603; x_wconf 85' lang='lat' dir='ltr'><strong>qui</strong></span> <span class='ocrx_word' id='word_1_136' title='bbox 1658 1530 1882 1587; x_wconf 72' lang='lat' dir='ltr'><strong>mittun-</strong></span> 
     </span>
     <span class='ocr_line' id='line_1_26' title="bbox 459 1615 786 1653; baseline 0.012 -4"><span class='ocrx_word' id='word_1_137' title='bbox 459 1615 521 1653; x_wconf 80' lang='grc' dir='ltr'><strong>ιιι·</strong></span> <span class='ocrx_word' id='word_1_138' title='bbox 546 1615 573 1650; x_wconf 86' lang='lat' dir='ltr'><strong>a</strong></span> <span class='ocrx_word' id='word_1_139' title='bbox 643 1615 741 1653; x_wconf 77' lang='lat'><strong>&quot;05</strong></span> <span class='ocrx_word' id='word_1_140' title='bbox 773 1617 786 1652; x_wconf 77' lang='grc' dir='ltr'><strong>ε</strong></span> 
     </span>
    </p>
   </div>
   <div class='ocr_carea' id='block_1_24' title="bbox 434 1609 786 1653">
    <p class='ocr_par' dir='ltr' id='par_1_24' title="bbox 434 1609 786 1653">
     <span class='ocr_line' id='line_1_27' title="bbox 434 1609 786 1653; baseline 0.003 -1"><span class='ocrx_word' id='word_1_141' title='bbox 434 1609 521 1653; x_wconf 87' lang='lat' dir='ltr'><strong>tur</strong></span> <span class='ocrx_word' id='word_1_142' title='bbox 546 1609 612 1653; x_wconf 82' lang='lat' dir='ltr'><strong>ad</strong></span> <span class='ocrx_word' id='word_1_143' title='bbox 643 1615 741 1653; x_wconf 86' lang='lat' dir='ltr'><strong>nos</strong></span> <span class='ocrx_word' id='word_1_144' title='bbox 773 1617 786 1652; x_wconf 91' lang='lat'><strong>:</strong></span> 
     </span>
    </p>
   </div>
   <div class='ocr_carea' id='block_1_25' title="bbox 288 1670 1879 1742">
    <p class='ocr_par' dir='ltr' id='par_1_25' title="bbox 288 1670 1879 1742">
     <span class='ocr_line' id='line_1_28' title="bbox 288 1670 1879 1742; baseline 0.003 -17"><span class='ocrx_word' id='word_1_145' title='bbox 288 1670 399 1727; x_wconf 74' lang='lat' dir='ltr'><strong>Vos</strong></span> <span class='ocrx_word' id='word_1_146' title='bbox 425 1678 603 1726; x_wconf 84' lang='lat' dir='ltr'><strong>autem</strong></span> <span class='ocrx_word' id='word_1_147' title='bbox 626 1670 867 1741; x_wconf 72' lang='lat' dir='ltr'><strong>colligite</strong></span> <span class='ocrx_word' id='word_1_148' title='bbox 883 1673 1229 1742; x_wconf 86' lang='lat' dir='ltr'><strong>vindemiam,</strong></span> <span class='ocrx_word' id='word_1_149' title='bbox 1247 1683 1302 1729; x_wconf 90' lang='lat' dir='ltr'><strong>et</strong></span> <span class='ocrx_word' id='word_1_150' title='bbox 1324 1690 1580 1740; x_wconf 84' lang='lat' dir='ltr'><strong>messem,</strong></span> <span class='ocrx_word' id='word_1_151' title='bbox 1597 1683 1655 1730; x_wconf 88' lang='lat' dir='ltr'><strong>et</strong></span> <span class='ocrx_word' id='word_1_152' title='bbox 1675 1675 1879 1740; x_wconf 89' lang='lat' dir='ltr'><strong>oleum,</strong></span> 
     </span>
    </p>
   </div>
   <div class='ocr_carea' id='block_1_26' title="bbox 434 1742 1233 1811">
    <p class='ocr_par' dir='ltr' id='par_1_26' title="bbox 434 1742 1233 1811">
     <span class='ocr_line' id='line_1_29' title="bbox 434 1742 1233 1811; baseline 0.003 -14"><span class='ocrx_word' id='word_1_153' title='bbox 434 1752 491 1798; x_wconf 87' lang='lat' dir='ltr'><strong>et</strong></span> <span class='ocrx_word' id='word_1_154' title='bbox 516 1742 736 1797; x_wconf 90' lang='lat' dir='ltr'><strong>condite</strong></span> <span class='ocrx_word' id='word_1_155' title='bbox 762 1748 812 1798; x_wconf 87' lang='lat' dir='ltr'><strong>in</strong></span> <span class='ocrx_word' id='word_1_156' title='bbox 845 1744 991 1798; x_wconf 83' lang='lat' dir='ltr'><strong>vasis</strong></span> <span class='ocrx_word' id='word_1_157' title='bbox 1018 1747 1233 1811; x_wconf 80' lang='lat' dir='ltr'><strong>vestris,</strong></span> 
     </span>
    </p>
   </div>
   <div class='ocr_carea' id='block_1_27' title="bbox 358 1813 1588 1887">
    <p class='ocr_par' dir='ltr' id='par_1_27' title="bbox 358 1813 1588 1887">
     <span class='ocr_line' id='line_1_30' title="bbox 358 1813 1588 1887; baseline 0.002 -18"><span class='ocrx_word' id='word_1_158' title='bbox 358 1824 415 1870; x_wconf 88' lang='lat' dir='ltr'><strong>et</strong></span> <span class='ocrx_word' id='word_1_159' title='bbox 436 1823 651 1870; x_wconf 88' lang='lat' dir='ltr'><strong>manete</strong></span> <span class='ocrx_word' id='word_1_160' title='bbox 674 1813 727 1869; x_wconf 92' lang='lat' dir='ltr'><strong>in</strong></span> <span class='ocrx_word' id='word_1_161' title='bbox 757 1815 981 1871; x_wconf 76' lang='lat' dir='ltr'><strong>urbibus</strong></span> <span class='ocrx_word' id='word_1_162' title='bbox 1007 1818 1201 1872; x_wconf 75' lang='lat' dir='ltr'><strong>vestris</strong></span> <span class='ocrx_word' id='word_1_163' title='bbox 1220 1832 1354 1887; x_wconf 78' lang='lat' dir='ltr'><strong>quas</strong></span> <span class='ocrx_word' id='word_1_164' title='bbox 1373 1818 1588 1872; x_wconf 86' lang='lat' dir='ltr'><strong>tenetis.</strong></span> 
     </span>
    </p>
   </div>
   <div class='ocr_carea' id='block_1_28' title="bbox 289 1886 1884 1956">
    <p class='ocr_par' dir='ltr' id='par_1_28' title="bbox 289 1886 1884 1956">
     <span class='ocr_line' id='line_1_31' title="bbox 289 1886 1884 1956; baseline -0.001 -13"><span class='ocrx_word' id='word_1_165' title='bbox 289 1886 395 1944; x_wconf 82' lang='lat' dir='ltr'><strong>Sed</strong></span> <span class='ocrx_word' id='word_1_166' title='bbox 425 1896 479 1941; x_wconf 90' lang='lat' dir='ltr'><strong>et</strong></span> <span class='ocrx_word' id='word_1_167' title='bbox 509 1901 697 1940; x_wconf 88' lang='lat' dir='ltr'><strong>omnes</strong></span> <span class='ocrx_word' id='word_1_168' title='bbox 723 1887 921 1955; x_wconf 72' lang='lat' dir='ltr'><strong>Judmi,</strong></span> <span class='ocrx_word' id='word_1_169' title='bbox 952 1891 1041 1956; x_wconf 86' lang='lat' dir='ltr'><strong>qui</strong></span> <span class='ocrx_word' id='word_1_170' title='bbox 1075 1886 1312 1942; x_wconf 73' lang='lat' dir='ltr'><strong>erantin</strong></span> <span class='ocrx_word' id='word_1_171' title='bbox 1344 1890 1521 1953; x_wconf 77' lang='lat' dir='ltr'><strong>Moab,</strong></span> <span class='ocrx_word' id='word_1_172' title='bbox 1553 1897 1611 1944; x_wconf 86' lang='lat' dir='ltr'><strong>et</strong></span> <span class='ocrx_word' id='word_1_173' title='bbox 1659 1888 1712 1943; x_wconf 90' lang='lat' dir='ltr'><strong>in</strong></span> <span class='ocrx_word' id='word_1_174' title='bbox 1761 1887 1884 1942; x_wconf 86' lang='lat' dir='ltr'><strong>liliis</strong></span> 
     </span>
    </p>
   </div>
   <div class='ocr_carea' id='block_1_29' title="bbox 433 1959 1885 2084">
    <p class='ocr_par' dir='ltr' id='par_1_29' title="bbox 433 1959 1885 2084">
     <span class='ocr_line' id='line_1_32' title="bbox 433 1959 1885 2084; baseline 0.001 -71"><span class='ocrx_word' id='word_1_175' title='bbox 433 1964 687 2084; x_wconf 54' lang='lat' dir='ltr'><strong>Aimion,</strong></span> <span class='ocrx_word' id='word_1_176' title='bbox 721 1970 775 2013; x_wconf 91' lang='lat' dir='ltr'><strong>et</strong></span> <span class='ocrx_word' id='word_1_177' title='bbox 802 1959 853 2012; x_wconf 93' lang='lat' dir='ltr'><strong>in</strong></span> <span class='ocrx_word' id='word_1_178' title='bbox 883 1960 1134 2025; x_wconf 70' lang='lat' dir='ltr'><strong>Idumam,</strong></span> <span class='ocrx_word' id='word_1_179' title='bbox 1162 1969 1218 2015; x_wconf 83' lang='lat' dir='ltr'><strong>et</strong></span> <span class='ocrx_word' id='word_1_180' title='bbox 1262 1962 1314 2014; x_wconf 91' lang='lat' dir='ltr'><strong>in</strong></span> <span class='ocrx_word' id='word_1_181' title='bbox 1374 1961 1645 2017; x_wconf 72' lang='lat' dir='ltr'><strong>universis</strong></span> <span class='ocrx_word' id='word_1_182' title='bbox 1696 1960 1885 2030; x_wconf 85' lang='lat' dir='ltr'><strong>regio-</strong></span> 
     </span>
     <span class='ocr_line' id='line_1_33' title="bbox 436 2045 619 2084; baseline 0.005 -1"><span class='ocrx_word' id='word_1_183' title='bbox 436 2045 492 2084; x_wconf 82' lang='lat' dir='ltr'><strong>ltl</strong></span> <span class='ocrx_word' id='word_1_184' title='bbox 572 2046 619 2084; x_wconf 84' lang='lat' dir='ltr'><strong>S.</strong></span> 
     </span>
    </p>
   </div>
   <div class='ocr_carea' id='block_1_30' title="bbox 436 2045 619 2096">
    <p class='ocr_par' dir='ltr' id='par_1_30' title="bbox 436 2045 619 2096">
     <span class='ocr_line' id='line_1_34' title="bbox 436 2045 619 2096; baseline 0.005 -13"><span class='ocrx_word' id='word_1_185' title='bbox 436 2045 619 2096; x_wconf 78' lang='lat' dir='ltr'><strong>nibus,</strong></span> 
     </span>
    </p>
   </div>
   <div class='ocr_carea' id='block_1_31' title="bbox 362 2100 1885 2230">
    <p class='ocr_par' dir='ltr' id='par_1_31' title="bbox 362 2100 1885 2230">
     <span class='ocr_line' id='line_1_35' title="bbox 362 2100 1885 2230; baseline -0.003 -72"><span class='ocrx_word' id='word_1_186' title='bbox 362 2101 546 2230; x_wconf 49' lang='lat' dir='ltr'><strong>att‘t‘ligi</strong></span> <span class='ocrx_word' id='word_1_187' title='bbox 591 2101 736 2172; x_wconf 88' lang='lat' dir='ltr'><strong>quod</strong></span> <span class='ocrx_word' id='word_1_188' title='bbox 774 2101 1020 2158; x_wconf 83' lang='lat' dir='ltr'><strong>dedisset</strong></span> <span class='ocrx_word' id='word_1_189' title='bbox 1074 2118 1169 2159; x_wconf 82' lang='lat' dir='ltr'><strong>rex</strong></span> <span class='ocrx_word' id='word_1_190' title='bbox 1202 2103 1496 2175; x_wconf 74' lang='lat' dir='ltr'><strong>Babylonis</strong></span> <span class='ocrx_word' id='word_1_191' title='bbox 1534 2103 1792 2175; x_wconf 73' lang='lat' dir='ltr'><strong>reliquias</strong></span> <span class='ocrx_word' id='word_1_192' title='bbox 1829 2100 1885 2155; x_wconf 91' lang='lat' dir='ltr'><strong>in</strong></span> 
     </span>
     <span class='ocr_line' id='line_1_36' title="bbox 459 2189 649 2228; baseline 0 0"><span class='ocrx_word' id='word_1_193' title='bbox 459 2190 489 2228; x_wconf 91' lang='lat' dir='ltr'><strong>u</strong></span> <span class='ocrx_word' id='word_1_194' title='bbox 533 2189 649 2228; x_wconf 63' lang='lat' dir='ltr'><strong>aea:</strong></span> 
     </span>
    </p>
   </div>
   <div class='ocr_carea' id='block_1_32' title="bbox 459 2189 649 2228">
    <p class='ocr_par' dir='ltr' id='par_1_32' title="bbox 459 2189 649 2228">
     <span class='ocr_line' id='line_1_37' title="bbox 459 2189 649 2228; baseline 0 0"><span class='ocrx_word' id='word_1_195' title='bbox 459 2189 609 2228; x_wconf 64' lang='lat' dir='ltr'><strong>uuaea</strong></span> <span class='ocrx_word' id='word_1_196' title='bbox 635 2192 649 2228; x_wconf 72' lang='grc' dir='ltr'>ζ</span> 
     </span>
    </p>
   </div>
   <div class='ocr_carea' id='block_1_33' title="bbox 361 2244 1886 2315">
    <p class='ocr_par' dir='ltr' id='par_1_33' title="bbox 361 2244 1886 2315">
     <span class='ocr_line' id='line_1_38' title="bbox 361 2244 1886 2315; baseline 0.001 -15"><span class='ocrx_word' id='word_1_197' title='bbox 361 2255 419 2301; x_wconf 87' lang='lat' dir='ltr'><strong>et</strong></span> <span class='ocrx_word' id='word_1_198' title='bbox 440 2246 585 2315; x_wconf 87' lang='lat' dir='ltr'><strong>quod</strong></span> <span class='ocrx_word' id='word_1_199' title='bbox 608 2245 996 2313; x_wconf 65' lang='lat' dir='ltr'><strong>praaposuisset</strong></span> <span class='ocrx_word' id='word_1_200' title='bbox 1037 2261 1201 2315; x_wconf 85' lang='lat' dir='ltr'><strong>super</strong></span> <span class='ocrx_word' id='word_1_201' title='bbox 1234 2260 1336 2303; x_wconf 88' lang='lat' dir='ltr'><strong>eos</strong></span> <span class='ocrx_word' id='word_1_202' title='bbox 1373 2245 1658 2302; x_wconf 85' lang='lat' dir='ltr'><strong>Godoliam</strong></span> <span class='ocrx_word' id='word_1_203' title='bbox 1714 2244 1886 2302; x_wconf 85' lang='lat' dir='ltr'><strong>lilium</strong></span> 
     </span>
    </p>
   </div>
   <div class='ocr_carea' id='block_1_34' title="bbox 438 2317 1078 2385">
    <p class='ocr_par' dir='ltr' id='par_1_34' title="bbox 438 2317 1078 2385">
     <span class='ocr_line' id='line_1_39' title="bbox 438 2317 1078 2385; baseline -0.005 -12"><span class='ocrx_word' id='word_1_204' title='bbox 438 2317 661 2373; x_wconf 72' lang='lat' dir='ltr'><strong>Atticam</strong></span> <span class='ocrx_word' id='word_1_205' title='bbox 697 2319 790 2372; x_wconf 85' lang='lat' dir='ltr'><strong>lilii</strong></span> <span class='ocrx_word' id='word_1_206' title='bbox 823 2319 1038 2385; x_wconf 80' lang='lat' dir='ltr'><strong>Saphan</strong></span> <span class='ocrx_word' id='word_1_207' title='bbox 1067 2336 1078 2370; x_wconf 90' lang='lat'>:</span> 
     </span>
    </p>
   </div>
   <div class='ocr_carea' id='block_1_35' title="bbox 363 2387 1889 2459">
    <p class='ocr_par' dir='ltr' id='par_1_35' title="bbox 363 2387 1889 2459">
     <span class='ocr_line' id='line_1_40' title="bbox 363 2387 1889 2459; baseline 0.002 -17"><span class='ocrx_word' id='word_1_208' title='bbox 363 2392 563 2443; x_wconf 68' lang='lat' dir='ltr'><strong>reversi</strong></span> <span class='ocrx_word' id='word_1_209' title='bbox 601 2400 748 2456; x_wconf 89' lang='lat' dir='ltr'><strong>sunt,</strong></span> <span class='ocrx_word' id='word_1_210' title='bbox 788 2391 1030 2459; x_wconf 81' lang='lat' dir='ltr'><strong>inquam.</strong></span> <span class='ocrx_word' id='word_1_211' title='bbox 1079 2405 1271 2445; x_wconf 89' lang='lat' dir='ltr'><strong>omnes</strong></span> <span class='ocrx_word' id='word_1_212' title='bbox 1305 2387 1476 2445; x_wconf 71' lang='lat' dir='ltr'><strong>Judmi</strong></span> <span class='ocrx_word' id='word_1_213' title='bbox 1510 2388 1578 2445; x_wconf 88' lang='lat' dir='ltr'><strong>de</strong></span> <span class='ocrx_word' id='word_1_214' title='bbox 1619 2389 1889 2446; x_wconf 74' lang='lat' dir='ltr'><strong>universis</strong></span> 
     </span>
    </p>
   </div>
   <div class='ocr_carea' id='block_1_36' title="bbox 432 2460 1201 2531">
    <p class='ocr_par' dir='ltr' id='par_1_36' title="bbox 432 2460 1201 2531">
     <span class='ocr_line' id='line_1_41' title="bbox 432 2460 1201 2531; baseline 0.004 -17"><span class='ocrx_word' id='word_1_215' title='bbox 432 2461 569 2515; x_wconf 68' lang='lat' dir='ltr'><strong>locis</strong></span> <span class='ocrx_word' id='word_1_216' title='bbox 595 2465 660 2515; x_wconf 82' lang='lat' dir='ltr'><strong>ad</strong></span> <span class='ocrx_word' id='word_1_217' title='bbox 690 2478 808 2531; x_wconf 83' lang='lat' dir='ltr'><strong>quae</strong></span> <span class='ocrx_word' id='word_1_218' title='bbox 832 2460 1201 2529; x_wconf 78' lang='lat' dir='ltr'><strong>profugerant.</strong></span> 
     </span>
    </p>
   </div>
   <div class='ocr_carea' id='block_1_37' title="bbox 366 2531 1887 2600">
    <p class='ocr_par' dir='ltr' id='par_1_37' title="bbox 366 2531 1887 2600">
     <span class='ocr_line' id='line_1_42' title="bbox 366 2531 1887 2600; baseline 0.003 -15"><span class='ocrx_word' id='word_1_219' title='bbox 366 2542 421 2585; x_wconf 90' lang='lat' dir='ltr'><strong>et</strong></span> <span class='ocrx_word' id='word_1_220' title='bbox 439 2545 696 2586; x_wconf 77' lang='lat' dir='ltr'><strong>venerunt</strong></span> <span class='ocrx_word' id='word_1_221' title='bbox 712 2538 762 2586; x_wconf 89' lang='lat' dir='ltr'><strong>in</strong></span> <span class='ocrx_word' id='word_1_222' title='bbox 777 2532 1121 2586; x_wconf 84' lang='lat' dir='ltr'><strong>terramJuda</strong></span> <span class='ocrx_word' id='word_1_223' title='bbox 1136 2534 1200 2587; x_wconf 84' lang='lat' dir='ltr'><strong>ad</strong></span> <span class='ocrx_word' id='word_1_224' title='bbox 1212 2531 1500 2587; x_wconf 84' lang='lat' dir='ltr'><strong>Godoliam</strong></span> <span class='ocrx_word' id='word_1_225' title='bbox 1514 2534 1566 2587; x_wconf 92' lang='lat' dir='ltr'><strong>in</strong></span> <span class='ocrx_word' id='word_1_226' title='bbox 1580 2534 1887 2600; x_wconf 82' lang='lat' dir='ltr'><strong>Maspltath:</strong></span> 
     </span>
    </p>
   </div>
   <div class='ocr_carea' id='block_1_38' title="bbox 370 2603 1826 2674">
    <p class='ocr_par' dir='ltr' id='par_1_38' title="bbox 370 2603 1826 2674">
     <span class='ocr_line' id='line_1_43' title="bbox 370 2603 1826 2674; baseline 0 -16"><span class='ocrx_word' id='word_1_227' title='bbox 370 2613 431 2658; x_wconf 84' lang='lat' dir='ltr'><strong>et.</strong></span> <span class='ocrx_word' id='word_1_228' title='bbox 449 2607 779 2674; x_wconf 84' lang='lat' dir='ltr'><strong>collegerunt</strong></span> <span class='ocrx_word' id='word_1_229' title='bbox 802 2604 1012 2668; x_wconf 83' lang='lat' dir='ltr'><strong>vinum,</strong></span> <span class='ocrx_word' id='word_1_230' title='bbox 1043 2614 1099 2658; x_wconf 88' lang='lat' dir='ltr'><strong>et.</strong></span> <span class='ocrx_word' id='word_1_231' title='bbox 1131 2619 1364 2660; x_wconf 79' lang='lat' dir='ltr'><strong>messem</strong></span> <span class='ocrx_word' id='word_1_232' title='bbox 1398 2603 1625 2660; x_wconf 87' lang='lat' dir='ltr'><strong>multam</strong></span> <span class='ocrx_word' id='word_1_233' title='bbox 1646 2607 1826 2659; x_wconf 87' lang='lat' dir='ltr'><strong>nimis.</strong></span> 
     </span>
    </p>
   </div>
   <div class='ocr_carea' id='block_1_39' title="bbox 295 2672 1891 2747">
    <p class='ocr_par' dir='ltr' id='par_1_39' title="bbox 295 2672 1891 2747">
     <span class='ocr_line' id='line_1_44' title="bbox 295 2672 1891 2747; baseline 0.003 -18"><span class='ocrx_word' id='word_1_234' title='bbox 295 2672 804 2731; x_wconf 45' lang='lat' dir='ltr'><strong>Johannan&#39;autem</strong></span> <span class='ocrx_word' id='word_1_235' title='bbox 852 2676 992 2747; x_wconf 88' lang='lat' dir='ltr'><strong>filius</strong></span> <span class='ocrx_word' id='word_1_236' title='bbox 1020 2674 1223 2743; x_wconf 83' lang='lat' dir='ltr'><strong>Caree,</strong></span> <span class='ocrx_word' id='word_1_237' title='bbox 1280 2684 1337 2731; x_wconf 78' lang='lat' dir='ltr'><strong>et</strong></span> <span class='ocrx_word' id='word_1_238' title='bbox 1384 2690 1578 2731; x_wconf 79' lang='lat' dir='ltr'><strong>clunes</strong></span> <span class='ocrx_word' id='word_1_239' title='bbox 1620 2675 1891 2747; x_wconf 74' lang='lat' dir='ltr'><strong>principes</strong></span> 
     </span>
    </p>
   </div>
   <div class='ocr_carea' id='block_1_40' title="bbox 443 2746 1803 2817">
    <p class='ocr_par' dir='ltr' id='par_1_40' title="bbox 443 2746 1803 2817">
     <span class='ocr_line' id='line_1_45' title="bbox 443 2746 1803 2817; baseline -0.001 -15"><span class='ocrx_word' id='word_1_240' title='bbox 443 2747 733 2811; x_wconf 81' lang='lat' dir='ltr'><strong>exercitus,</strong></span> <span class='ocrx_word' id='word_1_241' title='bbox 759 2748 850 2817; x_wconf 89' lang='lat' dir='ltr'><strong>qui</strong></span> <span class='ocrx_word' id='word_1_242' title='bbox 880 2746 1111 2817; x_wconf 85' lang='lat' dir='ltr'><strong>dispersi</strong></span> <span class='ocrx_word' id='word_1_243' title='bbox 1137 2747 1351 2805; x_wconf 90' lang='lat' dir='ltr'><strong>fuerant</strong></span> <span class='ocrx_word' id='word_1_244' title='bbox 1381 2748 1433 2801; x_wconf 89' lang='lat' dir='ltr'><strong>in</strong></span> <span class='ocrx_word' id='word_1_245' title='bbox 1468 2746 1803 2817; x_wconf 85' lang='lat' dir='ltr'><strong>regionibus,</strong></span> 
     </span>
    </p>
   </div>
   <div class='ocr_carea' id='block_1_41' title="bbox 370 2818 1888 2890">
    <p class='ocr_par' dir='ltr' id='par_1_41' title="bbox 370 2818 1888 2890">
     <span class='ocr_line' id='line_1_46' title="bbox 370 2818 1888 2890; baseline 0.001 -19"><span class='ocrx_word' id='word_1_246' title='bbox 370 2827 635 2873; x_wconf 85' lang='lat' dir='ltr'><strong>venerunt</strong></span> <span class='ocrx_word' id='word_1_247' title='bbox 658 2821 723 2873; x_wconf 90' lang='lat' dir='ltr'><strong>ad</strong></span> <span class='ocrx_word' id='word_1_248' title='bbox 737 2818 1016 2874; x_wconf 86' lang='lat' dir='ltr'><strong>Godoliam</strong></span> <span class='ocrx_word' id='word_1_249' title='bbox 1038 2821 1090 2873; x_wconf 93' lang='lat' dir='ltr'><strong>in</strong></span> <span class='ocrx_word' id='word_1_250' title='bbox 1112 2818 1415 2890; x_wconf 81' lang='lat' dir='ltr'><strong>Masphath.</strong></span> <span class='ocrx_word' id='word_1_251' title='bbox 1439 2821 1502 2874; x_wconf 83' lang='lat' dir='ltr'><strong>Et</strong></span> <span class='ocrx_word' id='word_1_252' title='bbox 1525 2818 1785 2875; x_wconf 79' lang='lat' dir='ltr'><strong>dixerunt</strong></span> <span class='ocrx_word' id='word_1_253' title='bbox 1804 2820 1888 2875; x_wconf 89' lang='lat' dir='ltr'><strong>ei:</strong></span> 
     </span>
    </p>
   </div>
   <div class='ocr_carea' id='block_1_42' title="bbox 298 2888 1892 2954">
    <p class='ocr_par' dir='ltr' id='par_1_42' title="bbox 298 2888 1892 2954">
     <span class='ocr_line' id='line_1_47' title="bbox 298 2888 1892 2954; baseline 0.001 -8"><span class='ocrx_word' id='word_1_254' title='bbox 298 2888 449 2946; x_wconf 86' lang='lat' dir='ltr'><strong>Scito</strong></span> <span class='ocrx_word' id='word_1_255' title='bbox 472 2893 600 2954; x_wconf 80' lang='lat' dir='ltr'><strong>quia</strong></span> <span class='ocrx_word' id='word_1_256' title='bbox 626 2892 804 2945; x_wconf 76' lang='lat' dir='ltr'><strong>Baetis</strong></span> <span class='ocrx_word' id='word_1_257' title='bbox 832 2906 927 2946; x_wconf 85' lang='lat' dir='ltr'><strong>rex</strong></span> <span class='ocrx_word' id='word_1_258' title='bbox 958 2892 1191 2947; x_wconf 80' lang='lat' dir='ltr'><strong>ﬁliorum</strong></span> <span class='ocrx_word' id='word_1_259' title='bbox 1222 2888 1451 2947; x_wconf 69' lang='lat' dir='ltr'><strong>Ammon</strong></span> <span class='ocrx_word' id='word_1_260' title='bbox 1494 2892 1641 2946; x_wconf 81' lang='lat' dir='ltr'><strong>misit</strong></span> <span class='ocrx_word' id='word_1_261' title='bbox 1696 2891 1892 2948; x_wconf 89' lang='lat' dir='ltr'><strong>lsmael</strong></span> 
     </span>
    </p>
   </div>
   <div class='ocr_carea' id='block_1_43' title="bbox 442 2961 1701 3033">
    <p class='ocr_par' dir='ltr' id='par_1_43' title="bbox 442 2961 1701 3033">
     <span class='ocr_line' id='line_1_48' title="bbox 442 2961 1701 3033; baseline 0.002 -17"><span class='ocrx_word' id='word_1_262' title='bbox 442 2963 613 3018; x_wconf 83' lang='lat' dir='ltr'><strong>lilium</strong></span> <span class='ocrx_word' id='word_1_263' title='bbox 640 2962 919 3017; x_wconf 79' lang='lat' dir='ltr'><strong>Nathaniae</strong></span> <span class='ocrx_word' id='word_1_264' title='bbox 950 2971 1234 3033; x_wconf 86' lang='lat' dir='ltr'><strong>percutere</strong></span> <span class='ocrx_word' id='word_1_265' title='bbox 1258 2961 1495 3016; x_wconf 84' lang='lat' dir='ltr'><strong>animam</strong></span> <span class='ocrx_word' id='word_1_266' title='bbox 1528 2972 1701 3018; x_wconf 86' lang='lat' dir='ltr'><strong>tuam.</strong></span> 
     </span>
    </p>
   </div>
   <div class='ocr_carea' id='block_1_44' title="bbox 370 3032 1661 3091">
    <p class='ocr_par' dir='ltr' id='par_1_44' title="bbox 370 3032 1661 3091">
     <span class='ocr_line' id='line_1_49' title="bbox 370 3032 1661 3091; baseline 0 -4"><span class='ocrx_word' id='word_1_267' title='bbox 370 3032 435 3087; x_wconf 88' lang='lat' dir='ltr'><strong>Et</strong></span> <span class='ocrx_word' id='word_1_268' title='bbox 462 3050 571 3088; x_wconf 91' lang='lat' dir='ltr'><strong>non</strong></span> <span class='ocrx_word' id='word_1_269' title='bbox 598 3034 825 3089; x_wconf 84' lang='lat' dir='ltr'><strong>credidit</strong></span> <span class='ocrx_word' id='word_1_270' title='bbox 855 3036 936 3091; x_wconf 91' lang='lat' dir='ltr'><strong>eis</strong></span> <span class='ocrx_word' id='word_1_271' title='bbox 952 3032 1216 3089; x_wconf 68' lang='lat' dir='ltr'><strong>Codolias</strong></span> <span class='ocrx_word' id='word_1_272' title='bbox 1240 3034 1382 3089; x_wconf 79' lang='lat' dir='ltr'><strong>(ilius</strong></span> <span class='ocrx_word' id='word_1_273' title='bbox 1412 3036 1661 3089; x_wconf 74' lang='lat' dir='ltr'><strong>Atticam.</strong></span> 
     </span>
    </p>
   </div>
   <div class='ocr_carea' id='block_1_45' title="bbox 295 3105 1895 3163">
    <p class='ocr_par' dir='ltr' id='par_1_45' title="bbox 295 3105 1895 3163">
     <span class='ocr_line' id='line_1_50' title="bbox 295 3105 1895 3163; baseline 0.001 -1"><span class='ocrx_word' id='word_1_274' title='bbox 295 3105 584 3162; x_wconf 71' lang='lat' dir='ltr'><strong>Johawan</strong></span> <span class='ocrx_word' id='word_1_275' title='bbox 616 3121 746 3159; x_wconf 84' lang='lat' dir='ltr'><strong>vero</strong></span> <span class='ocrx_word' id='word_1_276' title='bbox 777 3107 918 3160; x_wconf 86' lang='lat' dir='ltr'><strong>titius</strong></span> <span class='ocrx_word' id='word_1_277' title='bbox 946 3106 1117 3161; x_wconf 84' lang='lat' dir='ltr'><strong>Carec</strong></span> <span class='ocrx_word' id='word_1_278' title='bbox 1156 3105 1291 3160; x_wconf 84' lang='lat' dir='ltr'><strong>dixit</strong></span> <span class='ocrx_word' id='word_1_279' title='bbox 1316 3106 1385 3161; x_wconf 86' lang='lat' dir='ltr'><strong>ad</strong></span> <span class='ocrx_word' id='word_1_280' title='bbox 1410 3106 1694 3162; x_wconf 82' lang='lat' dir='ltr'><strong>Godoliam</strong></span> <span class='ocrx_word' id='word_1_281' title='bbox 1743 3122 1895 3163; x_wconf 83' lang='lat' dir='ltr'><strong>seor-</strong></span> 
     </span>
    </p>
   </div>
   <div class='ocr_carea' id='block_1_46' title="bbox 438 3178 1265 3247">
    <p class='ocr_par' dir='ltr' id='par_1_46' title="bbox 438 3178 1265 3247">
     <span class='ocr_line' id='line_1_51' title="bbox 438 3178 1265 3247; baseline -0.004 -14"><span class='ocrx_word' id='word_1_282' title='bbox 438 3194 560 3233; x_wconf 87' lang='lat' dir='ltr'><strong>sum</strong></span> <span class='ocrx_word' id='word_1_283' title='bbox 594 3180 647 3233; x_wconf 89' lang='lat' dir='ltr'><strong>in</strong></span> <span class='ocrx_word' id='word_1_284' title='bbox 674 3178 979 3246; x_wconf 83' lang='lat' dir='ltr'><strong>Masphatlt,</strong></span> <span class='ocrx_word' id='word_1_285' title='bbox 1000 3179 1228 3247; x_wconf 82' lang='lat' dir='ltr'><strong>loquens</strong></span> <span class='ocrx_word' id='word_1_286' title='bbox 1252 3195 1265 3230; x_wconf 87' lang='lat'><strong>;</strong></span> 
     </span>
    </p>
   </div>
   <div class='ocr_carea' id='block_1_47' title="bbox 2051 951 3048 1028">
    <p class='ocr_par' dir='ltr' id='par_1_47' title="bbox 2051 951 3048 1028">
     <span class='ocr_line' id='line_1_52' title="bbox 2051 951 3048 1028; baseline 0.01 -23"><span class='ocrx_word' id='word_1_287' title='bbox 2051 953 2175 1028; x_wconf 82' lang='lat' dir='ltr'><strong>quia</strong></span> <span class='ocrx_word' id='word_1_288' title='bbox 2203 951 2467 1028; x_wconf 77' lang='lat' dir='ltr'><strong>habemus</strong></span> <span class='ocrx_word' id='word_1_289' title='bbox 2498 952 2788 1028; x_wconf 82' lang='lat' dir='ltr'><strong>thesauros</strong></span> <span class='ocrx_word' id='word_1_290' title='bbox 2810 957 2863 1013; x_wconf 90' lang='lat' dir='ltr'><strong>in</strong></span> <span class='ocrx_word' id='word_1_291' title='bbox 2891 975 3048 1028; x_wconf 80' lang='lat' dir='ltr'><strong>agro,</strong></span> 
     </span>
    </p>
   </div>
   <div class='ocr_carea' id='block_1_48' title="bbox 2052 1021 3196 1094">
    <p class='ocr_par' dir='ltr' id='par_1_48' title="bbox 2052 1021 3196 1094">
     <span class='ocr_line' id='line_1_53' title="bbox 2052 1021 3196 1094; baseline 0.015 -18"><span class='ocrx_word' id='word_1_292' title='bbox 2052 1021 2328 1087; x_wconf 81' lang='lat' dir='ltr'><strong>frumenti,</strong></span> <span class='ocrx_word' id='word_1_293' title='bbox 2359 1031 2414 1077; x_wconf 86' lang='lat' dir='ltr'><strong>et</strong></span> <span class='ocrx_word' id='word_1_294' title='bbox 2440 1025 2651 1090; x_wconf 83' lang='lat' dir='ltr'><strong>hordei,</strong></span> <span class='ocrx_word' id='word_1_295' title='bbox 2684 1036 2740 1082; x_wconf 86' lang='lat' dir='ltr'><strong>et</strong></span> <span class='ocrx_word' id='word_1_296' title='bbox 2769 1029 2899 1094; x_wconf 90' lang='lat' dir='ltr'><strong>olei,</strong></span> <span class='ocrx_word' id='word_1_297' title='bbox 2923 1021 2977 1086; x_wconf 67' lang='lat' dir='ltr'><strong>Et</strong></span> <span class='ocrx_word' id='word_1_298' title='bbox 2999 1021 3196 1092; x_wconf 86' lang='lat' dir='ltr'><strong>mellis.</strong></span> 
     </span>
    </p>
   </div>
   <div class='ocr_carea' id='block_1_49' title="bbox 1982 1094 2320 1161">
    <p class='ocr_par' dir='ltr' id='par_1_49' title="bbox 1982 1094 2320 1161">
     <span class='ocr_line' id='line_1_54' title="bbox 1982 1094 2320 1161; baseline -0.006 -11"><span class='ocrx_word' id='word_1_299' title='bbox 1982 1095 2047 1151; x_wconf 84' lang='lat' dir='ltr'><strong>Et</strong></span> <span class='ocrx_word' id='word_1_300' title='bbox 2068 1094 2320 1161; x_wconf 85' lang='lat' dir='ltr'><strong>cessavit,</strong></span> 
     </span>
    </p>
   </div>
   <div class='ocr_carea' id='block_1_50' title="bbox 2054 1164 3260 1235">
    <p class='ocr_par' dir='ltr' id='par_1_50' title="bbox 2054 1164 3260 1235">
     <span class='ocr_line' id='line_1_55' title="bbox 2054 1164 3260 1235; baseline 0.013 -16"><span class='ocrx_word' id='word_1_301' title='bbox 2054 1174 2107 1220; x_wconf 92' lang='lat' dir='ltr'><strong>et</strong></span> <span class='ocrx_word' id='word_1_302' title='bbox 2137 1181 2242 1219; x_wconf 92' lang='lat' dir='ltr'><strong>non</strong></span> <span class='ocrx_word' id='word_1_303' title='bbox 2270 1164 2541 1223; x_wconf 82' lang='lat' dir='ltr'><strong>interfecit</strong></span> <span class='ocrx_word' id='word_1_304' title='bbox 2569 1183 2665 1224; x_wconf 89' lang='lat' dir='ltr'><strong>eos</strong></span> <span class='ocrx_word' id='word_1_305' title='bbox 2682 1185 2809 1227; x_wconf 86' lang='lat' dir='ltr'><strong>eum</strong></span> <span class='ocrx_word' id='word_1_306' title='bbox 2840 1172 3101 1231; x_wconf 89' lang='lat' dir='ltr'><strong>fratribus</strong></span> <span class='ocrx_word' id='word_1_307' title='bbox 3126 1178 3260 1235; x_wconf 85' lang='lat' dir='ltr'><strong>suis.</strong></span> 
     </span>
    </p>
   </div>
   <div class='ocr_carea' id='block_1_51' title="bbox 1982 1236 3572 1314">
    <p class='ocr_par' dir='ltr' id='par_1_51' title="bbox 1982 1236 3572 1314">
     <span class='ocr_line' id='line_1_56' title="bbox 1982 1236 3572 1314; baseline 0.013 -20"><span class='ocrx_word' id='word_1_308' title='bbox 1982 1236 2159 1314; x_wconf 80' lang='lat' dir='ltr'><strong>Lacus</strong></span> <span class='ocrx_word' id='word_1_309' title='bbox 2189 1246 2392 1303; x_wconf 88' lang='lat' dir='ltr'><strong>autem,</strong></span> <span class='ocrx_word' id='word_1_310' title='bbox 2428 1241 2479 1295; x_wconf 85' lang='lat' dir='ltr'><strong>in</strong></span> <span class='ocrx_word' id='word_1_311' title='bbox 2511 1256 2671 1309; x_wconf 89' lang='lat' dir='ltr'><strong>quem</strong></span> <span class='ocrx_word' id='word_1_312' title='bbox 2703 1243 2993 1312; x_wconf 76' lang='lat' dir='ltr'><strong>proiecerit</strong></span> <span class='ocrx_word' id='word_1_313' title='bbox 3020 1245 3215 1306; x_wconf 78' lang='lat' dir='ltr'><strong>Ismael</strong></span> <span class='ocrx_word' id='word_1_314' title='bbox 3258 1254 3436 1310; x_wconf 86' lang='lat' dir='ltr'><strong>omnia</strong></span> <span class='ocrx_word' id='word_1_315' title='bbox 3480 1273 3572 1314; x_wconf 81' lang='lat' dir='ltr'><strong>ca-</strong></span> 
     </span>
    </p>
   </div>
   <div class='ocr_carea' id='block_1_52' title="bbox 2124 1308 3573 1435">
    <p class='ocr_par' dir='ltr' id='par_1_52' title="bbox 2124 1308 3573 1435">
     <span class='ocr_line' id='line_1_57' title="bbox 2124 1308 3573 1435; baseline 0.016 -72"><span class='ocrx_word' id='word_1_316' title='bbox 2124 1308 2326 1435; x_wconf 52' lang='lat' dir='ltr'><strong>;lavera</strong></span> <span class='ocrx_word' id='word_1_317' title='bbox 2354 1308 2616 1380; x_wconf 87' lang='lat' dir='ltr'><strong>virorum,</strong></span> <span class='ocrx_word' id='word_1_318' title='bbox 2648 1308 2814 1384; x_wconf 47' lang='lat' dir='ltr'><strong>quos&#39;</strong></span> <span class='ocrx_word' id='word_1_319' title='bbox 2836 1320 3100 1384; x_wconf 86' lang='lat' dir='ltr'><strong>percussit</strong></span> <span class='ocrx_word' id='word_1_320' title='bbox 3143 1308 3573 1393; x_wconf 54' lang='lat' dir='ltr'><strong>propterﬁodo-</strong></span> 
     </span>
     <span class='ocr_line' id='line_1_58' title="bbox 2148 1397 2277 1435; baseline 0 0"><span class='ocrx_word' id='word_1_321' title='bbox 2148 1397 2277 1435; x_wconf 80' lang='lat' dir='ltr'><strong>tam.</strong></span> 
     </span>
    </p>
   </div>
   <div class='ocr_carea' id='block_1_53' title="bbox 2148 1397 2277 1447">
    <p class='ocr_par' dir='ltr' id='par_1_53' title="bbox 2148 1397 2277 1447">
     <span class='ocr_line' id='line_1_59' title="bbox 2148 1397 2277 1447; baseline 0.023 -13"><span class='ocrx_word' id='word_1_322' title='bbox 2148 1397 2277 1447; x_wconf 84' lang='lat' dir='ltr'><strong>tam,</strong></span> 
     </span>
    </p>
   </div>
   <div class='ocr_carea' id='block_1_54' title="bbox 2055 1450 3572 1579">
    <p class='ocr_par' dir='ltr' id='par_1_54' title="bbox 2055 1450 3572 1579">
     <span class='ocr_line' id='line_1_60' title="bbox 2055 1450 3572 1579; baseline 0.015 -72"><span class='ocrx_word' id='word_1_323' title='bbox 2055 1450 2173 1579; x_wconf 63' lang='lat' dir='ltr'><strong>ips]:</strong></span> <span class='ocrx_word' id='word_1_324' title='bbox 2202 1463 2306 1579; x_wconf 52' lang='lat' dir='ltr'><strong>isti,</strong></span> <span class='ocrx_word' id='word_1_325' title='bbox 2336 1470 2494 1525; x_wconf 90' lang='lat' dir='ltr'><strong>quem</strong></span> <span class='ocrx_word' id='word_1_326' title='bbox 2511 1455 2639 1510; x_wconf 83' lang='lat' dir='ltr'><strong>fecit</strong></span> <span class='ocrx_word' id='word_1_327' title='bbox 2669 1471 2765 1512; x_wconf 84' lang='lat' dir='ltr'><strong>rex</strong></span> <span class='ocrx_word' id='word_1_328' title='bbox 2789 1458 2894 1513; x_wconf 85' lang='lat' dir='ltr'><strong>Asa</strong></span> <span class='ocrx_word' id='word_1_329' title='bbox 2925 1472 3150 1531; x_wconf 87' lang='lat' dir='ltr'><strong>propter</strong></span> <span class='ocrx_word' id='word_1_330' title='bbox 3187 1464 3361 1524; x_wconf 78' lang='lat' dir='ltr'><strong>Baasa</strong></span> <span class='ocrx_word' id='word_1_331' title='bbox 3384 1485 3572 1543; x_wconf 82' lang='lat' dir='ltr'><strong>regem</strong></span> 
     </span>
     <span class='ocr_line' id='line_1_61' title="bbox 2180 1540 2334 1579; baseline 0 0"><span class='ocrx_word' id='word_1_332' title='bbox 2180 1540 2204 1579; x_wconf 93' lang='lat' dir='ltr'><strong>r</strong></span> <span class='ocrx_word' id='word_1_333' title='bbox 2239 1541 2271 1579; x_wconf 90' lang='lat' dir='ltr'><strong>e</strong></span> <span class='ocrx_word' id='word_1_334' title='bbox 2321 1543 2334 1579; x_wconf 92' lang='lat'>:</span> 
     </span>
    </p>
   </div>
   <div class='ocr_carea' id='block_1_55' title="bbox 2151 1539 2334 1582">
    <p class='ocr_par' dir='ltr' id='par_1_55' title="bbox 2151 1539 2334 1582">
     <span class='ocr_line' id='line_1_62' title="bbox 2151 1539 2334 1582; baseline 0.011 -5"><span class='ocrx_word' id='word_1_335' title='bbox 2151 1539 2291 1582; x_wconf 88' lang='lat' dir='ltr'><strong>sraet</strong></span> <span class='ocrx_word' id='word_1_336' title='bbox 2321 1543 2334 1579; x_wconf 78' lang='grc' dir='ltr'><strong>ε</strong></span> 
     </span>
    </p>
   </div>
   <div class='ocr_carea' id='block_1_56' title="bbox 2057 1596 3429 1668">
    <p class='ocr_par' dir='ltr' id='par_1_56' title="bbox 2057 1596 3429 1668">
     <span class='ocr_line' id='line_1_63' title="bbox 2057 1596 3429 1668; baseline 0.013 -18"><span class='ocrx_word' id='word_1_337' title='bbox 2057 1596 2230 1667; x_wconf 87' lang='lat' dir='ltr'><strong>ipsum</strong></span> <span class='ocrx_word' id='word_1_338' title='bbox 2265 1598 2495 1667; x_wconf 87' lang='lat' dir='ltr'><strong>replevit</strong></span> <span class='ocrx_word' id='word_1_339' title='bbox 2519 1598 2707 1655; x_wconf 90' lang='lat' dir='ltr'><strong>lsmael</strong></span> <span class='ocrx_word' id='word_1_340' title='bbox 2732 1601 2876 1660; x_wconf 79' lang='lat' dir='ltr'><strong>titius</strong></span> <span class='ocrx_word' id='word_1_341' title='bbox 2900 1603 3184 1662; x_wconf 71' lang='lat' dir='ltr'><strong>Nathanim</strong></span> <span class='ocrx_word' id='word_1_342' title='bbox 3213 1611 3429 1668; x_wconf 86' lang='lat' dir='ltr'><strong>occisis.</strong></span> 
     </span>
    </p>
   </div>
   <div class='ocr_carea' id='block_1_57' title="bbox 1984 1668 3575 1758">
    <p class='ocr_par' dir='ltr' id='par_1_57' title="bbox 1984 1668 3575 1758">
     <span class='ocr_line' id='line_1_64' title="bbox 1984 1668 3575 1758; baseline 0.009 -34"><span class='ocrx_word' id='word_1_343' title='bbox 1984 1668 2052 1724; x_wconf 84' lang='lat' dir='ltr'><strong>Et</strong></span> <span class='ocrx_word' id='word_1_344' title='bbox 2075 1669 2487 1758; x_wconf 34' lang='lat' dir='ltr'><strong>captivasgdu‘xit</strong></span> <span class='ocrx_word' id='word_1_345' title='bbox 2512 1671 2700 1758; x_wconf 58' lang='lat' dir='ltr'><strong>lsmael</strong></span> <span class='ocrx_word' id='word_1_346' title='bbox 2733 1689 2923 1733; x_wconf 90' lang='lat' dir='ltr'><strong>omnes</strong></span> <span class='ocrx_word' id='word_1_347' title='bbox 2955 1680 3215 1750; x_wconf 82' lang='lat' dir='ltr'><strong>reliquias</strong></span> <span class='ocrx_word' id='word_1_348' title='bbox 3240 1686 3453 1755; x_wconf 84' lang='lat' dir='ltr'><strong>populi,</strong></span> <span class='ocrx_word' id='word_1_349' title='bbox 3483 1687 3575 1758; x_wconf 88' lang='lat' dir='ltr'><strong>qui</strong></span> 
     </span>
    </p>
   </div>
   <div class='ocr_carea' id='block_1_58' title="bbox 2127 1741 2712 1811">
    <p class='ocr_par' dir='ltr' id='par_1_58' title="bbox 2127 1741 2712 1811">
     <span class='ocr_line' id='line_1_65' title="bbox 2127 1741 2712 1811; baseline 0.009 -17"><span class='ocrx_word' id='word_1_350' title='bbox 2127 1747 2284 1794; x_wconf 87' lang='lat' dir='ltr'><strong>erant</strong></span> <span class='ocrx_word' id='word_1_351' title='bbox 2314 1741 2363 1794; x_wconf 91' lang='lat' dir='ltr'><strong>in</strong></span> <span class='ocrx_word' id='word_1_352' title='bbox 2393 1741 2674 1811; x_wconf 85' lang='lat' dir='ltr'><strong>Masphath</strong></span> <span class='ocrx_word' id='word_1_353' title='bbox 2699 1762 2712 1799; x_wconf 89' lang='lat'><strong>:</strong></span> 
     </span>
    </p>
   </div>
   <div class='ocr_carea' id='block_1_59' title="bbox 2061 1801 3576 1935">
    <p class='ocr_par' dir='ltr' id='par_1_59' title="bbox 2061 1801 3576 1935">
     <span class='ocr_line' id='line_1_66' title="bbox 2061 1801 3576 1935; baseline 0.014 -70"><span class='ocrx_word' id='word_1_354' title='bbox 2061 1810 2198 1894; x_wconf 75' lang='lat' dir='ltr'><strong>filias</strong></span> <span class='ocrx_word' id='word_1_355' title='bbox 2214 1801 2794 1935; x_wconf 48' lang='lat' dir='ltr'><strong>laegisﬁetluniversum</strong></span> <span class='ocrx_word' id='word_1_356' title='bbox 2819 1820 3101 1890; x_wconf 90' lang='lat' dir='ltr'><strong>populum,</strong></span> <span class='ocrx_word' id='word_1_357' title='bbox 3124 1801 3576 1895; x_wconf 68' lang='lat' dir='ltr'><strong>quiiemanserat</strong></span> 
     </span>
     <span class='ocr_line' id='line_1_67' title="bbox 2133 1896 2516 1935; baseline 0 0"><span class='ocrx_word' id='word_1_358' title='bbox 2133 1898 2184 1935; x_wconf 86' lang='lat' dir='ltr'><strong>tn</strong></span> <span class='ocrx_word' id='word_1_359' title='bbox 2267 1898 2361 1935; x_wconf 84' lang='lat' dir='ltr'><strong>asa</strong></span> <span class='ocrx_word' id='word_1_360' title='bbox 2406 1896 2456 1935; x_wconf 82' lang='lat' dir='ltr'><strong>at</strong></span> <span class='ocrx_word' id='word_1_361' title='bbox 2481 1904 2516 1935; x_wconf 82' lang='grc' dir='ltr'><strong>ι.</strong></span> 
     </span>
    </p>
   </div>
   <div class='ocr_carea' id='block_1_60' title="bbox 2133 1896 2516 1952">
    <p class='ocr_par' dir='ltr' id='par_1_60' title="bbox 2133 1896 2516 1952">
     <span class='ocr_line' id='line_1_68' title="bbox 2133 1896 2516 1952; baseline -0.003 -17"><span class='ocrx_word' id='word_1_362' title='bbox 2133 1898 2184 1935; x_wconf 83' lang='grc' dir='ltr'><strong>ιη</strong></span> <span class='ocrx_word' id='word_1_363' title='bbox 2214 1896 2516 1952; x_wconf 78' lang='lat' dir='ltr'><strong>maspnatn,</strong></span> 
     </span>
    </p>
   </div>
   <div class='ocr_carea' id='block_1_61' title="bbox 2060 1956 3582 2040">
    <p class='ocr_par' dir='ltr' id='par_1_61' title="bbox 2060 1956 3582 2040">
     <span class='ocr_line' id='line_1_69' title="bbox 2060 1956 3582 2040; baseline 0.016 -35"><span class='ocrx_word' id='word_1_364' title='bbox 2060 1968 2210 2040; x_wconf 43' lang='lat' dir='ltr'><strong>ques.</strong></span> <span class='ocrx_word' id='word_1_365' title='bbox 2239 1956 3114 2040; x_wconf 30' lang='lat' dir='ltr'><strong>eamunet‘idaverat‘Nabarzardan</strong></span> <span class='ocrx_word' id='word_1_366' title='bbox 3166 1967 3422 2040; x_wconf 76' lang='lat' dir='ltr'><strong>princeps</strong></span> <span class='ocrx_word' id='word_1_367' title='bbox 3480 1972 3582 2028; x_wconf 87' lang='lat' dir='ltr'><strong>mi-</strong></span> 
     </span>
    </p>
   </div>
   <div class='ocr_carea' id='block_1_62' title="bbox 2137 2023 2935 2087">
    <p class='ocr_par' dir='ltr' id='par_1_62' title="bbox 2137 2023 2935 2087">
     <span class='ocr_line' id='line_1_70' title="bbox 2137 2023 2935 2087; baseline 0.008 -8"><span class='ocrx_word' id='word_1_368' title='bbox 2137 2025 2265 2080; x_wconf 63' lang='lat' dir='ltr'><strong>litiae</strong></span> <span class='ocrx_word' id='word_1_369' title='bbox 2286 2023 2527 2082; x_wconf 72' lang='lat' dir='ltr'><strong>Godolim</strong></span> <span class='ocrx_word' id='word_1_370' title='bbox 2558 2027 2670 2082; x_wconf 88' lang='lat' dir='ltr'><strong>filio</strong></span> <span class='ocrx_word' id='word_1_371' title='bbox 2688 2029 2935 2087; x_wconf 82' lang='lat' dir='ltr'><strong>Atticam.</strong></span> 
     </span>
    </p>
   </div>
   <div class='ocr_carea' id='block_1_63' title="bbox 1990 2095 3074 2172">
    <p class='ocr_par' dir='ltr' id='par_1_63' title="bbox 1990 2095 3074 2172">
     <span class='ocr_line' id='line_1_71' title="bbox 1990 2095 3074 2172; baseline 0.008 -18"><span class='ocrx_word' id='word_1_372' title='bbox 1990 2098 2059 2155; x_wconf 85' lang='lat' dir='ltr'><strong>Et</strong></span> <span class='ocrx_word' id='word_1_373' title='bbox 2086 2095 2237 2172; x_wconf 72' lang='lat' dir='ltr'><strong>cepit</strong></span> <span class='ocrx_word' id='word_1_374' title='bbox 2254 2112 2348 2150; x_wconf 92' lang='lat' dir='ltr'><strong>cos</strong></span> <span class='ocrx_word' id='word_1_375' title='bbox 2377 2097 2565 2153; x_wconf 63' lang='lat' dir='ltr'><strong>[quael</strong></span> <span class='ocrx_word' id='word_1_376' title='bbox 2595 2099 2734 2155; x_wconf 82' lang='lat' dir='ltr'><strong>filius</strong></span> <span class='ocrx_word' id='word_1_377' title='bbox 2772 2103 3074 2172; x_wconf 69' lang='lat' dir='ltr'><strong>Nathanim,</strong></span> 
     </span>
    </p>
   </div>
   <div class='ocr_carea' id='block_1_64' title="bbox 2062 2168 3168 2234">
    <p class='ocr_par' dir='ltr' id='par_1_64' title="bbox 2062 2168 3168 2234">
     <span class='ocr_line' id='line_1_72' title="bbox 2062 2168 3168 2234; baseline 0.01 -11"><span class='ocrx_word' id='word_1_378' title='bbox 2062 2168 2268 2223; x_wconf 84' lang='lat' dir='ltr'><strong>etabiit</strong></span> <span class='ocrx_word' id='word_1_379' title='bbox 2295 2178 2352 2222; x_wconf 90' lang='lat' dir='ltr'><strong>ut</strong></span> <span class='ocrx_word' id='word_1_380' title='bbox 2382 2172 2632 2226; x_wconf 79' lang='lat' dir='ltr'><strong>transiret</strong></span> <span class='ocrx_word' id='word_1_381' title='bbox 2654 2173 2719 2226; x_wconf 89' lang='lat' dir='ltr'><strong>ad</strong></span> <span class='ocrx_word' id='word_1_382' title='bbox 2754 2176 2894 2231; x_wconf 82' lang='lat' dir='ltr'><strong>filios</strong></span> <span class='ocrx_word' id='word_1_383' title='bbox 2915 2168 3168 2234; x_wconf 77' lang='lat' dir='ltr'><strong>Ammon.</strong></span> 
     </span>
    </p>
   </div>
   <div class='ocr_carea' id='block_1_65' title="bbox 1992 2240 3576 2327">
    <p class='ocr_par' dir='ltr' id='par_1_65' title="bbox 1992 2240 3576 2327">
     <span class='ocr_line' id='line_1_73' title="bbox 1992 2240 3576 2327; baseline 0.012 -33"><span class='ocrx_word' id='word_1_384' title='bbox 1992 2241 2215 2321; x_wconf 77' lang='lat' dir='ltr'><strong>Audivit</strong></span> <span class='ocrx_word' id='word_1_385' title='bbox 2241 2250 2419 2327; x_wconf 69' lang='lat' dir='ltr'><strong>autem</strong></span> <span class='ocrx_word' id='word_1_386' title='bbox 2449 2240 2733 2327; x_wconf 61' lang='lat' dir='ltr'><strong>iobannan</strong></span> <span class='ocrx_word' id='word_1_387' title='bbox 2762 2246 3175 2327; x_wconf 71' lang='lat' dir='ltr'><strong>liliusCaree,et</strong></span> <span class='ocrx_word' id='word_1_388' title='bbox 3204 2268 3399 2310; x_wconf 81' lang='lat' dir='ltr'><strong>omnes</strong></span> <span class='ocrx_word' id='word_1_389' title='bbox 3426 2258 3576 2327; x_wconf 82' lang='lat' dir='ltr'><strong>prin-</strong></span> 
     </span>
    </p>
   </div>
   <div class='ocr_carea' id='block_1_66' title="bbox 2136 2311 3582 2384">
    <p class='ocr_par' dir='ltr' id='par_1_66' title="bbox 2136 2311 3582 2384">
     <span class='ocr_line' id='line_1_74' title="bbox 2136 2311 3582 2384; baseline 0.012 -18"><span class='ocrx_word' id='word_1_390' title='bbox 2136 2311 2287 2381; x_wconf 89' lang='lat' dir='ltr'><strong>cipes</strong></span> <span class='ocrx_word' id='word_1_391' title='bbox 2315 2313 2660 2380; x_wconf 75' lang='lat' dir='ltr'><strong>bellatorum,</strong></span> <span class='ocrx_word' id='word_1_392' title='bbox 2690 2318 2777 2384; x_wconf 91' lang='lat' dir='ltr'><strong>qui</strong></span> <span class='ocrx_word' id='word_1_393' title='bbox 2801 2329 2955 2373; x_wconf 89' lang='lat' dir='ltr'><strong>erant</strong></span> <span class='ocrx_word' id='word_1_394' title='bbox 2986 2311 3106 2375; x_wconf 87' lang='lat' dir='ltr'><strong>cum</strong></span> <span class='ocrx_word' id='word_1_395' title='bbox 3135 2340 3222 2384; x_wconf 86' lang='lat' dir='ltr'><strong>eo.</strong></span> <span class='ocrx_word' id='word_1_396' title='bbox 3252 2311 3437 2384; x_wconf 49' lang='lat' dir='ltr'><strong>omne.</strong></span> <span class='ocrx_word' id='word_1_397' title='bbox 3467 2311 3582 2384; x_wconf 76' lang='lat' dir='ltr'><strong>ma-</strong></span> 
     </span>
    </p>
   </div>
   <div class='ocr_carea' id='block_1_67' title="bbox 2134 2384 3388 2454">
    <p class='ocr_par' dir='ltr' id='par_1_67' title="bbox 2134 2384 3388 2454">
     <span class='ocr_line' id='line_1_75' title="bbox 2134 2384 3388 2454; baseline 0.01 -15"><span class='ocrx_word' id='word_1_398' title='bbox 2134 2384 2266 2451; x_wconf 83' lang='lat' dir='ltr'><strong>lttm,</strong></span> <span class='ocrx_word' id='word_1_399' title='bbox 2291 2386 2435 2454; x_wconf 79' lang='lat' dir='ltr'><strong>quod</strong></span> <span class='ocrx_word' id='word_1_400' title='bbox 2466 2386 2671 2441; x_wconf 74' lang='lat' dir='ltr'><strong>fecerat</strong></span> <span class='ocrx_word' id='word_1_401' title='bbox 2700 2388 2894 2445; x_wconf 80' lang='lat' dir='ltr'><strong>lsmael</strong></span> <span class='ocrx_word' id='word_1_402' title='bbox 2918 2390 3061 2446; x_wconf 82' lang='lat' dir='ltr'><strong>ﬁlius</strong></span> <span class='ocrx_word' id='word_1_403' title='bbox 3088 2394 3388 2451; x_wconf 69' lang='lat' dir='ltr'><strong>Nathanim.</strong></span> 
     </span>
    </p>
   </div>
   <div class='ocr_carea' id='block_1_68' title="bbox 1993 2456 3582 2529">
    <p class='ocr_par' dir='ltr' id='par_1_68' title="bbox 1993 2456 3582 2529">
     <span class='ocr_line' id='line_1_76' title="bbox 1993 2456 3582 2529; baseline 0.013 -20"><span class='ocrx_word' id='word_1_404' title='bbox 1993 2456 2062 2512; x_wconf 88' lang='lat' dir='ltr'><strong>Et</strong></span> <span class='ocrx_word' id='word_1_405' title='bbox 2091 2458 2391 2529; x_wconf 81' lang='lat' dir='ltr'><strong>assumptis</strong></span> <span class='ocrx_word' id='word_1_406' title='bbox 2411 2457 2682 2513; x_wconf 84' lang='lat' dir='ltr'><strong>universis</strong></span> <span class='ocrx_word' id='word_1_407' title='bbox 2710 2459 2865 2525; x_wconf 88' lang='lat' dir='ltr'><strong>viris,</strong></span> <span class='ocrx_word' id='word_1_408' title='bbox 2915 2464 3141 2527; x_wconf 84' lang='lat' dir='ltr'><strong>profecti</strong></span> <span class='ocrx_word' id='word_1_409' title='bbox 3189 2479 3334 2523; x_wconf 75' lang='lat' dir='ltr'><strong>sunt.</strong></span> <span class='ocrx_word' id='word_1_410' title='bbox 3365 2480 3422 2525; x_wconf 88' lang='lat' dir='ltr'><strong>ut</strong></span> <span class='ocrx_word' id='word_1_411' title='bbox 3467 2473 3582 2529; x_wconf 83' lang='lat' dir='ltr'><strong>hei--</strong></span> 
     </span>
    </p>
   </div>
   <div class='ocr_carea' id='block_1_69' title="bbox 2135 2528 3380 2607">
    <p class='ocr_par' dir='ltr' id='par_1_69' title="bbox 2135 2528 3380 2607">
     <span class='ocr_line' id='line_1_77' title="bbox 2135 2528 3380 2607; baseline 0.013 -27"><span class='ocrx_word' id='word_1_412' title='bbox 2135 2528 2311 2607; x_wconf 82' lang='lat' dir='ltr'><strong>larem</strong></span> <span class='ocrx_word' id='word_1_413' title='bbox 2329 2528 2620 2583; x_wconf 75' lang='lat' dir='ltr'><strong>adversum</strong></span> <span class='ocrx_word' id='word_1_414' title='bbox 2648 2530 2858 2607; x_wconf 82' lang='lat' dir='ltr'><strong>Ismact,</strong></span> <span class='ocrx_word' id='word_1_415' title='bbox 2890 2533 3054 2589; x_wconf 76' lang='lat' dir='ltr'><strong>filium</strong></span> <span class='ocrx_word' id='word_1_416' title='bbox 3080 2536 3380 2607; x_wconf 68' lang='lat' dir='ltr'><strong>Nathanite,</strong></span> 
     </span>
    </p>
   </div>
   <div class='ocr_carea' id='block_1_70' title="bbox 2066 2601 3156 2677">
    <p class='ocr_par' dir='ltr' id='par_1_70' title="bbox 2066 2601 3156 2677">
     <span class='ocr_line' id='line_1_78' title="bbox 2066 2601 3156 2677; baseline 0.008 -24"><span class='ocrx_word' id='word_1_417' title='bbox 2066 2607 2121 2653; x_wconf 88' lang='lat' dir='ltr'><strong>et</strong></span> <span class='ocrx_word' id='word_1_418' title='bbox 2144 2601 2616 2677; x_wconf 33' lang='lat' dir='ltr'><strong>invenerunt‘eum</strong></span> <span class='ocrx_word' id='word_1_419' title='bbox 2649 2602 2716 2657; x_wconf 84' lang='lat' dir='ltr'><strong>ad</strong></span> <span class='ocrx_word' id='word_1_420' title='bbox 2740 2616 2909 2673; x_wconf 79' lang='lat' dir='ltr'><strong>aquas</strong></span> <span class='ocrx_word' id='word_1_421' title='bbox 2936 2608 3156 2677; x_wconf 85' lang='lat' dir='ltr'><strong>multas,</strong></span> 
     </span>
    </p>
   </div>
   <div class='ocr_carea' id='block_1_71' title="bbox 2064 2670 2700 2739">
    <p class='ocr_par' dir='ltr' id='par_1_71' title="bbox 2064 2670 2700 2739">
     <span class='ocr_line' id='line_1_79' title="bbox 2064 2670 2700 2739; baseline 0.008 -16"><span class='ocrx_word' id='word_1_422' title='bbox 2064 2686 2182 2739; x_wconf 69' lang='lat' dir='ltr'><strong>quae</strong></span> <span class='ocrx_word' id='word_1_423' title='bbox 2212 2678 2342 2725; x_wconf 82' lang='lat' dir='ltr'><strong>sunt</strong></span> <span class='ocrx_word' id='word_1_424' title='bbox 2372 2671 2425 2725; x_wconf 92' lang='lat' dir='ltr'><strong>in</strong></span> <span class='ocrx_word' id='word_1_425' title='bbox 2456 2670 2700 2728; x_wconf 87' lang='lat' dir='ltr'><strong>Gabaon.</strong></span> 
     </span>
    </p>
   </div>
   <div class='ocr_carea' id='block_1_72' title="bbox 1994 2742 3580 2824">
    <p class='ocr_par' dir='ltr' id='par_1_72' title="bbox 1994 2742 3580 2824">
     <span class='ocr_line' id='line_1_80' title="bbox 1994 2742 3580 2824; baseline 0.011 -26"><span class='ocrx_word' id='word_1_426' title='bbox 1994 2742 2237 2824; x_wconf 79' lang='lat' dir='ltr'><strong>Cumque</strong></span> <span class='ocrx_word' id='word_1_427' title='bbox 2255 2742 2491 2824; x_wconf 58' lang='lat' dir='ltr'><strong>vidisset</strong></span> <span class='ocrx_word' id='word_1_428' title='bbox 2502 2747 2696 2824; x_wconf 65' lang='lat' dir='ltr'><strong>omnis</strong></span> <span class='ocrx_word' id='word_1_429' title='bbox 2712 2746 2959 2815; x_wconf 88' lang='lat' dir='ltr'><strong>populus,</strong></span> <span class='ocrx_word' id='word_1_430' title='bbox 2976 2753 3065 2817; x_wconf 89' lang='lat' dir='ltr'><strong>qui</strong></span> <span class='ocrx_word' id='word_1_431' title='bbox 3080 2761 3203 2824; x_wconf 86' lang='lat' dir='ltr'><strong>erat</strong></span> <span class='ocrx_word' id='word_1_432' title='bbox 3221 2768 3341 2811; x_wconf 79' lang='lat' dir='ltr'><strong>cum</strong></span> <span class='ocrx_word' id='word_1_433' title='bbox 3364 2754 3580 2824; x_wconf 76' lang='lat' dir='ltr'><strong>lsmael.</strong></span> 
     </span>
    </p>
   </div>
   <div class='ocr_carea' id='block_1_73' title="bbox 2138 2812 3583 2902">
    <p class='ocr_par' dir='ltr' id='par_1_73' title="bbox 2138 2812 3583 2902">
     <span class='ocr_line' id='line_1_81' title="bbox 2138 2812 3583 2902; baseline 0.019 -43"><span class='ocrx_word' id='word_1_434' title='bbox 2138 2812 2425 2902; x_wconf 54' lang='lat' dir='ltr'><strong>:lolrannan</strong></span> <span class='ocrx_word' id='word_1_435' title='bbox 2461 2816 2627 2899; x_wconf 82' lang='lat' dir='ltr'><strong>filium</strong></span> <span class='ocrx_word' id='word_1_436' title='bbox 2659 2812 2849 2902; x_wconf 75' lang='lat' dir='ltr'><strong>Caree,</strong></span> <span class='ocrx_word' id='word_1_437' title='bbox 2904 2812 2959 2874; x_wconf 87' lang='lat' dir='ltr'><strong>et</strong></span> <span class='ocrx_word' id='word_1_438' title='bbox 2994 2812 3281 2882; x_wconf 78' lang='lat' dir='ltr'><strong>universos</strong></span> <span class='ocrx_word' id='word_1_439' title='bbox 3313 2812 3583 2902; x_wconf 70' lang='lat' dir='ltr'><strong>principes</strong></span> 
     </span>
    </p>
   </div>
   <div class='ocr_carea' id='block_1_74' title="bbox 2140 2884 3051 2959">
    <p class='ocr_par' dir='ltr' id='par_1_74' title="bbox 2140 2884 3051 2959">
     <span class='ocr_line' id='line_1_82' title="bbox 2140 2884 3051 2959; baseline 0.01 -20"><span class='ocrx_word' id='word_1_440' title='bbox 2140 2884 2486 2951; x_wconf 85' lang='lat' dir='ltr'><strong>bellatorum,</strong></span> <span class='ocrx_word' id='word_1_441' title='bbox 2516 2889 2605 2958; x_wconf 90' lang='lat' dir='ltr'><strong>qui</strong></span> <span class='ocrx_word' id='word_1_442' title='bbox 2631 2896 2790 2943; x_wconf 86' lang='lat' dir='ltr'><strong>erant</strong></span> <span class='ocrx_word' id='word_1_443' title='bbox 2812 2905 2934 2945; x_wconf 87' lang='lat' dir='ltr'><strong>cum</strong></span> <span class='ocrx_word' id='word_1_444' title='bbox 2961 2906 3051 2959; x_wconf 88' lang='lat' dir='ltr'><strong>eo,</strong></span> 
     </span>
    </p>
   </div>
   <div class='ocr_carea' id='block_1_75' title="bbox 2065 2960 2413 3015">
    <p class='ocr_par' dir='ltr' id='par_1_75' title="bbox 2065 2960 2413 3015">
     <span class='ocr_line' id='line_1_83' title="bbox 2065 2960 2413 3015; baseline -0.011 -1"><span class='ocrx_word' id='word_1_445' title='bbox 2065 2960 2229 3015; x_wconf 56' lang='lat' dir='ltr'><strong>laetati</strong></span> <span class='ocrx_word' id='word_1_446' title='bbox 2269 2968 2413 3013; x_wconf 89' lang='lat' dir='ltr'><strong>sunt.</strong></span> 
     </span>
    </p>
   </div>
   <div class='ocr_carea' id='block_1_76' title="bbox 1997 3002 3583 3156">
    <p class='ocr_par' dir='ltr' id='par_1_76' title="bbox 1997 3002 3583 3156">
     <span class='ocr_line' id='line_1_84' title="bbox 1997 3002 3583 3156; baseline 0.014 -77"><span class='ocrx_word' id='word_1_447' title='bbox 1997 3002 2343 3156; x_wconf 48' lang='lat' dir='ltr'><strong>EtTeverﬁus</strong></span> <span class='ocrx_word' id='word_1_448' title='bbox 2372 3031 2659 3154; x_wconf 48' lang='lat' dir='ltr'><strong>Estlomnis</strong></span> <span class='ocrx_word' id='word_1_449' title='bbox 2674 3034 2928 3103; x_wconf 88' lang='lat' dir='ltr'><strong>populus,</strong></span> <span class='ocrx_word' id='word_1_450' title='bbox 2950 3052 3111 3107; x_wconf 83' lang='lat' dir='ltr'><strong>quem</strong></span> <span class='ocrx_word' id='word_1_451' title='bbox 3132 3002 3583 3115; x_wconf 73' lang='lat' dir='ltr'><strong>eeperatlsmael,</strong></span> 
     </span>
     <span class='ocr_line' id='line_1_85' title="bbox 2140 3116 2541 3156; baseline 0 0"><span class='ocrx_word' id='word_1_452' title='bbox 2140 3118 2194 3156; x_wconf 79' lang='lat' dir='ltr'><strong>in</strong></span> <span class='ocrx_word' id='word_1_453' title='bbox 2273 3116 2367 3156; x_wconf 88' lang='lat' dir='ltr'><strong>aso</strong></span> <span class='ocrx_word' id='word_1_454' title='bbox 2408 3117 2438 3155; x_wconf 86' lang='lat' dir='ltr'><strong>a</strong></span> <span class='ocrx_word' id='word_1_455' title='bbox 2487 3119 2541 3156; x_wconf 75' lang='grc' dir='ltr'><strong>ις</strong></span> 
     </span>
    </p>
   </div>
   <div class='ocr_carea' id='block_1_77' title="bbox 2140 3116 2541 3171">
    <p class='ocr_par' dir='ltr' id='par_1_77' title="bbox 2140 3116 2541 3171">
     <span class='ocr_line' id='line_1_86' title="bbox 2140 3116 2541 3171; baseline 0 -15"><span class='ocrx_word' id='word_1_456' title='bbox 2140 3118 2194 3156; x_wconf 80' lang='lat' dir='ltr'><strong>in</strong></span> <span class='ocrx_word' id='word_1_457' title='bbox 2220 3116 2499 3171; x_wconf 74' lang='lat' dir='ltr'><strong>tuaspnatn</strong></span> <span class='ocrx_word' id='word_1_458' title='bbox 2529 3121 2541 3156; x_wconf 91' lang='lat'><strong>:</strong></span> 
     </span>
    </p>
   </div>
   <div class='ocr_carea' id='block_1_78' title="bbox 2070 3174 3424 3242">
    <p class='ocr_par' dir='ltr' id='par_1_78' title="bbox 2070 3174 3424 3242">
     <span class='ocr_line' id='line_1_87' title="bbox 2070 3174 3424 3242; baseline 0.006 -12"><span class='ocrx_word' id='word_1_459' title='bbox 2070 3189 2431 3242; x_wconf 63' lang='lat' dir='ltr'><strong>reversusque</strong></span> <span class='ocrx_word' id='word_1_460' title='bbox 2457 3174 2593 3228; x_wconf 86' lang='lat' dir='ltr'><strong>abiit</strong></span> <span class='ocrx_word' id='word_1_461' title='bbox 2617 3174 2683 3229; x_wconf 88' lang='lat' dir='ltr'><strong>ad</strong></span> <span class='ocrx_word' id='word_1_462' title='bbox 2711 3174 3012 3234; x_wconf 81' lang='lat' dir='ltr'><strong>Jobannam</strong></span> <span class='ocrx_word' id='word_1_463' title='bbox 3036 3182 3204 3237; x_wconf 80' lang='lat' dir='ltr'><strong>litium</strong></span> <span class='ocrx_word' id='word_1_464' title='bbox 3234 3180 3424 3241; x_wconf 72' lang='lat' dir='ltr'><strong>Cares.</strong></span> 
     </span>
    </p>
   </div>
   <div class='ocr_carea' id='block_1_79' title="bbox 299 3236 3607 3321">
    <p class='ocr_par' dir='ltr' id='par_1_79' title="bbox 299 3236 3607 3321">
     <span class='ocr_line' id='line_1_88' title="bbox 299 3236 3607 3321; baseline 0.004 -17"><span class='ocrx_word' id='word_1_465' title='bbox 299 3248 412 3315; x_wconf 85' lang='lat' dir='ltr'><strong>lho,</strong></span> <span class='ocrx_word' id='word_1_466' title='bbox 452 3258 510 3304; x_wconf 88' lang='lat' dir='ltr'><strong>et</strong></span> <span class='ocrx_word' id='word_1_467' title='bbox 562 3236 855 3317; x_wconf 70' lang='lat' dir='ltr'><strong>percutiam</strong></span> <span class='ocrx_word' id='word_1_468' title='bbox 904 3236 1097 3306; x_wconf 74' lang='lat' dir='ltr'><strong>Ismaci</strong></span> <span class='ocrx_word' id='word_1_469' title='bbox 1149 3250 1318 3307; x_wconf 69' lang='lat' dir='ltr'><strong>lilium</strong></span> <span class='ocrx_word' id='word_1_470' title='bbox 1370 3250 1676 3317; x_wconf 74' lang='lat' dir='ltr'><strong>Natltanite,</strong></span> <span class='ocrx_word' id='word_1_471' title='bbox 1741 3250 1895 3307; x_wconf 86' lang='lat' dir='ltr'><strong>nullo</strong></span> <span class='ocrx_word' id='word_1_472' title='bbox 1921 3240 1966 3302; x_wconf 89' lang='lat' dir='ltr'><strong>C</strong></span> <span class='ocrx_word' id='word_1_473' title='bbox 1994 3248 2190 3321; x_wconf 82' lang='lat' dir='ltr'><strong>lsmael</strong></span> <span class='ocrx_word' id='word_1_474' title='bbox 2222 3236 2401 3321; x_wconf 71' lang='lat' dir='ltr'><strong>autem</strong></span> <span class='ocrx_word' id='word_1_475' title='bbox 2432 3245 2571 3299; x_wconf 89' lang='lat' dir='ltr'><strong>tilius</strong></span> <span class='ocrx_word' id='word_1_476' title='bbox 2600 3246 2879 3303; x_wconf 74' lang='lat' dir='ltr'><strong>Nathanize</strong></span> <span class='ocrx_word' id='word_1_477' title='bbox 2910 3251 3036 3321; x_wconf 83' lang='lat' dir='ltr'><strong>fugit</strong></span> <span class='ocrx_word' id='word_1_478' title='bbox 3086 3236 3207 3308; x_wconf 78' lang='lat' dir='ltr'><strong>cum</strong></span> <span class='ocrx_word' id='word_1_479' title='bbox 3238 3236 3520 3316; x_wconf 61' lang='lat' dir='ltr'><strong>octoviris</strong></span> <span class='ocrx_word' id='word_1_480' title='bbox 3550 3277 3579 3316; x_wconf 86' lang='lat' dir='ltr'><strong>a</strong></span> <span class='ocrx_word' id='word_1_481' title='bbox 3606 3236 3607 3239; x_wconf 7' lang='grc' dir='ltr'>Ἴ</span> 
     </span>
    </p>
   </div>
   <div class='ocr_carea' id='block_1_80' title="bbox 441 3324 671 3385">
    <p class='ocr_par' dir='ltr' id='par_1_80' title="bbox 441 3324 671 3385">
     <span class='ocr_line' id='line_1_89' title="bbox 441 3324 671 3385; baseline -0.004 -10"><span class='ocrx_word' id='word_1_482' title='bbox 441 3324 671 3385; x_wconf 87' lang='lat' dir='ltr'><strong>sciente,</strong></span> 
     </span>
    </p>
   </div>
   <div class='ocr_carea' id='block_1_81' title="bbox 380 3392 1227 3457">
    <p class='ocr_par' dir='ltr' id='par_1_81' title="bbox 380 3392 1227 3457">
     <span class='ocr_line' id='line_1_90' title="bbox 380 3392 1227 3457; baseline 0.002 -12"><span class='ocrx_word' id='word_1_483' title='bbox 380 3407 450 3447; x_wconf 89' lang='lat' dir='ltr'><strong>ne</strong></span> <span class='ocrx_word' id='word_1_484' title='bbox 480 3392 765 3448; x_wconf 82' lang='lat' dir='ltr'><strong>interficiat</strong></span> <span class='ocrx_word' id='word_1_485' title='bbox 788 3394 1026 3447; x_wconf 84' lang='lat' dir='ltr'><strong>animam</strong></span> <span class='ocrx_word' id='word_1_486' title='bbox 1059 3401 1227 3457; x_wconf 84' lang='lat' dir='ltr'><strong>tuam,</strong></span> 
     </span>
    </p>
   </div>
   <div class='ocr_carea' id='block_1_82' title="bbox 376 3464 1895 3590">
    <p class='ocr_par' dir='ltr' id='par_1_82' title="bbox 376 3464 1895 3590">
     <span class='ocr_line' id='line_1_91' title="bbox 376 3464 1895 3590; baseline 0.004 -71"><span class='ocrx_word' id='word_1_487' title='bbox 376 3474 435 3519; x_wconf 84' lang='lat' dir='ltr'><strong>et</strong></span> <span class='ocrx_word' id='word_1_488' title='bbox 459 3465 786 3590; x_wconf 47' lang='lat' dir='ltr'><strong>djsfipeatur</strong></span> <span class='ocrx_word' id='word_1_489' title='bbox 808 3480 1000 3521; x_wconf 90' lang='lat' dir='ltr'><strong>omnes</strong></span> <span class='ocrx_word' id='word_1_490' title='bbox 1048 3464 1246 3532; x_wconf 76' lang='lat' dir='ltr'><strong>Judzei,</strong></span> <span class='ocrx_word' id='word_1_491' title='bbox 1292 3468 1383 3538; x_wconf 91' lang='lat' dir='ltr'><strong>qui</strong></span> <span class='ocrx_word' id='word_1_492' title='bbox 1413 3471 1725 3540; x_wconf 76' lang='lat' dir='ltr'><strong>congregati</strong></span> <span class='ocrx_word' id='word_1_493' title='bbox 1767 3477 1895 3525; x_wconf 85' lang='lat' dir='ltr'><strong>sunt</strong></span> 
     </span>
     <span class='ocr_line' id='line_1_92' title="bbox 450 3551 609 3590; baseline 0 0"><span class='ocrx_word' id='word_1_494' title='bbox 450 3551 480 3590; x_wconf 93' lang='lat' dir='ltr'><strong>a</strong></span> <span class='ocrx_word' id='word_1_495' title='bbox 561 3552 609 3590; x_wconf 87' lang='lat' dir='ltr'><strong>e.</strong></span> 
     </span>
    </p>
   </div>
   <div class='ocr_carea' id='block_1_83' title="bbox 450 3546 609 3602">
    <p class='ocr_par' dir='ltr' id='par_1_83' title="bbox 450 3546 609 3602">
     <span class='ocr_line' id='line_1_93' title="bbox 450 3546 609 3602; baseline 0.006 -12"><span class='ocrx_word' id='word_1_496' title='bbox 450 3546 515 3590; x_wconf 86' lang='lat' dir='ltr'><strong>ad</strong></span> <span class='ocrx_word' id='word_1_497' title='bbox 540 3546 609 3602; x_wconf 88' lang='lat' dir='ltr'><strong>te,</strong></span> 
     </span>
    </p>
   </div>
   <div class='ocr_carea' id='block_1_84' title="bbox 372 3608 1157 3681">
    <p class='ocr_par' dir='ltr' id='par_1_84' title="bbox 372 3608 1157 3681">
     <span class='ocr_line' id='line_1_94' title="bbox 372 3608 1157 3681; baseline 0.005 -18"><span class='ocrx_word' id='word_1_498' title='bbox 372 3619 431 3663; x_wconf 74' lang='lat' dir='ltr'><strong>et</strong></span> <span class='ocrx_word' id='word_1_499' title='bbox 457 3609 710 3681; x_wconf 81' lang='lat' dir='ltr'><strong>peribunt</strong></span> <span class='ocrx_word' id='word_1_500' title='bbox 732 3609 977 3681; x_wconf 80' lang='lat' dir='ltr'><strong>reliquia:</strong></span> <span class='ocrx_word' id='word_1_501' title='bbox 996 3608 1157 3681; x_wconf 82' lang='lat' dir='ltr'><strong>Juda,</strong></span> 
     </span>
    </p>
   </div>
   <div class='ocr_carea' id='block_1_85' title="bbox 302 3677 1889 3743">
    <p class='ocr_par' dir='ltr' id='par_1_85' title="bbox 302 3677 1889 3743">
     <span class='ocr_line' id='line_1_95' title="bbox 302 3677 1889 3743; baseline 0.004 -11"><span class='ocrx_word' id='word_1_502' title='bbox 302 3677 373 3733; x_wconf 85' lang='lat' dir='ltr'><strong>Et</strong></span> <span class='ocrx_word' id='word_1_503' title='bbox 389 3677 884 3735; x_wconf 77' lang='lat' dir='ltr'><strong>aitGodotiasﬂlius</strong></span> <span class='ocrx_word' id='word_1_504' title='bbox 900 3683 1122 3738; x_wconf 71' lang='lat' dir='ltr'><strong>Atticam</strong></span> <span class='ocrx_word' id='word_1_505' title='bbox 1137 3677 1203 3738; x_wconf 82' lang='lat' dir='ltr'><strong>ad</strong></span> <span class='ocrx_word' id='word_1_506' title='bbox 1218 3684 1501 3741; x_wconf 87' lang='lat' dir='ltr'><strong>Jobannan</strong></span> <span class='ocrx_word' id='word_1_507' title='bbox 1518 3685 1889 3743; x_wconf 83' lang='lat' dir='ltr'><strong>ﬁliumCaree:</strong></span> 
     </span>
    </p>
   </div>
   <div class='ocr_carea' id='block_1_86' title="bbox 300 3750 1076 3809">
    <p class='ocr_par' dir='ltr' id='par_1_86' title="bbox 300 3750 1076 3809">
     <span class='ocr_line' id='line_1_96' title="bbox 300 3750 1076 3809; baseline 0.003 -2"><span class='ocrx_word' id='word_1_508' title='bbox 300 3750 423 3807; x_wconf 87' lang='lat' dir='ltr'><strong>Noli</strong></span> <span class='ocrx_word' id='word_1_509' title='bbox 457 3752 643 3806; x_wconf 87' lang='lat' dir='ltr'><strong>facere</strong></span> <span class='ocrx_word' id='word_1_510' title='bbox 676 3755 900 3806; x_wconf 82' lang='lat' dir='ltr'><strong>verbum</strong></span> <span class='ocrx_word' id='word_1_511' title='bbox 931 3753 1034 3809; x_wconf 75' lang='lat' dir='ltr'><strong>hoc</strong></span> <span class='ocrx_word' id='word_1_512' title='bbox 1062 3773 1076 3808; x_wconf 89' lang='lat'><strong>:</strong></span> 
     </span>
    </p>
   </div>
   <div class='ocr_carea' id='block_1_87' title="bbox 374 3822 1435 3892">
    <p class='ocr_par' dir='ltr' id='par_1_87' title="bbox 374 3822 1435 3892">
     <span class='ocr_line' id='line_1_97' title="bbox 374 3822 1435 3892; baseline 0.007 -15"><span class='ocrx_word' id='word_1_513' title='bbox 374 3822 566 3879; x_wconf 89' lang='lat' dir='ltr'><strong>falsum</strong></span> <span class='ocrx_word' id='word_1_514' title='bbox 599 3825 740 3878; x_wconf 90' lang='lat' dir='ltr'><strong>enim</strong></span> <span class='ocrx_word' id='word_1_515' title='bbox 772 3838 827 3877; x_wconf 88' lang='lat' dir='ltr'><strong>tu</strong></span> <span class='ocrx_word' id='word_1_516' title='bbox 853 3825 1093 3892; x_wconf 89' lang='lat' dir='ltr'><strong>loqueris</strong></span> <span class='ocrx_word' id='word_1_517' title='bbox 1116 3826 1185 3882; x_wconf 89' lang='lat' dir='ltr'><strong>de</strong></span> <span class='ocrx_word' id='word_1_518' title='bbox 1217 3826 1435 3884; x_wconf 86' lang='lat' dir='ltr'><strong>lsmael.</strong></span> 
     </span>
    </p>
   </div>
   <div class='ocr_carea' id='block_1_88' title="bbox 299 3894 1655 3971">
    <p class='ocr_par' dir='ltr' id='par_1_88' title="bbox 299 3894 1655 3971">
     <span class='ocr_line' id='line_1_98' title="bbox 299 3894 1655 3971; baseline 0.006 -22"><span class='ocrx_word' id='word_1_519' title='bbox 299 3894 456 3967; x_wconf 82' lang='lat' dir='ltr'><strong>[Cup.</strong></span> <span class='ocrx_word' id='word_1_520' title='bbox 486 3894 652 3971; x_wconf 50' lang='lat' dir='ltr'><strong>XLH</strong></span> <span class='ocrx_word' id='word_1_521' title='bbox 689 3896 755 3971; x_wconf 79' lang='lat' dir='ltr'><strong>Et</strong></span> <span class='ocrx_word' id='word_1_522' title='bbox 778 3896 982 3971; x_wconf 71' lang='lat' dir='ltr'><strong>factum</strong></span> <span class='ocrx_word' id='word_1_523' title='bbox 1009 3907 1091 3971; x_wconf 81' lang='lat' dir='ltr'><strong>est</strong></span> <span class='ocrx_word' id='word_1_524' title='bbox 1116 3898 1170 3971; x_wconf 86' lang='lat' dir='ltr'><strong>in</strong></span> <span class='ocrx_word' id='word_1_525' title='bbox 1199 3915 1384 3971; x_wconf 82' lang='lat' dir='ltr'><strong>mense</strong></span> <span class='ocrx_word' id='word_1_526' title='bbox 1401 3901 1655 3971; x_wconf 85' lang='lat' dir='ltr'><strong>septimo,</strong></span> 
     </span>
    </p>
   </div>
   <div class='ocr_carea' id='block_1_89' title="bbox 374 3966 1888 4038">
    <p class='ocr_par' dir='ltr' id='par_1_89' title="bbox 374 3966 1888 4038">
     <span class='ocr_line' id='line_1_99' title="bbox 374 3966 1888 4038; baseline 0.005 -17"><span class='ocrx_word' id='word_1_527' title='bbox 374 3967 523 4021; x_wconf 80' lang='lat' dir='ltr'><strong>venit</strong></span> <span class='ocrx_word' id='word_1_528' title='bbox 557 3968 742 4019; x_wconf 84' lang='lat' dir='ltr'><strong>lsmael</strong></span> <span class='ocrx_word' id='word_1_529' title='bbox 769 3966 906 4021; x_wconf 88' lang='lat' dir='ltr'><strong>lilius</strong></span> <span class='ocrx_word' id='word_1_530' title='bbox 936 3966 1242 4038; x_wconf 74' lang='lat' dir='ltr'><strong>Nathanim,</strong></span> <span class='ocrx_word' id='word_1_531' title='bbox 1272 3969 1368 4023; x_wconf 84' lang='lat' dir='ltr'><strong>lilii</strong></span> <span class='ocrx_word' id='word_1_532' title='bbox 1402 3966 1638 4028; x_wconf 83' lang='lat' dir='ltr'><strong>Elisama</strong></span> <span class='ocrx_word' id='word_1_533' title='bbox 1689 3973 1759 4029; x_wconf 87' lang='lat' dir='ltr'><strong>de</strong></span> <span class='ocrx_word' id='word_1_534' title='bbox 1800 3987 1888 4029; x_wconf 84' lang='lat' dir='ltr'><strong>se-</strong></span> 
     </span>
    </p>
   </div>
   <div class='ocr_carea' id='block_1_90' title="bbox 444 4039 799 4107">
    <p class='ocr_par' dir='ltr' id='par_1_90' title="bbox 444 4039 799 4107">
     <span class='ocr_line' id='line_1_100' title="bbox 444 4039 799 4107; baseline 0 -14"><span class='ocrx_word' id='word_1_535' title='bbox 444 4040 591 4094; x_wconf 89' lang='lat' dir='ltr'><strong>mine</strong></span> <span class='ocrx_word' id='word_1_536' title='bbox 612 4039 799 4107; x_wconf 83' lang='lat' dir='ltr'><strong>regali,</strong></span> 
     </span>
    </p>
   </div>
   <div class='ocr_carea' id='block_1_91' title="bbox 376 4111 1894 4183">
    <p class='ocr_par' dir='ltr' id='par_1_91' title="bbox 376 4111 1894 4183">
     <span class='ocr_line' id='line_1_101' title="bbox 376 4111 1894 4183; baseline 0.005 -18"><span class='ocrx_word' id='word_1_537' title='bbox 376 4120 430 4165; x_wconf 93' lang='lat' dir='ltr'><strong>et</strong></span> <span class='ocrx_word' id='word_1_538' title='bbox 461 4117 745 4183; x_wconf 75' lang='lat' dir='ltr'><strong>optttltatcs</strong></span> <span class='ocrx_word' id='word_1_539' title='bbox 778 4111 1012 4181; x_wconf 80' lang='lat' dir='ltr'><strong>regis.et</strong></span> <span class='ocrx_word' id='word_1_540' title='bbox 1040 4114 1228 4170; x_wconf 88' lang='lat' dir='ltr'><strong>decem</strong></span> <span class='ocrx_word' id='word_1_541' title='bbox 1253 4115 1349 4170; x_wconf 87' lang='lat' dir='ltr'><strong>viri</strong></span> <span class='ocrx_word' id='word_1_542' title='bbox 1392 4130 1515 4171; x_wconf 71' lang='lat' dir='ltr'><strong>cum</strong></span> <span class='ocrx_word' id='word_1_543' title='bbox 1562 4133 1651 4183; x_wconf 91' lang='lat' dir='ltr'><strong>eo,</strong></span> <span class='ocrx_word' id='word_1_544' title='bbox 1694 4117 1763 4171; x_wconf 81' lang='lat' dir='ltr'><strong>ad</strong></span> <span class='ocrx_word' id='word_1_545' title='bbox 1792 4113 1894 4172; x_wconf 87' lang='lat' dir='ltr'><strong>Go-</strong></span> 
     </span>
    </p>
   </div>
   <div class='ocr_carea' id='block_1_92' title="bbox 449 4182 1551 4256">
    <p class='ocr_par' dir='ltr' id='par_1_92' title="bbox 449 4182 1551 4256">
     <span class='ocr_line' id='line_1_102' title="bbox 449 4182 1551 4256; baseline 0.005 -19"><span class='ocrx_word' id='word_1_546' title='bbox 449 4182 652 4256; x_wconf 88' lang='lat' dir='ltr'><strong>doliam</strong></span> <span class='ocrx_word' id='word_1_547' title='bbox 681 4183 845 4237; x_wconf 90' lang='lat' dir='ltr'><strong>filium</strong></span> <span class='ocrx_word' id='word_1_548' title='bbox 878 4185 1109 4239; x_wconf 76' lang='lat' dir='ltr'><strong>Alricum</strong></span> <span class='ocrx_word' id='word_1_549' title='bbox 1138 4187 1190 4240; x_wconf 90' lang='lat' dir='ltr'><strong>in</strong></span> <span class='ocrx_word' id='word_1_550' title='bbox 1223 4187 1504 4256; x_wconf 81' lang='lat' dir='ltr'><strong>Masphath</strong></span> <span class='ocrx_word' id='word_1_551' title='bbox 1540 4208 1551 4242; x_wconf 90' lang='lat'><strong>:</strong></span> 
     </span>
    </p>
   </div>
   <div class='ocr_carea' id='block_1_93' title="bbox 377 4255 1729 4329">
    <p class='ocr_par' dir='ltr' id='par_1_93' title="bbox 377 4255 1729 4329">
     <span class='ocr_line' id='line_1_103' title="bbox 377 4255 1729 4329; baseline 0.005 -21"><span class='ocrx_word' id='word_1_552' title='bbox 377 4266 430 4308; x_wconf 89' lang='lat' dir='ltr'><strong>et</strong></span> <span class='ocrx_word' id='word_1_553' title='bbox 460 4255 817 4329; x_wconf 82' lang='lat' dir='ltr'><strong>comederunt</strong></span> <span class='ocrx_word' id='word_1_554' title='bbox 849 4256 922 4309; x_wconf 89' lang='lat' dir='ltr'><strong>ibi</strong></span> <span class='ocrx_word' id='word_1_555' title='bbox 950 4272 1117 4326; x_wconf 87' lang='lat' dir='ltr'><strong>panes</strong></span> <span class='ocrx_word' id='word_1_556' title='bbox 1140 4258 1297 4313; x_wconf 73' lang='lat' dir='ltr'><strong>simul</strong></span> <span class='ocrx_word' id='word_1_557' title='bbox 1331 4255 1382 4313; x_wconf 89' lang='lat' dir='ltr'><strong>in</strong></span> <span class='ocrx_word' id='word_1_558' title='bbox 1426 4259 1729 4329; x_wconf 82' lang='lat' dir='ltr'><strong>Masphatb.</strong></span> 
     </span>
    </p>
   </div>
   <div class='ocr_carea' id='block_1_94' title="bbox 306 4325 1895 4387">
    <p class='ocr_par' dir='ltr' id='par_1_94' title="bbox 306 4325 1895 4387">
     <span class='ocr_line' id='line_1_104' title="bbox 306 4325 1895 4387; baseline 0.002 -4"><span class='ocrx_word' id='word_1_559' title='bbox 306 4325 557 4383; x_wconf 72' lang='lat' dir='ltr'><strong>Surrexit</strong></span> <span class='ocrx_word' id='word_1_560' title='bbox 583 4336 761 4382; x_wconf 88' lang='lat' dir='ltr'><strong>autem</strong></span> <span class='ocrx_word' id='word_1_561' title='bbox 792 4325 985 4383; x_wconf 73' lang='lat' dir='ltr'><strong>Isaiael</strong></span> <span class='ocrx_word' id='word_1_562' title='bbox 1011 4328 1155 4385; x_wconf 77' lang='lat' dir='ltr'><strong>[ilius</strong></span> <span class='ocrx_word' id='word_1_563' title='bbox 1183 4330 1464 4387; x_wconf 66' lang='lat' dir='ltr'><strong>Nathaniar</strong></span> <span class='ocrx_word' id='word_1_564' title='bbox 1500 4325 1554 4387; x_wconf 81' lang='lat' dir='ltr'><strong>et</strong></span> <span class='ocrx_word' id='word_1_565' title='bbox 1573 4333 1764 4387; x_wconf 88' lang='lat' dir='ltr'><strong>decem</strong></span> <span class='ocrx_word' id='word_1_566' title='bbox 1791 4331 1895 4387; x_wconf 85' lang='lat' dir='ltr'><strong>viri</strong></span> 
     </span>
    </p>
   </div>
   <div class='ocr_carea' id='block_1_95' title="bbox 452 4400 995 4467">
    <p class='ocr_par' dir='ltr' id='par_1_95' title="bbox 452 4400 995 4467">
     <span class='ocr_line' id='line_1_105' title="bbox 452 4400 995 4467; baseline 0.011 -18"><span class='ocrx_word' id='word_1_567' title='bbox 452 4400 539 4467; x_wconf 89' lang='lat' dir='ltr'><strong>qui</strong></span> <span class='ocrx_word' id='word_1_568' title='bbox 571 4409 727 4452; x_wconf 87' lang='lat' dir='ltr'><strong>erant</strong></span> <span class='ocrx_word' id='word_1_569' title='bbox 753 4414 873 4453; x_wconf 92' lang='lat' dir='ltr'><strong>cum</strong></span> <span class='ocrx_word' id='word_1_570' title='bbox 906 4416 995 4463; x_wconf 85' lang='lat' dir='ltr'><strong>eo,</strong></span> 
     </span>
    </p>
   </div>
   <div class='ocr_carea' id='block_1_96' title="bbox 380 4471 1895 4538">
    <p class='ocr_par' dir='ltr' id='par_1_96' title="bbox 380 4471 1895 4538">
     <span class='ocr_line' id='line_1_106' title="bbox 380 4471 1895 4538; baseline 0.003 -13"><span class='ocrx_word' id='word_1_571' title='bbox 380 4480 435 4525; x_wconf 88' lang='lat' dir='ltr'><strong>et</strong></span> <span class='ocrx_word' id='word_1_572' title='bbox 465 4482 845 4538; x_wconf 80' lang='lat' dir='ltr'><strong>percusserunt</strong></span> <span class='ocrx_word' id='word_1_573' title='bbox 873 4471 1154 4527; x_wconf 88' lang='lat' dir='ltr'><strong>Godoliam</strong></span> <span class='ocrx_word' id='word_1_574' title='bbox 1193 4474 1359 4529; x_wconf 87' lang='lat' dir='ltr'><strong>lilium</strong></span> <span class='ocrx_word' id='word_1_575' title='bbox 1416 4476 1644 4531; x_wconf 85' lang='lat' dir='ltr'><strong>Abieam</strong></span> <span class='ocrx_word' id='word_1_576' title='bbox 1674 4477 1766 4530; x_wconf 87' lang='lat' dir='ltr'><strong>filii</strong></span> <span class='ocrx_word' id='word_1_577' title='bbox 1795 4475 1895 4530; x_wconf 80' lang='lat' dir='ltr'><strong>Sa-</strong></span> 
     </span>
    </p>
   </div>
   <div class='ocr_carea' id='block_1_97' title="bbox 451 4542 819 4610">
    <p class='ocr_par' dir='ltr' id='par_1_97' title="bbox 451 4542 819 4610">
     <span class='ocr_line' id='line_1_107' title="bbox 451 4542 819 4610; baseline 0.011 -17"><span class='ocrx_word' id='word_1_578' title='bbox 451 4542 591 4609; x_wconf 88' lang='lat' dir='ltr'><strong>phan</strong></span> <span class='ocrx_word' id='word_1_579' title='bbox 612 4542 819 4610; x_wconf 87' lang='lat' dir='ltr'><strong>gladio,</strong></span> 
     </span>
    </p>
   </div>
   <div class='ocr_carea' id='block_1_98' title="bbox 382 4612 1982 4700">
    <p class='ocr_par' dir='ltr' id='par_1_98' title="bbox 382 4612 1982 4700">
     <span class='ocr_line' id='line_1_108' title="bbox 382 4612 1982 4700; baseline 0.006 -34"><span class='ocrx_word' id='word_1_580' title='bbox 382 4612 847 4700; x_wconf 71' lang='lat' dir='ltr'><strong>etinterfecerunt</strong></span> <span class='ocrx_word' id='word_1_581' title='bbox 871 4630 1013 4685; x_wconf 90' lang='lat' dir='ltr'><strong>eum,</strong></span> <span class='ocrx_word' id='word_1_582' title='bbox 1047 4632 1205 4688; x_wconf 90' lang='lat' dir='ltr'><strong>quem</strong></span> <span class='ocrx_word' id='word_1_583' title='bbox 1247 4619 1565 4690; x_wconf 64' lang='lat' dir='ltr'><strong>praefecerat</strong></span> <span class='ocrx_word' id='word_1_584' title='bbox 1593 4637 1687 4677; x_wconf 91' lang='lat' dir='ltr'><strong>rex</strong></span> <span class='ocrx_word' id='word_1_585' title='bbox 1721 4619 1898 4691; x_wconf 81' lang='lat' dir='ltr'><strong>Baby-</strong></span> <span class='ocrx_word' id='word_1_586' title='bbox 1924 4638 1982 4700; x_wconf 66' lang='grc' dir='ltr'>Β</span> 
     </span>
    </p>
   </div>
   <div class='ocr_carea' id='block_1_99' title="bbox 456 4681 818 4747">
    <p class='ocr_par' dir='ltr' id='par_1_99' title="bbox 456 4681 818 4747">
     <span class='ocr_line' id='line_1_109' title="bbox 456 4681 818 4747; baseline 0.008 -12"><span class='ocrx_word' id='word_1_587' title='bbox 456 4681 615 4747; x_wconf 90' lang='lat' dir='ltr'><strong>Ionis,</strong></span> <span class='ocrx_word' id='word_1_588' title='bbox 638 4692 818 4738; x_wconf 82' lang='lat' dir='ltr'><strong>terrae.</strong></span> 
     </span>
    </p>
   </div>
   <div class='ocr_carea' id='block_1_100' title="bbox 312 4754 1902 4882">
    <p class='ocr_par' dir='ltr' id='par_1_100' title="bbox 312 4754 1902 4882">
     <span class='ocr_line' id='line_1_110' title="bbox 312 4754 1902 4882; baseline 0.004 -71"><span class='ocrx_word' id='word_1_589' title='bbox 312 4754 517 4881; x_wconf 50' lang='lat' dir='ltr'><strong>Orongis</strong></span> <span class='ocrx_word' id='word_1_590' title='bbox 544 4769 759 4882; x_wconf 70' lang='lat' dir='ltr'><strong>Qtlloqlllle</strong></span> <span class='ocrx_word' id='word_1_591' title='bbox 784 4757 1020 4829; x_wconf 72' lang='lat' dir='ltr'><strong>Judmos,</strong></span> <span class='ocrx_word' id='word_1_592' title='bbox 1054 4761 1146 4832; x_wconf 92' lang='lat' dir='ltr'><strong>qui</strong></span> <span class='ocrx_word' id='word_1_593' title='bbox 1185 4774 1342 4819; x_wconf 84' lang='lat' dir='ltr'><strong>erant</strong></span> <span class='ocrx_word' id='word_1_594' title='bbox 1386 4779 1508 4820; x_wconf 82' lang='lat' dir='ltr'><strong>eum</strong></span> <span class='ocrx_word' id='word_1_595' title='bbox 1569 4764 1797 4821; x_wconf 86' lang='lat' dir='ltr'><strong>Godolia</strong></span> <span class='ocrx_word' id='word_1_596' title='bbox 1848 4764 1902 4817; x_wconf 83' lang='lat' dir='ltr'><strong>in</strong></span> 
     </span>
     <span class='ocr_line' id='line_1_111' title="bbox 510 4843 760 4882; baseline 0.012 -3"><span class='ocrx_word' id='word_1_597' title='bbox 510 4843 674 4882; x_wconf 76' lang='lat' dir='ltr'><strong>asnia</strong></span> <span class='ocrx_word' id='word_1_598' title='bbox 722 4845 760 4882; x_wconf 87' lang='lat' dir='ltr'><strong>l.</strong></span> 
     </span>
    </p>
   </div>
   <div class='ocr_carea' id='block_1_101' title="bbox 510 4844 760 4895">
    <p class='ocr_par' dir='ltr' id='par_1_101' title="bbox 510 4844 760 4895">
     <span class='ocr_line' id='line_1_112' title="bbox 510 4844 760 4895; baseline 0.02 -17"><span class='ocrx_word' id='word_1_599' title='bbox 510 4844 760 4895; x_wconf 87' lang='lat' dir='ltr'><strong>aspnaln.</strong></span> 
     </span>
    </p>
   </div>
   <div class='ocr_carea' id='block_1_102' title="bbox 387 4897 1374 4975">
    <p class='ocr_par' dir='ltr' id='par_1_102' title="bbox 387 4897 1374 4975">
     <span class='ocr_line' id='line_1_113' title="bbox 387 4897 1374 4975; baseline 0.01 -21"><span class='ocrx_word' id='word_1_600' title='bbox 387 4906 443 4954; x_wconf 92' lang='lat' dir='ltr'><strong>et</strong></span> <span class='ocrx_word' id='word_1_601' title='bbox 468 4897 760 4975; x_wconf 80' lang='lat' dir='ltr'><strong>Chaldeos,</strong></span> <span class='ocrx_word' id='word_1_602' title='bbox 788 4904 878 4974; x_wconf 91' lang='lat' dir='ltr'><strong>qui</strong></span> <span class='ocrx_word' id='word_1_603' title='bbox 903 4906 1101 4975; x_wconf 85' lang='lat' dir='ltr'><strong>reperti</strong></span> <span class='ocrx_word' id='word_1_604' title='bbox 1127 4915 1258 4961; x_wconf 79' lang='lat' dir='ltr'><strong>sunt</strong></span> <span class='ocrx_word' id='word_1_605' title='bbox 1278 4908 1374 4975; x_wconf 84' lang='lat' dir='ltr'><strong>ibi,</strong></span> 
     </span>
    </p>
   </div>
   <div class='ocr_carea' id='block_1_103' title="bbox 384 4974 1471 5045">
    <p class='ocr_par' dir='ltr' id='par_1_103' title="bbox 384 4974 1471 5045">
     <span class='ocr_line' id='line_1_114' title="bbox 384 4974 1471 5045; baseline 0.014 -22"><span class='ocrx_word' id='word_1_606' title='bbox 384 4982 439 5025; x_wconf 88' lang='lat' dir='ltr'><strong>et</strong></span> <span class='ocrx_word' id='word_1_607' title='bbox 464 4974 610 5045; x_wconf 82' lang='lat' dir='ltr'><strong>viros</strong></span> <span class='ocrx_word' id='word_1_608' title='bbox 638 4974 931 5032; x_wconf 87' lang='lat' dir='ltr'><strong>bellatores</strong></span> <span class='ocrx_word' id='word_1_609' title='bbox 963 4974 1226 5045; x_wconf 82' lang='lat' dir='ltr'><strong>percussit</strong></span> <span class='ocrx_word' id='word_1_610' title='bbox 1250 4974 1471 5038; x_wconf 19' lang='lat' dir='ltr'><strong>km’ael.</strong></span> 
     </span>
    </p>
   </div>
   <div class='ocr_carea' id='block_1_104' title="bbox 315 5042 1899 5124">
    <p class='ocr_par' dir='ltr' id='par_1_104' title="bbox 315 5042 1899 5124">
     <span class='ocr_line' id='line_1_115' title="bbox 315 5042 1899 5124; baseline 0.007 -24"><span class='ocrx_word' id='word_1_611' title='bbox 315 5042 569 5124; x_wconf 71' lang='lat' dir='ltr'><strong>Secundo</strong></span> <span class='ocrx_word' id='word_1_612' title='bbox 592 5056 770 5124; x_wconf 68' lang='lat' dir='ltr'><strong>autem</strong></span> <span class='ocrx_word' id='word_1_613' title='bbox 802 5048 907 5124; x_wconf 74' lang='lat' dir='ltr'><strong>die</strong></span> <span class='ocrx_word' id='word_1_614' title='bbox 945 5042 1233 5119; x_wconf 83' lang='lat' dir='ltr'><strong>postquam</strong></span> <span class='ocrx_word' id='word_1_615' title='bbox 1279 5054 1557 5111; x_wconf 87' lang='lat' dir='ltr'><strong>occiderat</strong></span> <span class='ocrx_word' id='word_1_616' title='bbox 1593 5055 1899 5124; x_wconf 84' lang='lat' dir='ltr'><strong>Godoliam,</strong></span> 
     </span>
    </p>
   </div>
   <div class='ocr_carea' id='block_1_105' title="bbox 453 5115 1059 5185">
    <p class='ocr_par' dir='ltr' id='par_1_105' title="bbox 453 5115 1059 5185">
     <span class='ocr_line' id='line_1_116' title="bbox 453 5115 1059 5185; baseline 0.01 -16"><span class='ocrx_word' id='word_1_617' title='bbox 453 5115 604 5169; x_wconf 90' lang='lat' dir='ltr'><strong>nullo</strong></span> <span class='ocrx_word' id='word_1_618' title='bbox 633 5115 809 5171; x_wconf 87' lang='lat' dir='ltr'><strong>adhuc</strong></span> <span class='ocrx_word' id='word_1_619' title='bbox 833 5115 1059 5185; x_wconf 80' lang='lat' dir='ltr'><strong>sciente,</strong></span> 
     </span>
    </p>
   </div>
   <div class='ocr_carea' id='block_1_106' title="bbox 384 5190 1902 5270">
    <p class='ocr_par' dir='ltr' id='par_1_106' title="bbox 384 5190 1902 5270">
     <span class='ocr_line' id='line_1_117' title="bbox 384 5190 1902 5270; baseline 0.009 -29"><span class='ocrx_word' id='word_1_620' title='bbox 384 5198 660 5270; x_wconf 79' lang='lat' dir='ltr'><strong>venerunt</strong></span> <span class='ocrx_word' id='word_1_621' title='bbox 679 5190 777 5243; x_wconf 84' lang='lat' dir='ltr'><strong>viri</strong></span> <span class='ocrx_word' id='word_1_622' title='bbox 800 5191 877 5270; x_wconf 77' lang='lat' dir='ltr'><strong>de</strong></span> <span class='ocrx_word' id='word_1_623' title='bbox 908 5191 1149 5260; x_wconf 84' lang='lat' dir='ltr'><strong>Sichem,</strong></span> <span class='ocrx_word' id='word_1_624' title='bbox 1173 5192 1315 5250; x_wconf 88' lang='lat' dir='ltr'><strong>etde</strong></span> <span class='ocrx_word' id='word_1_625' title='bbox 1335 5195 1471 5264; x_wconf 89' lang='lat' dir='ltr'><strong>Silo,</strong></span> <span class='ocrx_word' id='word_1_626' title='bbox 1491 5208 1546 5252; x_wconf 88' lang='lat' dir='ltr'><strong>et</strong></span> <span class='ocrx_word' id='word_1_627' title='bbox 1564 5199 1634 5255; x_wconf 88' lang='lat' dir='ltr'><strong>de</strong></span> <span class='ocrx_word' id='word_1_628' title='bbox 1655 5199 1902 5256; x_wconf 86' lang='lat' dir='ltr'><strong>Samaria</strong></span> 
     </span>
    </p>
   </div>
   <div class='ocr_carea' id='block_1_107' title="bbox 458 5263 885 5330">
    <p class='ocr_par' dir='ltr' id='par_1_107' title="bbox 458 5263 885 5330">
     <span class='ocr_line' id='line_1_118' title="bbox 458 5263 885 5330; baseline 0.016 -19"><span class='ocrx_word' id='word_1_629' title='bbox 458 5263 729 5329; x_wconf 84' lang='lat' dir='ltr'><strong>octoginta</strong></span> <span class='ocrx_word' id='word_1_630' title='bbox 762 5263 885 5330; x_wconf 90' lang='lat' dir='ltr'><strong>viri,</strong></span> 
     </span>
    </p>
   </div>
   <div class='ocr_carea' id='block_1_108' title="bbox 388 5330 1771 5411">
    <p class='ocr_par' dir='ltr' id='par_1_108' title="bbox 388 5330 1771 5411">
     <span class='ocr_line' id='line_1_119' title="bbox 388 5330 1771 5411; baseline 0.012 -27"><span class='ocrx_word' id='word_1_631' title='bbox 388 5330 494 5384; x_wconf 88' lang='lat' dir='ltr'><strong>rasi</strong></span> <span class='ocrx_word' id='word_1_632' title='bbox 531 5332 715 5398; x_wconf 85' lang='lat' dir='ltr'><strong>barba,</strong></span> <span class='ocrx_word' id='word_1_633' title='bbox 741 5342 797 5388; x_wconf 88' lang='lat' dir='ltr'><strong>et</strong></span> <span class='ocrx_word' id='word_1_634' title='bbox 824 5335 1307 5411; x_wconf 79' lang='lat' dir='ltr'><strong>scissisvestibns,</strong></span> <span class='ocrx_word' id='word_1_635' title='bbox 1335 5352 1387 5396; x_wconf 87' lang='lat' dir='ltr'><strong>et</strong></span> <span class='ocrx_word' id='word_1_636' title='bbox 1408 5341 1725 5411; x_wconf 78' lang='lat' dir='ltr'><strong>squalentes</strong></span> <span class='ocrx_word' id='word_1_637' title='bbox 1756 5362 1771 5399; x_wconf 89' lang='lat'><strong>:</strong></span> 
     </span>
    </p>
   </div>
   <div class='ocr_carea' id='block_1_109' title="bbox 387 5407 1515 5481">
    <p class='ocr_par' dir='ltr' id='par_1_109' title="bbox 387 5407 1515 5481">
     <span class='ocr_line' id='line_1_120' title="bbox 387 5407 1515 5481; baseline 0.012 -26"><span class='ocrx_word' id='word_1_638' title='bbox 387 5410 443 5456; x_wconf 90' lang='lat' dir='ltr'><strong>et</strong></span> <span class='ocrx_word' id='word_1_639' title='bbox 474 5417 695 5481; x_wconf 63' lang='lat' dir='ltr'><strong>munera</strong></span> <span class='ocrx_word' id='word_1_640' title='bbox 719 5415 772 5481; x_wconf 85' lang='lat' dir='ltr'><strong>et</strong></span> <span class='ocrx_word' id='word_1_641' title='bbox 798 5409 922 5481; x_wconf 81' lang='lat' dir='ltr'><strong>thus</strong></span> <span class='ocrx_word' id='word_1_642' title='bbox 950 5407 1221 5481; x_wconf 83' lang='lat' dir='ltr'><strong>habebant</strong></span> <span class='ocrx_word' id='word_1_643' title='bbox 1252 5411 1301 5462; x_wconf 93' lang='lat' dir='ltr'><strong>in</strong></span> <span class='ocrx_word' id='word_1_644' title='bbox 1332 5407 1515 5481; x_wconf 77' lang='lat' dir='ltr'><strong>manu,</strong></span> 
     </span>
    </p>
   </div>
   <div class='ocr_carea' id='block_1_110' title="bbox 391 5474 1274 5534">
    <p class='ocr_par' dir='ltr' id='par_1_110' title="bbox 391 5474 1274 5534">
     <span class='ocr_line' id='line_1_121' title="bbox 391 5474 1274 5534; baseline 0.01 -9"><span class='ocrx_word' id='word_1_645' title='bbox 391 5482 451 5525; x_wconf 90' lang='lat' dir='ltr'><strong>ut</strong></span> <span class='ocrx_word' id='word_1_646' title='bbox 477 5474 735 5529; x_wconf 83' lang='lat' dir='ltr'><strong>offerrent</strong></span> <span class='ocrx_word' id='word_1_647' title='bbox 763 5479 813 5531; x_wconf 92' lang='lat' dir='ltr'><strong>in</strong></span> <span class='ocrx_word' id='word_1_648' title='bbox 846 5479 1008 5534; x_wconf 88' lang='lat' dir='ltr'><strong>domo</strong></span> <span class='ocrx_word' id='word_1_649' title='bbox 1041 5479 1274 5534; x_wconf 84' lang='lat' dir='ltr'><strong>Domini.</strong></span> 
     </span>
    </p>
   </div>
   <div class='ocr_carea' id='block_1_111' title="bbox 320 5543 1906 5619">
    <p class='ocr_par' dir='ltr' id='par_1_111' title="bbox 320 5543 1906 5619">
     <span class='ocr_line' id='line_1_122' title="bbox 320 5543 1906 5619; baseline 0.012 -19"><span class='ocrx_word' id='word_1_650' title='bbox 320 5543 586 5614; x_wconf 72' lang='lat' dir='ltr'><strong>Egressus</strong></span> <span class='ocrx_word' id='word_1_651' title='bbox 607 5564 735 5618; x_wconf 85' lang='lat' dir='ltr'><strong>ergo</strong></span> <span class='ocrx_word' id='word_1_652' title='bbox 766 5549 957 5604; x_wconf 72' lang='lat' dir='ltr'><strong>lsmael</strong></span> <span class='ocrx_word' id='word_1_653' title='bbox 1009 5550 1148 5604; x_wconf 84' lang='lat' dir='ltr'><strong>titius</strong></span> <span class='ocrx_word' id='word_1_654' title='bbox 1179 5550 1455 5613; x_wconf 71' lang='lat' dir='ltr'><strong>Nathanice</strong></span> <span class='ocrx_word' id='word_1_655' title='bbox 1507 5558 1563 5616; x_wconf 88' lang='lat' dir='ltr'><strong>in</strong></span> <span class='ocrx_word' id='word_1_656' title='bbox 1615 5575 1906 5619; x_wconf 88' lang='lat' dir='ltr'><strong>occursum</strong></span> 
     </span>
    </p>
   </div>
   <div class='ocr_carea' id='block_1_112' title="bbox 463 5622 1067 5690">
    <p class='ocr_par' dir='ltr' id='par_1_112' title="bbox 463 5622 1067 5690">
     <span class='ocr_line' id='line_1_123' title="bbox 463 5622 1067 5690; baseline 0.013 -21"><span class='ocrx_word' id='word_1_657' title='bbox 463 5632 647 5672; x_wconf 89' lang='lat' dir='ltr'><strong>eorum</strong></span> <span class='ocrx_word' id='word_1_658' title='bbox 673 5622 739 5673; x_wconf 91' lang='lat' dir='ltr'><strong>de</strong></span> <span class='ocrx_word' id='word_1_659' title='bbox 766 5622 1067 5690; x_wconf 85' lang='lat' dir='ltr'><strong>Masphath,</strong></span> 
     </span>
    </p>
   </div>
   <div class='ocr_carea' id='block_1_113' title="bbox 388 5687 1173 5762">
    <p class='ocr_par' dir='ltr' id='par_1_113' title="bbox 388 5687 1173 5762">
     <span class='ocr_line' id='line_1_124' title="bbox 388 5687 1173 5762; baseline 0.018 -23"><span class='ocrx_word' id='word_1_660' title='bbox 388 5687 649 5744; x_wconf 75' lang='lat' dir='ltr'><strong>incedens</strong></span> <span class='ocrx_word' id='word_1_661' title='bbox 675 5700 730 5746; x_wconf 88' lang='lat' dir='ltr'><strong>et</strong></span> <span class='ocrx_word' id='word_1_662' title='bbox 771 5687 989 5762; x_wconf 81' lang='lat' dir='ltr'><strong>plorans</strong></span> <span class='ocrx_word' id='word_1_663' title='bbox 1021 5687 1132 5753; x_wconf 78' lang='lat' dir='ltr'><strong>ibat</strong></span> <span class='ocrx_word' id='word_1_664' title='bbox 1160 5717 1173 5752; x_wconf 88' lang='lat'>:</span> 
     </span>
    </p>
   </div>
   <div class='ocr_carea' id='block_1_114' title="bbox 388 5770 1207 5835">
    <p class='ocr_par' dir='ltr' id='par_1_114' title="bbox 388 5770 1207 5835">
     <span class='ocr_line' id='line_1_125' title="bbox 388 5770 1207 5835; baseline 0.017 -24"><span class='ocrx_word' id='word_1_665' title='bbox 388 5776 512 5835; x_wconf 79' lang='lat' dir='ltr'><strong>eum</strong></span> <span class='ocrx_word' id='word_1_666' title='bbox 544 5772 722 5835; x_wconf 82' lang='lat' dir='ltr'><strong>autem</strong></span> <span class='ocrx_word' id='word_1_667' title='bbox 757 5770 1081 5824; x_wconf 88' lang='lat' dir='ltr'><strong>occurrisset</strong></span> <span class='ocrx_word' id='word_1_668' title='bbox 1106 5771 1207 5835; x_wconf 91' lang='lat' dir='ltr'><strong>eis,</strong></span> 
     </span>
    </p>
   </div>
   <div class='ocr_carea' id='block_1_115' title="bbox 388 5831 787 5889">
    <p class='ocr_par' dir='ltr' id='par_1_115' title="bbox 388 5831 787 5889">
     <span class='ocr_line' id='line_1_126' title="bbox 388 5831 787 5889; baseline 0.013 -5"><span class='ocrx_word' id='word_1_669' title='bbox 388 5831 530 5885; x_wconf 88' lang='lat' dir='ltr'><strong>dixit</strong></span> <span class='ocrx_word' id='word_1_670' title='bbox 553 5833 621 5887; x_wconf 83' lang='lat' dir='ltr'><strong>ad</strong></span> <span class='ocrx_word' id='word_1_671' title='bbox 652 5848 745 5889; x_wconf 87' lang='lat' dir='ltr'><strong>eos</strong></span> <span class='ocrx_word' id='word_1_672' title='bbox 775 5853 787 5889; x_wconf 88' lang='lat'><strong>:</strong></span> 
     </span>
    </p>
   </div>
   <div class='ocr_carea' id='block_1_116' title="bbox 326 5901 1399 5976">
    <p class='ocr_par' dir='ltr' id='par_1_116' title="bbox 326 5901 1399 5976">
     <span class='ocr_line' id='line_1_127' title="bbox 326 5901 1399 5976; baseline 0.02 -20"><span class='ocrx_word' id='word_1_673' title='bbox 326 5901 519 5959; x_wconf 68' lang='lat' dir='ltr'><strong>Venite</strong></span> <span class='ocrx_word' id='word_1_674' title='bbox 542 5905 614 5959; x_wconf 87' lang='lat' dir='ltr'><strong>ad</strong></span> <span class='ocrx_word' id='word_1_675' title='bbox 643 5905 927 5965; x_wconf 85' lang='lat' dir='ltr'><strong>Godoliam</strong></span> <span class='ocrx_word' id='word_1_676' title='bbox 954 5912 1119 5970; x_wconf 81' lang='lat' dir='ltr'><strong>ﬁlium</strong></span> <span class='ocrx_word' id='word_1_677' title='bbox 1153 5916 1399 5976; x_wconf 70' lang='lat' dir='ltr'><strong>Ahicatn.</strong></span> 
     </span>
    </p>
   </div>
   <div class='ocr_carea' id='block_1_117' title="bbox 2142 3316 2614 3381">
    <p class='ocr_par' dir='ltr' id='par_1_117' title="bbox 2142 3316 2614 3381">
     <span class='ocr_line' id='line_1_128' title="bbox 2142 3316 2614 3381; baseline 0 -10"><span class='ocrx_word' id='word_1_678' title='bbox 2142 3318 2278 3373; x_wconf 88' lang='lat' dir='ltr'><strong>facie</strong></span> <span class='ocrx_word' id='word_1_679' title='bbox 2306 3316 2614 3381; x_wconf 81' lang='lat' dir='ltr'><strong>Johannan,</strong></span> 
     </span>
    </p>
   </div>
   <div class='ocr_carea' id='block_1_118' title="bbox 2064 3388 2817 3449">
    <p class='ocr_par' dir='ltr' id='par_1_118' title="bbox 2064 3388 2817 3449">
     <span class='ocr_line' id='line_1_129' title="bbox 2064 3388 2817 3449; baseline -0.003 -1"><span class='ocrx_word' id='word_1_680' title='bbox 2064 3403 2123 3449; x_wconf 83' lang='lat' dir='ltr'><strong>et</strong></span> <span class='ocrx_word' id='word_1_681' title='bbox 2151 3391 2283 3445; x_wconf 83' lang='lat' dir='ltr'><strong>abiit</strong></span> <span class='ocrx_word' id='word_1_682' title='bbox 2302 3388 2371 3441; x_wconf 86' lang='lat' dir='ltr'><strong>ad</strong></span> <span class='ocrx_word' id='word_1_683' title='bbox 2402 3388 2541 3443; x_wconf 81' lang='lat' dir='ltr'><strong>filios</strong></span> <span class='ocrx_word' id='word_1_684' title='bbox 2564 3394 2817 3446; x_wconf 85' lang='lat' dir='ltr'><strong>Ammon.</strong></span> 
     </span>
    </p>
   </div>
   <div class='ocr_carea' id='block_1_119' title="bbox 1996 3457 3585 3548">
    <p class='ocr_par' dir='ltr' id='par_1_119' title="bbox 1996 3457 3585 3548">
     <span class='ocr_line' id='line_1_130' title="bbox 1996 3457 3585 3548; baseline 0.009 -29"><span class='ocrx_word' id='word_1_685' title='bbox 1996 3465 2039 3519; x_wconf 83' lang='grc' dir='ltr'><strong>Τ</strong></span> <span class='ocrx_word' id='word_1_686' title='bbox 2046 3464 2156 3548; x_wconf 49' lang='lat' dir='ltr'><strong>ulil‘</strong></span> <span class='ocrx_word' id='word_1_687' title='bbox 2176 3476 2305 3548; x_wconf 71' lang='lat' dir='ltr'><strong>ergo</strong></span> <span class='ocrx_word' id='word_1_688' title='bbox 2329 3457 2611 3548; x_wconf 76' lang='lat' dir='ltr'><strong>Joltannan</strong></span> <span class='ocrx_word' id='word_1_689' title='bbox 2645 3462 2787 3548; x_wconf 78' lang='lat' dir='ltr'><strong>ﬁlius</strong></span> <span class='ocrx_word' id='word_1_690' title='bbox 2816 3463 3010 3531; x_wconf 87' lang='lat' dir='ltr'><strong>Caree,</strong></span> <span class='ocrx_word' id='word_1_691' title='bbox 3026 3478 3079 3523; x_wconf 90' lang='lat' dir='ltr'><strong>et</strong></span> <span class='ocrx_word' id='word_1_692' title='bbox 3098 3484 3289 3527; x_wconf 88' lang='lat' dir='ltr'><strong>omnes</strong></span> <span class='ocrx_word' id='word_1_693' title='bbox 3313 3473 3585 3548; x_wconf 74' lang='lat' dir='ltr'><strong>principes</strong></span> 
     </span>
    </p>
   </div>
   <div class='ocr_carea' id='block_1_120' title="bbox 2141 3534 3051 3604">
    <p class='ocr_par' dir='ltr' id='par_1_120' title="bbox 2141 3534 3051 3604">
     <span class='ocr_line' id='line_1_131' title="bbox 2141 3534 3051 3604; baseline 0.005 -16"><span class='ocrx_word' id='word_1_694' title='bbox 2141 3534 2496 3604; x_wconf 71' lang='lat' dir='ltr'><strong>bellatorum,</strong></span> <span class='ocrx_word' id='word_1_695' title='bbox 2516 3534 2603 3602; x_wconf 90' lang='lat' dir='ltr'><strong>qui</strong></span> <span class='ocrx_word' id='word_1_696' title='bbox 2632 3545 2789 3591; x_wconf 84' lang='lat' dir='ltr'><strong>erant</strong></span> <span class='ocrx_word' id='word_1_697' title='bbox 2816 3553 2937 3596; x_wconf 78' lang='lat' dir='ltr'><strong>cum</strong></span> <span class='ocrx_word' id='word_1_698' title='bbox 2961 3552 3051 3604; x_wconf 88' lang='lat' dir='ltr'><strong>eo,</strong></span> 
     </span>
    </p>
   </div>
   <div class='ocr_carea' id='block_1_121' title="bbox 2071 3603 3586 3679">
    <p class='ocr_par' dir='ltr' id='par_1_121' title="bbox 2071 3603 3586 3679">
     <span class='ocr_line' id='line_1_132' title="bbox 2071 3603 3586 3679; baseline 0.011 -18"><span class='ocrx_word' id='word_1_699' title='bbox 2071 3603 2660 3679; x_wconf 38' lang='lat' dir='ltr'><strong>universasmreliquias</strong></span> <span class='ocrx_word' id='word_1_700' title='bbox 2714 3608 2899 3679; x_wconf 79' lang='lat' dir='ltr'><strong>vulgi,</strong></span> <span class='ocrx_word' id='word_1_701' title='bbox 2953 3603 3088 3679; x_wconf 85' lang='lat' dir='ltr'><strong>quas</strong></span> <span class='ocrx_word' id='word_1_702' title='bbox 3154 3614 3451 3674; x_wconf 81' lang='lat' dir='ltr'><strong>reduxerat</strong></span> <span class='ocrx_word' id='word_1_703' title='bbox 3511 3621 3586 3677; x_wconf 73' lang='lat' dir='ltr'><strong>ab</strong></span> 
     </span>
    </p>
   </div>
   <div class='ocr_carea' id='block_1_122' title="bbox 2138 3674 3203 3747">
    <p class='ocr_par' dir='ltr' id='par_1_122' title="bbox 2138 3674 3203 3747">
     <span class='ocr_line' id='line_1_133' title="bbox 2138 3674 3203 3747; baseline 0.006 -15"><span class='ocrx_word' id='word_1_704' title='bbox 2138 3677 2328 3732; x_wconf 82' lang='lat' dir='ltr'><strong>lsmael</strong></span> <span class='ocrx_word' id='word_1_705' title='bbox 2356 3674 2472 3729; x_wconf 80' lang='lat' dir='ltr'><strong>lilio</strong></span> <span class='ocrx_word' id='word_1_706' title='bbox 2498 3676 2777 3731; x_wconf 70' lang='lat' dir='ltr'><strong>Nathanite</strong></span> <span class='ocrx_word' id='word_1_707' title='bbox 2807 3674 2874 3734; x_wconf 72' lang='lat' dir='ltr'><strong>de</strong></span> <span class='ocrx_word' id='word_1_708' title='bbox 2895 3674 3203 3747; x_wconf 70' lang='lat' dir='ltr'><strong>Maspliath,</strong></span> 
     </span>
    </p>
   </div>
   <div class='ocr_carea' id='block_1_123' title="bbox 2069 3747 3462 3821">
    <p class='ocr_par' dir='ltr' id='par_1_123' title="bbox 2069 3747 3462 3821">
     <span class='ocr_line' id='line_1_134' title="bbox 2069 3747 3462 3821; baseline 0.006 -16"><span class='ocrx_word' id='word_1_709' title='bbox 2069 3758 2353 3821; x_wconf 87' lang='lat' dir='ltr'><strong>postquam</strong></span> <span class='ocrx_word' id='word_1_710' title='bbox 2380 3747 2647 3821; x_wconf 81' lang='lat' dir='ltr'><strong>percussit</strong></span> <span class='ocrx_word' id='word_1_711' title='bbox 2667 3748 2955 3821; x_wconf 75' lang='lat' dir='ltr'><strong>Godoliam</strong></span> <span class='ocrx_word' id='word_1_712' title='bbox 2984 3752 3157 3809; x_wconf 76' lang='lat' dir='ltr'><strong>filium</strong></span> <span class='ocrx_word' id='word_1_713' title='bbox 3187 3757 3416 3814; x_wconf 80' lang='lat' dir='ltr'><strong>Ahicam</strong></span> <span class='ocrx_word' id='word_1_714' title='bbox 3447 3779 3462 3819; x_wconf 88' lang='lat'><strong>:</strong></span> 
     </span>
    </p>
   </div>
   <div class='ocr_carea' id='block_1_124' title="bbox 2070 3819 3580 3903">
    <p class='ocr_par' dir='ltr' id='par_1_124' title="bbox 2070 3819 3580 3903">
     <span class='ocr_line' id='line_1_135' title="bbox 2070 3819 3580 3903; baseline 0.011 -28"><span class='ocrx_word' id='word_1_715' title='bbox 2070 3819 2241 3877; x_wconf 64' lang='lat' dir='ltr'><strong>fortes</strong></span> <span class='ocrx_word' id='word_1_716' title='bbox 2266 3822 2414 3903; x_wconf 73' lang='lat' dir='ltr'><strong>viros</strong></span> <span class='ocrx_word' id='word_1_717' title='bbox 2438 3819 2503 3871; x_wconf 87' lang='lat' dir='ltr'><strong>ad</strong></span> <span class='ocrx_word' id='word_1_718' title='bbox 2552 3820 2817 3903; x_wconf 64' lang='lat' dir='ltr'><strong>puellum,</strong></span> <span class='ocrx_word' id='word_1_719' title='bbox 2850 3833 2906 3877; x_wconf 79' lang='lat' dir='ltr'><strong>et</strong></span> <span class='ocrx_word' id='word_1_720' title='bbox 2954 3826 3230 3903; x_wconf 67' lang='lat' dir='ltr'><strong>mulieres,</strong></span> <span class='ocrx_word' id='word_1_721' title='bbox 3268 3838 3323 3885; x_wconf 88' lang='lat' dir='ltr'><strong>et</strong></span> <span class='ocrx_word' id='word_1_722' title='bbox 3360 3848 3580 3903; x_wconf 84' lang='lat' dir='ltr'><strong>pueros.</strong></span> 
     </span>
    </p>
   </div>
   <div class='ocr_carea' id='block_1_125' title="bbox 2139 3890 3354 3960">
    <p class='ocr_par' dir='ltr' id='par_1_125' title="bbox 2139 3890 3354 3960">
     <span class='ocr_line' id='line_1_136' title="bbox 2139 3890 3354 3960; baseline 0.008 -14"><span class='ocrx_word' id='word_1_723' title='bbox 2139 3902 2196 3950; x_wconf 92' lang='lat' dir='ltr'><strong>et</strong></span> <span class='ocrx_word' id='word_1_724' title='bbox 2215 3890 2517 3955; x_wconf 88' lang='lat' dir='ltr'><strong>eunuchos,</strong></span> <span class='ocrx_word' id='word_1_725' title='bbox 2542 3907 2677 3960; x_wconf 87' lang='lat' dir='ltr'><strong>quos</strong></span> <span class='ocrx_word' id='word_1_726' title='bbox 2704 3894 2993 3949; x_wconf 85' lang='lat' dir='ltr'><strong>reduxerat</strong></span> <span class='ocrx_word' id='word_1_727' title='bbox 3020 3896 3088 3952; x_wconf 89' lang='lat' dir='ltr'><strong>de</strong></span> <span class='ocrx_word' id='word_1_728' title='bbox 3107 3890 3354 3956; x_wconf 79' lang='lat' dir='ltr'><strong>Gabaon.</strong></span> 
     </span>
    </p>
   </div>
   <div class='ocr_carea' id='block_1_126' title="bbox 1997 3961 3584 4046">
    <p class='ocr_par' dir='ltr' id='par_1_126' title="bbox 1997 3961 3584 4046">
     <span class='ocr_line' id='line_1_137' title="bbox 1997 3961 3584 4046; baseline 0.008 -25"><span class='ocrx_word' id='word_1_729' title='bbox 1997 3969 2066 4025; x_wconf 82' lang='lat' dir='ltr'><strong>Et</strong></span> <span class='ocrx_word' id='word_1_730' title='bbox 2088 3966 2364 4046; x_wconf 67' lang='lat' dir='ltr'><strong>abierunt,</strong></span> <span class='ocrx_word' id='word_1_731' title='bbox 2387 3972 2442 4044; x_wconf 79' lang='lat' dir='ltr'><strong>et</strong></span> <span class='ocrx_word' id='word_1_732' title='bbox 2463 3961 2719 4046; x_wconf 70' lang='lat' dir='ltr'><strong>sederunt</strong></span> <span class='ocrx_word' id='word_1_733' title='bbox 2746 3968 3157 4046; x_wconf 79' lang='lat' dir='ltr'><strong>peregrinantes</strong></span> <span class='ocrx_word' id='word_1_734' title='bbox 3184 3971 3237 4025; x_wconf 90' lang='lat' dir='ltr'><strong>in</strong></span> <span class='ocrx_word' id='word_1_735' title='bbox 3260 3971 3584 4046; x_wconf 78' lang='lat' dir='ltr'><strong>Chamaarn,</strong></span> 
     </span>
    </p>
   </div>
   <div class='ocr_carea' id='block_1_127' title="bbox 2142 4034 2933 4107">
    <p class='ocr_par' dir='ltr' id='par_1_127' title="bbox 2142 4034 2933 4107">
     <span class='ocr_line' id='line_1_138' title="bbox 2142 4034 2933 4107; baseline -0.001 -17"><span class='ocrx_word' id='word_1_736' title='bbox 2142 4052 2261 4107; x_wconf 70' lang='lat' dir='ltr'><strong>qua:</strong></span> <span class='ocrx_word' id='word_1_737' title='bbox 2289 4044 2371 4089; x_wconf 85' lang='lat' dir='ltr'><strong>est</strong></span> <span class='ocrx_word' id='word_1_738' title='bbox 2395 4034 2547 4102; x_wconf 82' lang='lat' dir='ltr'><strong>juxta</strong></span> <span class='ocrx_word' id='word_1_739' title='bbox 2576 4034 2933 4107; x_wconf 67' lang='lat' dir='ltr'><strong>Betti—Lecto,</strong></span> 
     </span>
    </p>
   </div>
   <div class='ocr_carea' id='block_1_128' title="bbox 2068 4105 3545 4243">
    <p class='ocr_par' dir='ltr' id='par_1_128' title="bbox 2068 4105 3545 4243">
     <span class='ocr_line' id='line_1_139' title="bbox 2068 4105 3545 4243; baseline 0.007 -79"><span class='ocrx_word' id='word_1_740' title='bbox 2068 4118 2128 4167; x_wconf 83' lang='lat' dir='ltr'><strong>ut</strong></span> <span class='ocrx_word' id='word_1_741' title='bbox 2139 4105 2441 4243; x_wconf 49' lang='lat' dir='ltr'><strong>giergerent</strong></span> <span class='ocrx_word' id='word_1_742' title='bbox 2470 4115 2525 4161; x_wconf 84' lang='lat' dir='ltr'><strong>et.</strong></span> <span class='ocrx_word' id='word_1_743' title='bbox 2553 4105 2841 4163; x_wconf 89' lang='lat' dir='ltr'><strong>introirent</strong></span> <span class='ocrx_word' id='word_1_744' title='bbox 2868 4109 3160 4182; x_wconf 66' lang='lat' dir='ltr'><strong>Egyptum</strong></span> <span class='ocrx_word' id='word_1_745' title='bbox 3190 4130 3219 4169; x_wconf 88' lang='lat' dir='ltr'><strong>a</strong></span> <span class='ocrx_word' id='word_1_746' title='bbox 3252 4116 3387 4174; x_wconf 80' lang='lat' dir='ltr'><strong>facie</strong></span> <span class='ocrx_word' id='word_1_747' title='bbox 3417 4119 3545 4175; x_wconf 77' lang='lat' dir='ltr'><strong>Cha‘</strong></span> 
     </span>
     <span class='ocr_line' id='line_1_140' title="bbox 2178 4199 2418 4240; baseline -0.021 0"><span class='ocrx_word' id='word_1_748' title='bbox 2178 4199 2377 4240; x_wconf 78' lang='lat' dir='ltr'><strong>:eorum</strong></span> <span class='ocrx_word' id='word_1_749' title='bbox 2404 4200 2418 4235; x_wconf 87' lang='lat'><strong>:</strong></span> 
     </span>
    </p>
   </div>
   <div class='ocr_carea' id='block_1_129' title="bbox 2178 4199 2418 4240">
    <p class='ocr_par' dir='ltr' id='par_1_129' title="bbox 2178 4199 2418 4240">
     <span class='ocr_line' id='line_1_141' title="bbox 2178 4199 2418 4240; baseline -0.021 0"><span class='ocrx_word' id='word_1_750' title='bbox 2178 4199 2377 4240; x_wconf 69' lang='lat' dir='ltr'><strong>morum</strong></span> <span class='ocrx_word' id='word_1_751' title='bbox 2404 4200 2418 4235; x_wconf 75' lang='grc' dir='ltr'>ζ</span> 
     </span>
    </p>
   </div>
   <div class='ocr_carea' id='block_1_130' title="bbox 1998 4255 2601 4319">
    <p class='ocr_par' dir='ltr' id='par_1_130' title="bbox 1998 4255 2601 4319">
     <span class='ocr_line' id='line_1_142' title="bbox 1998 4255 2601 4319; baseline -0.027 1"><span class='ocrx_word' id='word_1_752' title='bbox 1998 4260 2286 4319; x_wconf 77' lang='lat' dir='ltr'><strong>Timebant</strong></span> <span class='ocrx_word' id='word_1_753' title='bbox 2312 4255 2454 4310; x_wconf 88' lang='lat' dir='ltr'><strong>enim</strong></span> <span class='ocrx_word' id='word_1_754' title='bbox 2484 4265 2601 4315; x_wconf 85' lang='lat' dir='ltr'><strong>eos,</strong></span> 
     </span>
    </p>
   </div>
   <div class='ocr_carea' id='block_1_131' title="bbox 2068 4321 3576 4405">
    <p class='ocr_par' dir='ltr' id='par_1_131' title="bbox 2068 4321 3576 4405">
     <span class='ocr_line' id='line_1_143' title="bbox 2068 4321 3576 4405; baseline 0.017 -39"><span class='ocrx_word' id='word_1_755' title='bbox 2068 4331 2565 4405; x_wconf 57' lang='lat' dir='ltr'><strong>quiapepcnsseral</strong></span> <span class='ocrx_word' id='word_1_756' title='bbox 2588 4321 2789 4380; x_wconf 68' lang='lat' dir='ltr'><strong>[suae]</strong></span> <span class='ocrx_word' id='word_1_757' title='bbox 2814 4323 2955 4381; x_wconf 80' lang='lat' dir='ltr'><strong>illius</strong></span> <span class='ocrx_word' id='word_1_758' title='bbox 2985 4324 3269 4385; x_wconf 77' lang='lat' dir='ltr'><strong>Nathanite</strong></span> <span class='ocrx_word' id='word_1_759' title='bbox 3294 4331 3576 4392; x_wconf 88' lang='lat' dir='ltr'><strong>Godoliam</strong></span> 
     </span>
    </p>
   </div>
   <div class='ocr_carea' id='block_1_132' title="bbox 2142 4398 2593 4462">
    <p class='ocr_par' dir='ltr' id='par_1_132' title="bbox 2142 4398 2593 4462">
     <span class='ocr_line' id='line_1_144' title="bbox 2142 4398 2593 4462; baseline -0.02 -6"><span class='ocrx_word' id='word_1_760' title='bbox 2142 4404 2310 4457; x_wconf 88' lang='lat' dir='ltr'><strong>lilium</strong></span> <span class='ocrx_word' id='word_1_761' title='bbox 2346 4398 2593 4462; x_wconf 84' lang='lat' dir='ltr'><strong>Ahicam,</strong></span> 
     </span>
    </p>
   </div>
   <div class='ocr_carea' id='block_1_133' title="bbox 2071 4465 3506 4544">
    <p class='ocr_par' dir='ltr' id='par_1_133' title="bbox 2071 4465 3506 4544">
     <span class='ocr_line' id='line_1_145' title="bbox 2071 4465 3506 4544; baseline 0.006 -21"><span class='ocrx_word' id='word_1_762' title='bbox 2071 4490 2229 4544; x_wconf 77' lang='lat' dir='ltr'><strong>quem</strong></span> <span class='ocrx_word' id='word_1_763' title='bbox 2252 4475 2621 4544; x_wconf 68' lang='lat' dir='ltr'><strong>prmpo_s_tierat</strong></span> <span class='ocrx_word' id='word_1_764' title='bbox 2643 4481 2740 4522; x_wconf 81' lang='lat' dir='ltr'><strong>rex</strong></span> <span class='ocrx_word' id='word_1_765' title='bbox 2771 4465 3064 4538; x_wconf 84' lang='lat' dir='ltr'><strong>Babylonis</strong></span> <span class='ocrx_word' id='word_1_766' title='bbox 3094 4471 3146 4525; x_wconf 91' lang='lat' dir='ltr'><strong>in</strong></span> <span class='ocrx_word' id='word_1_767' title='bbox 3190 4479 3332 4529; x_wconf 86' lang='lat' dir='ltr'><strong>terra</strong></span> <span class='ocrx_word' id='word_1_768' title='bbox 3353 4475 3506 4532; x_wconf 75' lang='lat' dir='ltr'><strong>Juda.</strong></span> 
     </span>
    </p>
   </div>
   <div class='ocr_carea' id='block_1_134' title="bbox 2001 4541 3585 4623">
    <p class='ocr_par' dir='ltr' id='par_1_134' title="bbox 2001 4541 3585 4623">
     <span class='ocr_line' id='line_1_146' title="bbox 2001 4541 3585 4623; baseline 0.002 -21"><span class='ocrx_word' id='word_1_769' title='bbox 2001 4541 2155 4623; x_wconf 68' lang='grc' dir='ltr'><strong>[ϐάν.</strong></span> <span class='ocrx_word' id='word_1_770' title='bbox 2183 4541 2367 4612; x_wconf 68' lang='lat' dir='ltr'><strong>XLIH</strong></span> <span class='ocrx_word' id='word_1_771' title='bbox 2427 4542 2497 4623; x_wconf 54' lang='grc' dir='ltr'><strong>[βε</strong></span> <span class='ocrx_word' id='word_1_772' title='bbox 2510 4550 2871 4623; x_wconf 35' lang='lat' dir='ltr'><strong>accesserunt.</strong></span> <span class='ocrx_word' id='word_1_773' title='bbox 2902 4555 3091 4623; x_wconf 60' lang='lat' dir='ltr'><strong>omnes</strong></span> <span class='ocrx_word' id='word_1_774' title='bbox 3110 4546 3388 4623; x_wconf 80' lang='lat' dir='ltr'><strong>principes</strong></span> <span class='ocrx_word' id='word_1_775' title='bbox 3413 4549 3585 4605; x_wconf 86' lang='lat' dir='ltr'><strong>bella-</strong></span> 
     </span>
    </p>
   </div>
   <div class='ocr_carea' id='block_1_135' title="bbox 2146 4608 3590 4681">
    <p class='ocr_par' dir='ltr' id='par_1_135' title="bbox 2146 4608 3590 4681">
     <span class='ocr_line' id='line_1_147' title="bbox 2146 4608 3590 4681; baseline 0.004 -9"><span class='ocrx_word' id='word_1_776' title='bbox 2146 4608 2367 4680; x_wconf 48' lang='lat' dir='ltr'><strong>torum;</strong></span> <span class='ocrx_word' id='word_1_777' title='bbox 2401 4608 2750 4666; x_wconf 80' lang='lat' dir='ltr'><strong>ctJohannan</strong></span> <span class='ocrx_word' id='word_1_778' title='bbox 2797 4608 2940 4665; x_wconf 75' lang='lat' dir='ltr'><strong>illius</strong></span> <span class='ocrx_word' id='word_1_779' title='bbox 2988 4608 3180 4681; x_wconf 84' lang='lat' dir='ltr'><strong>Caree,</strong></span> <span class='ocrx_word' id='word_1_780' title='bbox 3236 4608 3307 4672; x_wconf 52' lang='lat' dir='ltr'><strong>et&#39;</strong></span> <span class='ocrx_word' id='word_1_781' title='bbox 3336 4619 3590 4678; x_wconf 74' lang='lat' dir='ltr'><strong>Jezonias</strong></span> 
     </span>
    </p>
   </div>
   <div class='ocr_carea' id='block_1_136' title="bbox 2144 4687 2513 4747">
    <p class='ocr_par' dir='ltr' id='par_1_136' title="bbox 2144 4687 2513 4747">
     <span class='ocr_line' id='line_1_148' title="bbox 2144 4687 2513 4747; baseline -0.024 -2"><span class='ocrx_word' id='word_1_782' title='bbox 2144 4690 2289 4745; x_wconf 74' lang='lat' dir='ltr'><strong>ﬁlius</strong></span> <span class='ocrx_word' id='word_1_783' title='bbox 2318 4687 2513 4747; x_wconf 68' lang='lat' dir='ltr'><strong>Osaiar,</strong></span> 
     </span>
    </p>
   </div>
   <div class='ocr_carea' id='block_1_137' title="bbox 2078 4753 3512 4832">
    <p class='ocr_par' dir='ltr' id='par_1_137' title="bbox 2078 4753 3512 4832">
     <span class='ocr_line' id='line_1_149' title="bbox 2078 4753 3512 4832; baseline 0.002 -15"><span class='ocrx_word' id='word_1_784' title='bbox 2078 4772 2132 4818; x_wconf 86' lang='lat' dir='ltr'><strong>et</strong></span> <span class='ocrx_word' id='word_1_785' title='bbox 2167 4760 2431 4828; x_wconf 88' lang='lat' dir='ltr'><strong>reliquum</strong></span> <span class='ocrx_word' id='word_1_786' title='bbox 2464 4753 2653 4832; x_wconf 63' lang='lat' dir='ltr'><strong>vulgus</strong></span> <span class='ocrx_word' id='word_1_787' title='bbox 2676 4767 2704 4805; x_wconf 84' lang='lat' dir='ltr'><strong>a</strong></span> <span class='ocrx_word' id='word_1_788' title='bbox 2734 4767 2900 4832; x_wconf 78' lang='lat' dir='ltr'><strong>parvo</strong></span> <span class='ocrx_word' id='word_1_789' title='bbox 2931 4770 3103 4832; x_wconf 83' lang='lat' dir='ltr'><strong>usque</strong></span> <span class='ocrx_word' id='word_1_790' title='bbox 3124 4758 3194 4812; x_wconf 84' lang='lat' dir='ltr'><strong>ad</strong></span> <span class='ocrx_word' id='word_1_791' title='bbox 3221 4776 3471 4832; x_wconf 85' lang='lat' dir='ltr'><strong>magnum</strong></span> <span class='ocrx_word' id='word_1_792' title='bbox 3497 4782 3512 4819; x_wconf 86' lang='lat'><strong>:</strong></span> 
     </span>
    </p>
   </div>
   <div class='ocr_carea' id='block_1_138' title="bbox 2083 4824 3225 4898">
    <p class='ocr_par' dir='ltr' id='par_1_138' title="bbox 2083 4824 3225 4898">
     <span class='ocr_line' id='line_1_150' title="bbox 2083 4824 3225 4898; baseline -0.004 -8"><span class='ocrx_word' id='word_1_793' title='bbox 2083 4824 2446 4898; x_wconf 76' lang='lat' dir='ltr'><strong>Dixeruntque</strong></span> <span class='ocrx_word' id='word_1_794' title='bbox 2473 4824 2538 4878; x_wconf 87' lang='lat' dir='ltr'><strong>ad</strong></span> <span class='ocrx_word' id='word_1_795' title='bbox 2565 4824 2853 4898; x_wconf 81' lang='lat' dir='ltr'><strong>Jeremiam</strong></span> <span class='ocrx_word' id='word_1_796' title='bbox 2884 4827 3225 4896; x_wconf 82' lang='lat' dir='ltr'><strong>pr0pbetatn.</strong></span> 
     </span>
    </p>
   </div>
   <div class='ocr_carea' id='block_1_139' title="bbox 2006 4896 3149 4964">
    <p class='ocr_par' dir='ltr' id='par_1_139' title="bbox 2006 4896 3149 4964">
     <span class='ocr_line' id='line_1_151' title="bbox 2006 4896 3149 4964; baseline -0.02 0"><span class='ocrx_word' id='word_1_797' title='bbox 2006 4907 2177 4964; x_wconf 86' lang='lat' dir='ltr'><strong>Cadat</strong></span> <span class='ocrx_word' id='word_1_798' title='bbox 2202 4896 2375 4959; x_wconf 85' lang='lat' dir='ltr'><strong>oratio</strong></span> <span class='ocrx_word' id='word_1_799' title='bbox 2402 4896 2662 4953; x_wconf 86' lang='lat' dir='ltr'><strong>nostrain</strong></span> <span class='ocrx_word' id='word_1_800' title='bbox 2690 4909 2983 4964; x_wconf 83' lang='lat' dir='ltr'><strong>conspectu</strong></span> <span class='ocrx_word' id='word_1_801' title='bbox 3016 4908 3111 4954; x_wconf 77' lang='grc' dir='ltr'>ιιιο</span> <span class='ocrx_word' id='word_1_802' title='bbox 3136 4918 3149 4952; x_wconf 70' lang='grc' dir='ltr'>ε</span> 
     </span>
    </p>
   </div>
   <div class='ocr_carea' id='block_1_140' title="bbox 2079 4967 3592 5051">
    <p class='ocr_par' dir='ltr' id='par_1_140' title="bbox 2079 4967 3592 5051">
     <span class='ocr_line' id='line_1_152' title="bbox 2079 4967 3592 5051; baseline 0.002 -18"><span class='ocrx_word' id='word_1_803' title='bbox 2079 4990 2133 5036; x_wconf 88' lang='lat' dir='ltr'><strong>et</strong></span> <span class='ocrx_word' id='word_1_804' title='bbox 2160 4992 2257 5051; x_wconf 81' lang='lat' dir='ltr'><strong>ora</strong></span> <span class='ocrx_word' id='word_1_805' title='bbox 2286 4987 2388 5051; x_wconf 82' lang='lat' dir='ltr'><strong>pro</strong></span> <span class='ocrx_word' id='word_1_806' title='bbox 2417 4967 2571 5051; x_wconf 72' lang='lat' dir='ltr'><strong>nobis</strong></span> <span class='ocrx_word' id='word_1_807' title='bbox 2613 4967 2679 5050; x_wconf 72' lang='lat' dir='ltr'><strong>ad</strong></span> <span class='ocrx_word' id='word_1_808' title='bbox 2710 4968 2993 5051; x_wconf 72' lang='lat' dir='ltr'><strong>Dominum</strong></span> <span class='ocrx_word' id='word_1_809' title='bbox 3056 4972 3220 5029; x_wconf 90' lang='lat' dir='ltr'><strong>Deum</strong></span> <span class='ocrx_word' id='word_1_810' title='bbox 3268 4984 3440 5048; x_wconf 82' lang='lat' dir='ltr'><strong>tuum,</strong></span> <span class='ocrx_word' id='word_1_811' title='bbox 3492 4994 3592 5051; x_wconf 87' lang='lat' dir='ltr'><strong>pro</strong></span> 
     </span>
    </p>
   </div>
   <div class='ocr_carea' id='block_1_141' title="bbox 2152 5040 2874 5107">
    <p class='ocr_par' dir='ltr' id='par_1_141' title="bbox 2152 5040 2874 5107">
     <span class='ocr_line' id='line_1_153' title="bbox 2152 5040 2874 5107; baseline -0.015 -3"><span class='ocrx_word' id='word_1_812' title='bbox 2152 5040 2421 5105; x_wconf 78' lang='lat' dir='ltr'><strong>universis</strong></span> <span class='ocrx_word' id='word_1_813' title='bbox 2446 5040 2687 5107; x_wconf 84' lang='lat' dir='ltr'><strong>reliquiis</strong></span> <span class='ocrx_word' id='word_1_814' title='bbox 2717 5040 2874 5094; x_wconf 90' lang='lat' dir='ltr'><strong>istis:</strong></span> 
     </span>
    </p>
   </div>
   <div class='ocr_carea' id='block_1_142' title="bbox 2008 5113 3193 5194">
    <p class='ocr_par' dir='ltr' id='par_1_142' title="bbox 2008 5113 3193 5194">
     <span class='ocr_line' id='line_1_154' title="bbox 2008 5113 3193 5194; baseline -0.006 -15"><span class='ocrx_word' id='word_1_815' title='bbox 2008 5123 2146 5191; x_wconf 87' lang='lat' dir='ltr'><strong>Quia</strong></span> <span class='ocrx_word' id='word_1_816' title='bbox 2169 5117 2412 5194; x_wconf 75' lang='lat' dir='ltr'><strong>derelicti</strong></span> <span class='ocrx_word' id='word_1_817' title='bbox 2443 5129 2632 5194; x_wconf 81' lang='lat' dir='ltr'><strong>sumus</strong></span> <span class='ocrx_word' id='word_1_818' title='bbox 2650 5113 2810 5194; x_wconf 85' lang='lat' dir='ltr'><strong>pauci</strong></span> <span class='ocrx_word' id='word_1_819' title='bbox 2838 5114 2907 5166; x_wconf 90' lang='lat' dir='ltr'><strong>de</strong></span> <span class='ocrx_word' id='word_1_820' title='bbox 2927 5114 3193 5184; x_wconf 90' lang='lat' dir='ltr'><strong>pluribus,</strong></span> 
     </span>
    </p>
   </div>
   <div class='ocr_carea' id='block_1_143' title="bbox 2080 5187 2971 5251">
    <p class='ocr_par' dir='ltr' id='par_1_143' title="bbox 2080 5187 2971 5251">
     <span class='ocr_line' id='line_1_155' title="bbox 2080 5187 2971 5251; baseline -0.013 -1"><span class='ocrx_word' id='word_1_821' title='bbox 2080 5196 2220 5250; x_wconf 87' lang='lat' dir='ltr'><strong>sicut</strong></span> <span class='ocrx_word' id='word_1_822' title='bbox 2246 5190 2389 5247; x_wconf 90' lang='lat' dir='ltr'><strong>oculi</strong></span> <span class='ocrx_word' id='word_1_823' title='bbox 2422 5187 2494 5241; x_wconf 91' lang='lat' dir='ltr'><strong>tui</strong></span> <span class='ocrx_word' id='word_1_824' title='bbox 2527 5201 2623 5239; x_wconf 87' lang='lat' dir='ltr'><strong>nos</strong></span> <span class='ocrx_word' id='word_1_825' title='bbox 2650 5187 2929 5239; x_wconf 87' lang='lat' dir='ltr'><strong>intuentur</strong></span> <span class='ocrx_word' id='word_1_826' title='bbox 2956 5202 2971 5251; x_wconf 88' lang='lat'><strong>;</strong></span> 
     </span>
    </p>
   </div>
   <div class='ocr_carea' id='block_1_144' title="bbox 2016 5256 3601 5336">
    <p class='ocr_par' dir='ltr' id='par_1_144' title="bbox 2016 5256 3601 5336">
     <span class='ocr_line' id='line_1_156' title="bbox 2016 5256 3601 5336; baseline 0 -13"><span class='ocrx_word' id='word_1_827' title='bbox 2016 5266 2086 5323; x_wconf 90' lang='lat' dir='ltr'><strong>Et</strong></span> <span class='ocrx_word' id='word_1_828' title='bbox 2127 5265 2410 5323; x_wconf 72' lang='lat' dir='ltr'><strong>annuntiat</strong></span> <span class='ocrx_word' id='word_1_829' title='bbox 2462 5258 2620 5314; x_wconf 82' lang='lat' dir='ltr'><strong>nobis</strong></span> <span class='ocrx_word' id='word_1_830' title='bbox 2662 5256 2924 5311; x_wconf 87' lang='lat' dir='ltr'><strong>Dominus</strong></span> <span class='ocrx_word' id='word_1_831' title='bbox 2971 5258 3116 5315; x_wconf 87' lang='lat' dir='ltr'><strong>Deus</strong></span> <span class='ocrx_word' id='word_1_832' title='bbox 3163 5268 3286 5318; x_wconf 85' lang='lat' dir='ltr'><strong>tuus</strong></span> <span class='ocrx_word' id='word_1_833' title='bbox 3310 5263 3472 5333; x_wconf 82' lang='lat' dir='ltr'><strong>viam,</strong></span> <span class='ocrx_word' id='word_1_834' title='bbox 3503 5281 3601 5336; x_wconf 88' lang='lat' dir='ltr'><strong>per</strong></span> 
     </span>
    </p>
   </div>
   <div class='ocr_carea' id='block_1_145' title="bbox 2156 5344 2647 5408">
    <p class='ocr_par' dir='ltr' id='par_1_145' title="bbox 2156 5344 2647 5408">
     <span class='ocr_line' id='line_1_157' title="bbox 2156 5344 2647 5408; baseline -0.01 -17"><span class='ocrx_word' id='word_1_835' title='bbox 2156 5352 2311 5408; x_wconf 89' lang='lat' dir='ltr'><strong>quam</strong></span> <span class='ocrx_word' id='word_1_836' title='bbox 2344 5344 2647 5408; x_wconf 51' lang='lat' dir='ltr'><strong>pergamus:</strong></span> 
     </span>
    </p>
   </div>
   <div class='ocr_carea' id='block_1_146' title="bbox 2086 5399 2987 5471">
    <p class='ocr_par' dir='ltr' id='par_1_146' title="bbox 2086 5399 2987 5471">
     <span class='ocr_line' id='line_1_158' title="bbox 2086 5399 2987 5471; baseline -0.012 -6"><span class='ocrx_word' id='word_1_837' title='bbox 2086 5421 2143 5465; x_wconf 89' lang='lat' dir='ltr'><strong>et</strong></span> <span class='ocrx_word' id='word_1_838' title='bbox 2170 5399 2416 5470; x_wconf 63' lang='lat' dir='ltr'><strong>verbum,</strong></span> <span class='ocrx_word' id='word_1_839' title='bbox 2445 5399 2588 5471; x_wconf 78' lang='lat' dir='ltr'><strong>quod</strong></span> <span class='ocrx_word' id='word_1_840' title='bbox 2611 5399 2896 5455; x_wconf 86' lang='lat' dir='ltr'><strong>faciamus.</strong></span> <span class='ocrx_word' id='word_1_841' title='bbox 2982 5462 2987 5469; x_wconf 32' lang='grc' dir='ltr'>ι</span> 
     </span>
    </p>
   </div>
   <div class='ocr_carea' id='block_1_147' title="bbox 2020 5471 3219 5565">
    <p class='ocr_par' dir='ltr' id='par_1_147' title="bbox 2020 5471 3219 5543">
     <span class='ocr_line' id='line_1_159' title="bbox 2020 5471 3219 5543; baseline -0.016 -5"><span class='ocrx_word' id='word_1_842' title='bbox 2020 5482 2160 5539; x_wconf 79' lang='lat' dir='ltr'><strong>Dixit</strong></span> <span class='ocrx_word' id='word_1_843' title='bbox 2187 5492 2364 5534; x_wconf 89' lang='lat' dir='ltr'><strong>autem</strong></span> <span class='ocrx_word' id='word_1_844' title='bbox 2392 5475 2457 5530; x_wconf 90' lang='lat' dir='ltr'><strong>ad</strong></span> <span class='ocrx_word' id='word_1_845' title='bbox 2480 5487 2573 5530; x_wconf 88' lang='lat' dir='ltr'><strong>eos</strong></span> <span class='ocrx_word' id='word_1_846' title='bbox 2600 5471 2867 5527; x_wconf 83' lang='lat' dir='ltr'><strong>Jeremias</strong></span> <span class='ocrx_word' id='word_1_847' title='bbox 2911 5474 3174 5543; x_wconf 75' lang='lat' dir='ltr'><strong>prapheia</strong></span> <span class='ocrx_word' id='word_1_848' title='bbox 3201 5491 3219 5536; x_wconf 70' lang='grc' dir='ltr'>ς</span> 
     </span>
    </p>
   </div>
   <div class='ocr_carea' id='block_1_148' title="bbox 2018 5555 3611 5692">
    <p class='ocr_par' dir='ltr' id='par_1_148' title="bbox 2018 5555 3611 5692">
     <span class='ocr_line' id='line_1_160' title="bbox 2018 5555 3611 5692; baseline 0.001 -10"><span class='ocrx_word' id='word_1_849' title='bbox 2018 5555 2399 5692; x_wconf 42' lang='lat' dir='ltr'><strong>Emicat-0</strong></span> <span class='ocrx_word' id='word_1_850' title='bbox 2426 5617 2494 5673; x_wconf 87' lang='lat' dir='ltr'><strong>ad</strong></span> <span class='ocrx_word' id='word_1_851' title='bbox 2514 5615 2799 5675; x_wconf 87' lang='lat' dir='ltr'><strong>Dominum</strong></span> <span class='ocrx_word' id='word_1_852' title='bbox 2820 5615 2998 5672; x_wconf 81' lang='lat' dir='ltr'><strong>Deum</strong></span> <span class='ocrx_word' id='word_1_853' title='bbox 3045 5629 3285 5676; x_wconf 72' lang='lat' dir='ltr'><strong>vestrum</strong></span> <span class='ocrx_word' id='word_1_854' title='bbox 3316 5624 3611 5683; x_wconf 85' lang='lat' dir='ltr'><strong>secundum</strong></span> 
     </span>
    </p>
   </div>
   <div class='ocr_carea' id='block_1_149' title="bbox 2029 5696 3610 5837">
    <p class='ocr_par' dir='ltr' id='par_1_149' title="bbox 2029 5696 3610 5837">
     <span class='ocr_line' id='line_1_161' title="bbox 2189 5700 2566 5744; baseline 0 0"><span class='ocrx_word' id='word_1_855' title='bbox 2189 5717 2197 5725; x_wconf 87' lang='lat'><strong>-</strong></span> <span class='ocrx_word' id='word_1_856' title='bbox 2464 5700 2482 5744; x_wconf 90' lang='lat' dir='ltr'><strong>t</strong></span> <span class='ocrx_word' id='word_1_857' title='bbox 2513 5705 2566 5744; x_wconf 84' lang='lat' dir='ltr'><strong>a.</strong></span> 
     </span>
     <span class='ocr_line' id='line_1_162' title="bbox 2029 5696 3610 5837; baseline -0.001 -8"><span class='ocrx_word' id='word_1_858' title='bbox 2029 5696 2467 5830; x_wconf 45' lang='lat' dir='ltr'><strong>Omneeigfbtiiits,</strong></span> <span class='ocrx_word' id='word_1_859' title='bbox 2488 5707 2881 5834; x_wconf 83' lang='lat' dir='ltr'><strong>rquodcumque</strong></span> <span class='ocrx_word' id='word_1_860' title='bbox 2908 5762 3249 5835; x_wconf 80' lang='lat' dir='ltr'><strong>responderit</strong></span> <span class='ocrx_word' id='word_1_861' title='bbox 3276 5766 3436 5837; x_wconf 74' lang='lat' dir='ltr'><strong>mihi,</strong></span> <span class='ocrx_word' id='word_1_862' title='bbox 3466 5768 3610 5827; x_wconf 80' lang='lat' dir='ltr'><strong>indi-</strong></span> 
     </span>
    </p>
   </div>
   <div class='ocr_carea' id='block_1_150' title="bbox 2174 5836 2508 5900">
    <p class='ocr_par' dir='ltr' id='par_1_150' title="bbox 2174 5836 2508 5900">
     <span class='ocr_line' id='line_1_163' title="bbox 2174 5836 2508 5900; baseline -0.006 -7"><span class='ocrx_word' id='word_1_863' title='bbox 2174 5841 2310 5897; x_wconf 86' lang='lat' dir='ltr'><strong>cabo</strong></span> <span class='ocrx_word' id='word_1_864' title='bbox 2330 5836 2508 5900; x_wconf 73' lang='lat' dir='ltr'><strong>vobis,</strong></span> 
     </span>
    </p>
   </div>
   <div class='ocr_carea' id='block_1_151' title="bbox 2105 5904 2902 5978">
    <p class='ocr_par' dir='ltr' id='par_1_151' title="bbox 2105 5904 2902 5978">
     <span class='ocr_line' id='line_1_164' title="bbox 2105 5904 2902 5978; baseline -0.016 -5"><span class='ocrx_word' id='word_1_865' title='bbox 2105 5928 2211 5972; x_wconf 85' lang='lat' dir='ltr'><strong>nec</strong></span> <span class='ocrx_word' id='word_1_866' title='bbox 2231 5911 2429 5970; x_wconf 87' lang='lat' dir='ltr'><strong>celabo</strong></span> <span class='ocrx_word' id='word_1_867' title='bbox 2452 5921 2550 5965; x_wconf 90' lang='lat' dir='ltr'><strong>vos</strong></span> <span class='ocrx_word' id='word_1_868' title='bbox 2579 5904 2872 5978; x_wconf 85' lang='lat' dir='ltr'><strong>quidquam</strong></span> <span class='ocrx_word' id='word_1_869' title='bbox 2888 5943 2902 5959; x_wconf 96' lang='lat'><strong>.</strong></span> 
     </span>
    </p>
   </div>
  </div>
