2057 3182
254 149 308 179 915

257 209 322 250 [ἥτις
339 207 405 249 dicit
419 207 551 235 Dominus
566 207 637 235 Dens
647 205 729 235 lsrael
741 205 775 233 ad
791 209 828 241 te,
846 205 951 234 Baruelt
963 214 983 243 ε,

257 245 351 272 Dixisti
364 253 371 272 :

261 280 304 307 Va:
318 279 381 307 mihi
398 279 514 307 misero!

294 316 421 349 quoniam
445 314 550 342 addidit
570 311 701 342 Dominus
721 313 846 342 dolorem
868 313 956 342 dolori
971 319 1052 342 meo:

258 351 390 380 Laboravi
402 352 431 378 in
443 350 545 386 gemitu
560 357 635 379 meo.

295 391 323 414 et
338 387 456 422 requiem
472 394 524 413 non
540 385 644 413 inveni.

259 427 272 443 ι
297 423 360 450 Haec
374 423 448 449 dices
460 422 493 449 ad
508 428 570 449 eum
587 429 593 447 ε

296 458 341 486 Sic
352 458 417 485 dicit
430 457 579 485 Dominus:

259 494 330 522 Ecce
343 500 410 526 quos
424 493 569 525 mditicavi,
585 499 637 527 ego
650 491 763 519 destruo
777 499 785 519 :

294 534 322 557 et
333 537 401 564 quos
417 529 545 564 plantavi,
558 535 609 563 ego
620 527 725 564 revello,

293 571 323 593 et
336 563 491 592 universam
504 569 604 591 terram
620 563 700 590 hanc.

258 600 292 628 Et
307 605 335 628 tu
351 601 451 636 quaeris
467 599 516 627 tibi
525 599 655 635 grandia?

292 636 348 663 noli
364 640 486 670 qumrere
498 644 505 662 π

257 672 327 705 Quia
343 669 407 699 eoeo
423 678 475 706 ego
494 669 628 698 adducam
643 669 745 697 malum
765 677 847 705 super
867 675 974 699 omnem
994 678 1054 700 car-

329 715 403 739 nem,
415 708 453 734 ait
464 707 594 734 Dominus
609 715 615 734 :
816 738 818 741 π

293 747 321 770 et
336 743 406 770 dabo
422 742 470 770 tibi
485 743 602 770 animam
617 746 691 768 tuam
704 741 731 769 in
747 741 875 775 salutem,

293 778 319 806 in
333 779 461 806 omnibus
477 778 555 811 locis,
567 777 600 804 ad
614 784 792 812 quaecumque
805 778 969 812 porrexeris.

259 813 457 851 [Cap._XLVl.j
477 813 675 851 Quodfaetum
695 819 737 840 est
759 815 872 840 verbum
893 814 999 851 θριπψί
1020 814 1054 842 ad

327 849 474 878 Jeremiam
490 849 652 885 prophetam
666 854 760 876 contra
781 854 875 885 gentes
899 849 932 876 ad
952 849 1055 886 Egyp-

329 891 401 918 tum,

296 906 439 949 adie'is’um
455 921 606 950 exercitum
622 919 774 948 Pharaonis
792 918 902 948 Neehao
917 921 990 956 regis
1004 921 1054 950 ΔΕ-
1069 906 1094 937 Β

425 994 500 1028 juxta
514 991 802 1028 ﬂuviuquupbraten
819 993 845 1019 in
860 991 1033 1028 Charcamis,

293 1027 373 1063 quem
389 1027 522 1064 percussit
536 1027 787 1064 Nabuchodonosor
802 1034 848 1055 rex
869 1027 1034 1064 Babylonis,

260 1064 286 1092 in
300 1063 396 1099 quarto
407 1071 479 1091 anno
492 1064 595 1092 Joacim
611 1063 659 1091 lilii
670 1063 751 1090 Josia:
763 1065 835 1099 regis
844 1063 921 1092 Juda.

258 1100 412 1135 Przeparate
422 1102 529 1128 scutum
541 1105 568 1127 et
582 1101 717 1136 clypeum,

294 1141 321 1162 et
335 1135 474 1170 procedits
487 1136 521 1163 ad
537 1135 650 1163 bellum.

258 1169 367 1206 Jungi’te
381 1180 474 1207 equos,
488 1177 516 1199 et
529 1170 670 1199 ascendite
685 1169 807 1205 equites:

293 1213 363 1234 state
378 1208 404 1234 iu
417 1208 515 1243 galeis,

294 1243 378 1276 politc
390 1243 508 1277 lanceas,

294 1278 396 1306 induite
408 1287 454 1306 vos
467 1279 570 1306 loricis.

258 1313 329 1348 Quid
342 1314 446 1348 igitur?
460 1314 513 1342 vidi
528 1314 602 1349 ipsos
617 1313 740 1348 pavidos,
752 1311 781 1341 et
796 1317 871 1349 terga
881 1317 1032 1349 vertentes,

292 1349 378 1378 fortes
391 1350 485 1377 eorum
500 1356 586 1377 casus
602 1357 610 1376 :

259 1384 399 1420 Fugerunt
411 1385 523 1422 conciti,
538 1393 587 1413 nec
600 1388 777 1422 respexerunt
791 1392 799 1411 :

292 1424 381 1448 terror
396 1421 523 1456 undique,
536 1422 575 1449 itit
587 1421 728 1451 Dominus.

256 1455 317 1484 Non
333 1456 418 1493 fugiat
428 1455 506 1484 velox
518 1479 525 1490 ,

759 146 788 175 S.
810 142 1003 175 HIERONYIII
1019 142 1136 174 DIVINA
1156 144 1395 175 BIBL‘OTHECAo

1066 206 1094 238 Α
1141 206 1204 242 Quia
1215 205 1358 234 dcvorabit
1367 204 1474 242 gladius
1484 211 1517 233 ea
1529 211 1590 241 quae
1606 206 1655 240 per
1668 203 1811 232 circuitum
1827 206 1905 230 tuum

1852 142 1905 171 9|6

1178 249 1251 270 Slllll.

1106 277 1195 312 Quare
1207 277 1374 312 computruit
1389 277 1466 304 fortis
1487 276 1572 303 tuus?

1142 321 1194 341 non
1208 311 1301 342 stetit:
1317 314 1444 349 quoniam
1457 312 1589 340 Dominus
1604 311 1738 340 Subvertit
1752 316 1826 340 eum.

1106 348 1295 384 Multiplicavit
1316 348 1436 382 ruentes,

1141 386 1294 421 ceciditque
1309 386 1348 412 vir
1362 385 1396 412 ad
1412 384 1565 420 proximum
1577 389 1655 411 suum
1668 391 1676 412 :

1141 425 1169 448 et
1181 421 1273 448 dicent
1290 431 1295 448 :

1141 425 1169 448 et
1181 422 1273 448 dicent
1290 431 1295 448 :

1107 456 1204 490 Surge,
1220 462 1247 485 et
1260 460 1430 485 revertamur
1442 456 1475 483 ad
1491 453 1620 491 populum
1634 457 1771 490 nostrum,

1142 498 1169 520 et
1183 494 1215 520 ad
1236 497 1335 520 terram
1352 492 1500 520 nativitatis
1516 496 1627 523 nostra,

1142 536 1156 554 a
1173 528 1242 555 faeie
1256 528 1336 564 gladii
1348 527 1492 555 columine.

1107 563 1210 592 Vocate
1222 562 1322 592 uoincn
1337 564 1444 592 Pharao
1455 563 1510 597 regi
1527 562 1649 598 Egypti,

1142 601 1299 627 Tumultum
1312 600 1430 627 adduxit
1443 605 1559 634 tempus.

1108 635 1175 662 Vivo
1184 644 1245 670 ego.
1263 636 1347 670 inquit
1366 644 1424 669 rex,

1143 672 1275 698 Dominus
1291 673 1459 698 exercituum
1473 677 1572 698 nomen
1584 670 1662 704 ejus:

1107 708 1239 740 Quoniam
1260 708 1331 734 sicut
1343 707 1452 734 Thuhor
1469 708 1494 733 in
1510 707 1659 738 montibus,

1143 747 1169 770 et
1184 744 1253 769 sicut
1269 744 1428 769 titiarmclus
1444 746 1470 768 in
1492 742 1569 773 mari,
1589 742 1687 768 veniet.

1108 779 1176 805 Vasa
1189 780 1435 811 transmigrationis
1447 779 1489 804 fac
1501 778 1545 804 tibi
1554 777 1700 804 habitatrix
1715 776 1768 803 filia
1778 776 1910 813 Egypti;

1141 814 1202 850 quia
1218 815 1352 848 Memphis
1366 815 1391 841 iu
1417 812 1593 841 solitudinem
1619 813 1685 845 crit,
1709 816 1738 840 et
1761 812 1910 840 deseretur

1177 850 1372 878 inhabitabilis.

1107 885 1196 913 Vitula
1211 887 1321 921 elegans
1339 891 1421 921 atque
1445 883 1563 913 formosa
1576 884 1731 921 Egyptus:
1749 884 1909 913 stimulator

1177 922 1212 949 ab
1225 922 1352 957 aquilone
1366 922 1456 949 veniet
1467 921 1503 949 ei.

1106 956 1265 986 Mercenarii
1280 962 1390 993 quoilue
1404 958 1475 992 ejus,
1499 957 1544 993 qui
1568 956 1746 984 versabantur
1761 957 1789 984 in
1814 956 1902 984 medio

1177 1002 1245 1028 ejus,

1141 1030 1217 1063 quasi
1232 1030 1308 1057 vituli
1329 1029 1442 1064 saginati
1457 1029 1529 1056 versi
1545 1031 1617 1061 sunt,

1140 1071 1165 1091 et
1179 1065 1306 1099 fugerunt
1321 1066 1413 1097 simul,
1431 1072 1481 1092 nec
1496 1066 1569 1092 stare
1586 1066 1754 1099 potuerunt:

1103 1101 1171 1134 Quia
1188 1101 1245 1127 dies
1261 1101 1458 1128 interfectionis
1471 1107 1566 1128 eorum
1579 1100 1656 1128 venit
1670 1102 1754 1135 Super
1765 1105 1825 1132 eos,

1141 1143 1247 1171 tempus
1261 1137 1421 1163 visitatiunis
1436 1144 1542 1163 eorum.

1106 1172 1161 1200 Vox
1174 1172 1233 1206 ejus
1244 1173 1320 1206 quasi
1334 1175 1397 1199 aeris
1411 1172 1519 1199 sonabit
1532 1181 1539 1200 :

1138 1208 1266 1243 quoniam
1280 1216 1341 1235 cum
1358 1209 1478 1236 exercitu
1494 1206 1689 1242 properabant.

1138 1249 1237 1271 etcum
1254 1244 1395 1272 securibus
1409 1244 1520 1271 venient
1532 1244 1567 1276 ei,
1579 1243 1654 1278 quasi
1667 1243 1738 1278 ligna
1752 1243 1906 1271 euadentes.

1101 1278 1283 1307 Succiderunt
1297 1280 1394 1307 saltum
1409 1280 1477 1315 ejus,
1495 1280 1533 1306 ait
1547 1279 1689 1312 Dominus,

1139 1316 1183 1349 qui
1200 1316 1339 1350 supputari
1356 1323 1410 1343 non
1428 1320 1519 1350 potest
1534 1324 1539 1341 :

1103 1350 1273 1385 Multiplicati
1284 1354 1347 1378 sunt
1357 1354 1439 1385 sttper
1453 1351 1582 1385 locustas,

1138 1391 1165 1413 et
1180 1394 1233 1414 non
1247 1393 1289 1415 est
1303 1389 1343 1414 eis
1359 1395 1497 1414 numerus.

1102 1420 1220 1450 Confusa
1238 1428 1279 1450 est
1292 1423 1345 1449 tilia
1359 1417 1481 1458 Egypti,

1138 1464 1165 1485 et
1179 1458 1277 1486 tradita
1289 1459 1315 1485 in
1330 1457 1516 1492 manu’p’opuli
1528 1457 1674 1492 aquilonis.

291 1499 343 1520 nec
363 1490 460 1520 iatva‘ri
480 1500 510 1520 se
528 1497 605 1527 putet
623 1492 703 1521 tortis
719 1501 727 1519 :
744 1491 784 1519 Ad
804 1491 960 1527 aquilonem
974 1492 1050 1527 juxta
1102 1490 1175 1521 Dixit
1188 1494 1317 1521 Dominus
1340 1490 1507 1522 exercituum
1521 1490 1592 1521 Deus
1608 1493 1708 1520 Israel:

328 1527 429 1556 ﬂumen
442 1528 598 1564 Euphraten
615 1530 677 1557 victi
691 1532 771 1561 sunt,

291 1568 319 1591 et
334 1568 458 1592 ruerunti

256 1598 322 1633 Quis
334 1605 376 1627 est
391 1600 453 1633 iste,
468 1600 513 1636 qui
525 1600 604 1635 quasi
616 1600 716 1628 fiumen
728 1599 850 1627 ascendit
862 1608 868 1627 :

289 1641 317 1662 et
330 1636 415 1664 veluti
429 1636 583 1668 iiuvidrum,
601 1637 785 1664 intumescunt
797 1636 920 1671 gurgites
930 1635 1007 1671 ejus?

255 1671 391 1708 [Egyptus
404 1671 524 1699 fluminis
538 1671 625 1700 instar
639 1671 777 1705 ascendet,

1101 1529 1174 1557 Ecce
1188 1536 1238 1564 ego
1253 1528 1370 1558 visitabo
1383 1534 1465 1565 super
1484 1530 1627 1565 tumultum
1642 1528 1822 1563 Alexandriae,

1137 1570 1166 1593 et
1177 1572 1259 1600 super
1275 1566 1390 1599 Pharao,
1404 1564 1432 1593 et
1445 1571 1528 1601 super
1542 1564 1700 1601 Egyptum,

1063 1599 1087 1632 C
1137 1606 1165 1628 et
1176 1599 1261 1635 super
1271 1603 1337 1630 deos
1352 1602 1420 1636 ejus,

1140 1638 1168 1664 et
1183 1639 1264 1672 super
1277 1641 1356 1674 reges
1366 1640 1436 1672 ejus,

1138 1677 1166 1699 et
1178 1671 1260 1707 super
1275 1671 1390 1707 Pharao,
1406 1679 1433 1701 et
1442 1674 1526 1708 Super
1539 1680 1587 1701 eos
1600 1672 1645 1708 qui
1661 1671 1800 1700 conﬁdunt
1812 1672 1837 1699 in
1854 1681 1898 1700 eo.

290 1707 318 1735 et
343 1709 416 1736 velut
436 1708 548 1736 ﬂumina
576 1708 759 1736 movebuntur
786 1707 885 1735 ﬂuetus
911 1708 990 1743 ejus,
1021 1713 1049 1737 et
1101 1708 1136 1735 Et
1147 1708 1217 1736 dabo
1231 1716 1279 1737 eos
1291 1710 1316 1736 in
1331 1717 1411 1745 nrantt
1424 1707 1860 1745 quajreutium’aulmamrettruin,

326 1746 397 1774 dicet
411 1754 419 1773 :

255 1781 414 1811 Ascendens
428 1780 548 1816 opertam
564 1784 664 1809 terram
683 1787 691 1807 :

292 1818 400 1852 perdam
417 1813 568 1849 civitatem,
580 1820 607 1844 et
618 1816 783 1843 habitatores
796 1813 864 1852 eius;

255 1850 399 1881 Ascendite
410 1857 508 1887 equos,
524 1854 550 1878 et
563 1852 700 1879 exsultate
714 1851 740 1878 in
755 1850 890 1885 curribus,

290 1894 317 1915 et
331 1889 481 1922 procedant
494 1887 589 1919 fortes,

255 1923 390 1957 Ethiopia
402 1929 431 1951 et
445 1923 545 1958 Libyes
555 1927 680 1950 tenentes
692 1926 813 1952 scutum.

290 1965 317 1987 et
331 1959 584 1995 Lytiiivarripientes
597 1963 625 1986 et
636 1958 772 1995 jacientes
778 1958 900 1994 sagittas.

254 1996 317 2023 Dies
329 1993 420 2022 autem
436 1995 481 2022 ille
496 1994 604 2021 Domini
618 1994 664 2021 Dei
686 1994 868 2028 exercituum,
891 1994 949 2022 dies
964 1994 1044 2023 uitio-

323 2038 375 2064 ms,

287 2071 317 2093 ut
331 2071 420 2094 sumat
433 2066 576 2093 vindictam
593 2065 626 2093 de
640 2065 755 2093 inimicis
769 2065 836 2093 suis.

253 2103 398 2131 Det/orabit
411 2100 527 2137 gladius,
543 2107 571 2128 et
585 2102 761 2134 saturabitur,

287 2143 315 2166 et
330 2138 506 2166 inelirtabitur
520 2137 648 2172 sanguine
661 2141 755 2164 eorum
769 2145 775 2163 :

250 2174 364 2202 Victima
382 2175 453 2201 enim
470 2171 578 2200 Domini
593 2173 726 2209 μιραάά.
749 2171 807 2206 Dei!
829 2174 996 2202 exercituum
1013 2175 1040 2203 in

321 2217 393 2237 terra
410 2210 545 2243 aquilonis
558 2208 634 2244 juitta
648 2208 749 2236 iiutnen
765 2209 932 2243 Euphraten.

246 2245 370 2274 Asee'ude
383 2247 410 2273 in
421 2246 520 2273 Galaad
529 2267 536 2279 ,

283 2288 309 2309 et
322 2282 385 2309 tnlie
402 2282 530 2314 resinata,
542 2281 618 2315 virgo
632 2280 686 2308 tilia
698 2280 808 2316 )Egypti
825 2289 831 2307 ε

246 2317 357 2345 Frustra
372 2317 534 2351 multiplicas
549 2316 727 2345 medicamina
741 2337 749 2350 ,

279 2354 379 2380 sanitas
394 2361 446 2380 non
457 2352 507 2380 erit
523 2351 580 2380 tibi.

242 2389 398 2416 Audierunt
407 2394 503 2424 gentes
514 2388 687 2422 ignominiam
702 2391 786 2420 tuam,

277 2430 306 2452 et
318 2426 435 2452 ululatus
449 2431 509 2451 tuus
524 2424 641 2459 replevit
656 2429 755 2451 terram
769 2431 774 2450 :

242 2460 309 2494 Quia
326 2460 403 2487 fortis
417 2459 527 2494 impegit
542 2460 569 2486 in
583 2459 693 2492 fortem,

276 2501 304 2523 cl.
318 2497 398 2524 ambo
412 2497 513 2530 pariter
525 2495 713 2523 conciderunt.

240 2532 358 2560 Verbum
372 2531 443 2567 quod
454 2532 560 2559 locutus
572 2535 615 2559 est
626 2532 756 2559 Dominus
767 2530 801 2557 ad
811 2530 958 2559 Jeremiam
968 2539 1031 2567 pro-

328 2569 418 2595 betam

272 2575 488 2639 “33:??de
502 2607 636 2630 venturus
649 2602 723 2630 esset
737 2601 798 2639 [Αι.
811 2601 868 2637 est]
884 2600 1028 2632 Nabucho-

305 2641 425 2668 donosor
438 2648 484 2666 rex
499 2639 660 2674 Babylonis.

270 2682 297 2704 et
311 2683 491 2712 percussurus
502 2673 602 2702 terram
618 2673 738 2710 Egypti.

232 2710 399 2741 Annuhtiate
413 2710 543 2746 AEgypto,

266 2753 294 2776 et
307 2748 428 2776 auditum
444 2745 524 2773 facite
536 2745 670 2781 Magdalo,

265 2790 292 2811 et
306 2787 415 2812 resonet
429 2783 454 2809 in
470 2782 611 2816 Memphis,

264 2824 292 2847 et
306 2821 332 2847 in
347 2817 496 2853 Thaphnis.
513 2817 605 2845 dicite.

225 2855 286 2890 Sta,
301 2860 329 2883 et
345 2862 466 2890 praepara
481 2858 508 2882 te
521 2861 529 2882 :

260 2930 274 2945 ⁸
293 2924 347 2955 Alii
357 2925 429 2958 libri,
443 2924 507 2954 Hae
521 2924 583 2951 dicit
599 2923 725 2952 Dominus
737 2932 746 2953 :
760 2924 807 2952 Sic
817 2924 888 2952 diu:
898 2923 932 2952 ad
947 2930 1017 2955 cum,

1136 1751 1164 1772 et
1176 1745 1202 1771 in
1220 1748 1299 1772 manu
1313 1744 1566 1772 Nabuchodonosor
1581 1744 1652 1779 regis
1666 1744 1822 1780 Babylonis,

1136 1785 1164 1808 et
1179 1781 1205 1807 in
1217 1789 1297 1808 manu
1311 1786 1454 1808 servorum
1466 1781 1525 1816 ejus
1538 1790 1544 1806 :
1624 1796 1631 1801 -

1099 1815 1134 1843 Et
1146 1819 1207 1879 post
1229 1816 1287 1858 haec
1309 1814 1569 1844 liabitabitur'sieut
1584 1815 1679 1844 diebus
1699 1814 1835 1851 pristinis,
1861 1816 1896 1844 ait

1195 1859 1312 1879 ominus.

1195 1859 1312 1879 ominus.

1098 1884 1133 1914 Et
1146 1891 1179 1950 tuI
1195 1888 1361 1952 ueltimeas,
1379 1895 1457 1916 serve
1471 1895 1547 1916 meus
1569 1887 1666 1922 Jacob,
1689 1890 1716 1914 et
1729 1894 1764 1915 ne
1783 1894 1894 1922 paveas,

1181 1930 1239 1951 srae
1263 1934 1269 1951 :

1181 1930 1250 1951 srael
1263 1934 1269 1951 ζ

1132 1959 1193 1994 quia
1205 1967 1269 1988 ecce
1283 1968 1333 1996 ego
1349 1961 1454 1988 salvum
1470 1965 1496 1988 te
1510 1960 1608 1987 faciam
1624 1959 1658 1986 de
1672 1958 1829 1994 longinquo,

1133 2000 1157 2021 ct
1170 1999 1263 2023 senten‘
1273 2001 1348 2022 tuum
1360 1996 1394 2024 de
1406 1997 1478 2023 terra
1491 1995 1654 2031 captivitatis
1668 2002 1725 2022 sua:
1738 1995 1793 2029 (ΑΙ.
1807 1997 1872 2031 ture)
1885 2006 1890 2022 :

1096 2029 1132 2057 Et
1143 2036 1294 2059 revertetur
1303 2032 1396 2063 Jacob.
1411 2037 1439 2059 et
1450 2029 1613 2065 requiescet,
1628 2036 1655 2058 et
1666 2029 1886 2065 prosperabitur;

1131 2072 1157 2093 et
1172 2075 1223 2093 non
1238 2069 1288 2095 erit
1303 2069 1348 2095 ani
1363 2071 1501 2095 citiet'rcat
1511 2070 1585 2094 euin.

1095 2097 1130 2128 Et
1145 2102 1172 2127 tu
1186 2103 1239 2130 noti
1259 2097 1367 2134 timere.
1388 2110 1466 2131 serve
1481 2106 1558 2130 uictis
1572 2102 1667 2133 Iacob.
1682 2101 1720 2129 ait
1734 2101 1864 2129 Dominus
1877 2112 1883 2129 :

1130 2137 1194 2171 quia
1210 2143 1297 2166 tecum
1313 2147 1363 2175 ego
1378 2148 1449 2170 sum,
1462 2139 1522 2174 quia
1534 2145 1692 2166 oonsuniam
1707 2144 1759 2172 ego
1774 2144 1886 2166 trttnctas

1166 2180 1272 2208 gentes,
1287 2175 1320 2202 ad
1337 2179 1405 2210 quas
1419 2176 1485 2210 ejt-ci
1501 2177 1537 2201 te.
1734 2208 1739 2210 ,
1775 2209 1779 2210 ν
1811 2209 1816 2210 ,
1848 2202 1853 2210 ι

1093 2207 1131 2235 Te
1145 2207 1211 2236 vero
1225 2218 1277 2237 non
1292 2207 1462 2244 consumam,
1480 2212 1526 2237 sed
1541 2210 1678 2244 castigabo
1693 2214 1719 2236 te
1733 2208 1760 2235 in
1771 2208 1884 2243 judicio,

1131 2249 1182 2272 nec
1192 2248 1267 2280 quasi
1283 2247 1421 2274 innocenti
1441 2248 1548 2281 paream
1564 2246 1621 2273 tibi.

1051 2292 1079 2323 Ι)
1092 2278 1174 2323 [ϐαρι
1189 2278 1305 2323 XLV_Il.j
1321 2282 1400 2323 Quod
1413 2278 1511 2310 factum
1534 2283 1578 2323 est
1603 2281 1714 2323 verbum
1728 2280 1836 2308 Domini
1850 2281 1884 2308 ad

1161 2316 1307 2345 Jeremiam
1323 2316 1481 2353 prophetam
1496 2321 1590 2345 contra
1605 2317 1775 2349 Patrestinos,

1125 2356 1270 2389 antequam
1286 2359 1440 2389 percuteret
1451 2354 1556 2382 Pharao
1569 2353 1669 2380 Gazam
1683 2361 1690 2380 :

1089 2385 1151 2414 llzrc
1165 2385 1230 2416 dicit
1245 2385 1375 2416 Dominus
1389 2398 1395 2416 :

1087 2419 1159 2451 Eone
1180 2426 1257 2459 aqua:
1272 2426 1424 2453 ascendunt
1442 2425 1477 2453 ab
1496 2425 1635 2461 aquilone,
1660 2428 1688 2452 et
1708 2426 1788 2451 erunt
1802 2424 1881 2459 quasi

1160 2464 1265 2488 torrens
1282 2461 1428 2496 inundans,

1119 2495 1148 2522 et
1156 2497 1280 2533 operient
1296 2500 1396 2524 terram
1410 2495 1438 2525 et
1452 2497 1647 2533 plenitudinem
1660 2497 1729 2532 ejus,
1744 2495 1839 2524 urbem
1853 2500 1881 2523 et

1156 2530 1321 2564 habitatores
1336 2533 1404 2566 ejus.

1082 2563 1246 2604 Clamabunt
1259 2563 1393 2602 humilitas,
1408 2573 1435 2596 et
1451 2568 1592 2596 nlulab'nnt
1602 2575 1699 2597 omnes
1709 2568 1878 2596 habitatores

1154 2609 1244 2635 terrae,

1115 2637 1150 2664 ab
1165 2640 1277 2674 strepitu
1294 2648 1400 2675 pompm
1415 2648 1562 2673 armorum,
1579 2645 1606 2668 et
1622 2640 1785 2668 bellatorum
1805 2639 1875 2675 ejus,

1115 2680 1130 2700 a
1141 2677 1325 2713 commotione
1335 2677 1525 2713 quadrigarum
1537 2678 1606 2712 ejus,

1114 2713 1142 2736 et
1156 2711 1329 2739 muititu‘diue
1344 2711 1464 2740 rotarum
1479 2713 1562 2740 illius.

1080 2743 1138 2772 Non
1153 2753 1331 2784 respexerunt
1346 2752 1436 2781 patres
1449 2749 1519 2776 tilios
1534 2748 1660 2776 manibus
1672 2746 1812 2776 dissolutis
1822 2755 1872 2784 pro

1111 2815 1117 2821 Ι
1146 2781 1264 2811 adventu
1278 2784 1343 2816 diei,

1110 2819 1138 2843 in
1153 2824 1206 2858 quo
1219 2820 1507 2858 va_stabuuturgomnes
1522 2820 1687 2855 Philistbim,
1709 2824 1735 2849 et
1750 2819 1870 2855 dissipa-

1154 2853 1226 2883 bitttr
1237 2855 1324 2891 Tyrus
1337 2860 1365 2884 et
1379 2856 1461 2885 Sidon
