4114 6364
379 230 481 289 917

446 364 567 405 cum
595 351 846 406 omnibus
874 347 1095 418 reliquis
1124 342 1491 418 auxiliissuis.

375 421 741 493 Depopulatus
764 432 844 478 est
874 414 1016 491 enim
1029 419 1302 493 Dominus
1332 414 1673 482 Palaesunos,
1703 414 1963 486 reliquias

519 488 707 551 insulae
735 488 1112 563 Cappadociae.

375 563 537 621 Venit
564 561 1026 633 calvitium—super
1057 561 1254 633 Gazam
1281 576 1296 633 ξ

444 638 705 692 conticuit
732 629 987 701 Ascalon,
1020 642 1091 703 et,
1112 629 1360 703 reliquiae
1386 630 1540 687 vallis
1568 644 1755 686 earum
1782 646 1796 687 :

406 778 409 779 ν
443 723 720 781 ιιείιιιθῳψ
750 698 1091 763 concideris?

366 778 415 834 Ο
440 773 647 835 ιῐιιιὶξῐυό
666 779 894 839 Domini.
921 790 1202 847 usquequo
1234 791 1341 831 non
1362 773 1650 846 quiesccs?

368 850 662 921 Ingredere
692 853 743 907 in
772 851 1022 921 vaginam
1052 857 1220 914 tuam,

440 921 785 994 refrigerare,
811 934 864 977 et
894 922 1017 976 sile.

360 986 648 1063 Quomodo
675 986 950 1066 quiescet,
981 1008 1101 1050 cum
1131 990 1396 1066 Dominus
1418 988 1737 1066 praeceperit
1768 986 1817 1043 ei
1859 986 1957 1066 ad-

509 1058 704 1121 versus
730 1062 1074 1131 Ascalonem,
1103 1074 1158 1121 et
1187 1058 1448 1120 adversus
1494 1060 1795 1118 maritimas
1839 1058 1959 1128 ejus

510 1138 783 1208 regiones,

439 1213 628 1281 ibique
650 1210 958 1266 condixerit
988 1208 1104 1265 illi?

996 1323 1089 1378 AD
1119 1320 1327 1377 MOAB.

368 1419 524 1495 [ϐαρζ
554 1414 815 1495 χιγηω
847 1416 975 1473 Ητθο
996 1414 1126 1471 dicit
1145 1411 1407 1469 Dominus
1430 1410 1769 1468 exercituum
1814 1409 1957 1468 Deus

503 1491 668 1546 Israel
700 1508 712 1543 :

362 1562 460 1619 ‘l’te
485 1577 647 1631 super
676 1559 857 1617 Naho!
885 1559 1135 1625 quoniam
1166 1566 1375 1615 vastata
1398 1564 1501 1623 εει,
1534 1563 1587 1613 et
1612 1552 1839 1611 confusa
1869 1573 1883 1611 :

431 1630 584 1705 capta
608 1645 690 1691 est
713 1630 1038 1705 Cariathaim
1062 1649 1076 1687 :
1262 1694 1275 1705 Α

430 1700 651 1762 confusa
677 1713 762 1759 est
789 1702 967 1766 fortis,
1000 1710 1054 1758 et
1077 1700 1324 1769 tremuit.

358 1776 479 1834 Non
508 1785 592 1833 est
620 1776 761 1831 ultra
790 1775 1077 1829 exsultatio
1106 1776 1162 1833 in‘
1189 1773 1368 1840 Moab,

431 1857 618 1905 contra
649 1846 863 1903 Esebon
889 1846 1263 1916 cogitaverunt
1288 1842 1512 1899 malum.

358 1920 576 1986 Venite,
605 1929 660 1977 et
689 1918 1064 1984 disperdamus
1096 1933 1217 1975 eam
1248 1916 1317 1971 de
1341 1924 1519 1987 gente.

432 1992 575 2063 Ergo
604 1992 773 2046 silens
798 1989 1155 2063 conticesces,

429 2059 791 2135 sequeturque
820 2069 873 2135 te
902 2059 1133 2135 gladius.

356 2136 482 2190 Vox
508 2131 781 2191 'clamo'ris
810 2132 878 2188 de
899 2131 1155 2187 Orouaim
1181 2148 1196 2187 :

431 2207 675 2272 vastitas,
708 2214 763 2260 et
786 2203 1042 2259 contritio
1070 2217 1286 2273 magna.

357 2278 603 2335 Contrita
633 2285 717 2335 est
748 2276 902 2332 Moab
930 2292 942 2327 :

434 2351 753 2407 annuntiate
780 2347 1074 2402 clamorem
1105 2343 1346 2413 parvulis
1375 2342 1516 2413 ejus.

434 2362 753 2407 annuntiate
780 2362 1074 2402 clamorem
1144 2362 1346 2400 arvuus
1375 2362 1516 2413 ejus.

359 2419 468 2477 Per
495 2435 776 2476 ascensum
805 2420 947 2474 enim
982 2362 1143 2474 [λιιίῑῇ
1167 2418 1385 2477 plorans
1415 2411 1672 2469 ascendet
1702 2410 1756 2465 in
1786 2408 1911 2463 lletu
1939 2426 1952 2462 :

442 2439 468 2477 ι’
495 2435 776 2476 ascensum
805 2434 947 2474 enim
982 2434 1143 2474 thllll
1208 2434 1385 2471 torans
1415 2434 1672 2469 ascendet
1704 2434 1756 2465 III
1787 2434 1911 2463 "Cl"
1939 2434 1952 2462 :

439 2496 689 2563 quoniam
740 2491 817 2563 in;
846 2490 1111 2563 descensu
1155 2434 1411 2543 gronaim
1461 2488 1645 2541 hostes
1691 2483 1953 2536 ululatum

508 2561 852 2619 contritio‘nis
874 2562 1160 2617 audierunt
1187 2576 1202 2618 :

366 2636 576 2704 Fugite,
605 2635 809 2689 salvate
837 2634 1047 2687 animas
1076 2644 1286 2704 vestras
1318 2649 1330 2685 :

436 2702 490 2763 et
518 2708 665 2763 eritis
696 2708 849 2775 quasi
877 2705 1080 2777 myrice
1107 2706 1158 2777 in
1185 2702 1426 2777 deserto.

360 2779 467 2835 Pro
495 2797 559 2837 eo
583 2766 729 2834 enini
757 2776 898 2846 quod
924 2766 1157 2830 habuisti
1183 2774 1435 2829 llduciam
1460 2772 1513 2826 in
1534 2766 1952 2834 munitionibus,

502 2860 557 2907 et
588 2852 641 2905 in
682 2847 952 2903 thesauris
981 2848 1107 2914 tuis,

431 2932 486 2978 tu
513 2937 729 2994 quoque
759 2920 991 2994 capieris
1018 2939 1028 2971 :

360 2998 427 3053 Et
457 2988 558 3048 ibi't
587 2988 903 3047 Chamos'in
937 2988 1488 3059 transmigrationen.,

428 3066 748 3122 sacerdotes
783 3064 920 3132 ejus,
948 3072 1003 3116 et
1026 3055 1301 3131 principes
1326 3059 1445 3128 ejus
1475 3055 1657 3112 simul.

362 3140 432 3195 Et
458 3138 641 3192 veniet
670 3136 851 3205 praedo
882 3132 947 3187 ad
976 3148 1189 3187 omnem
1223 3133 1435 3196 urbem,

430 3218 484 3267 et
513 3210 647 3263 urbs
676 3208 819 3261 nulla
848 3206 1146 3261 salvabitur
1173 3222 1185 3257 :

364 3285 433 3338 Et
459 3278 651 3349 peribit
674 3278 849 3337 vallis,
879 3288 933 3349 et
971 3275 1381 3346 dissipabuntur
1410 3273 1734 3341 campestria
1762 3291 1776 3327 :

436 3350 684 3424 qutittiam
710 3349 846 3424 digit
864 3348 1134 3424 Dominus
1159 3367 1170 3399 ε

368 3414 500 3479 Daie
526 3424 709 3477 ﬂorem
743 3418 916 3483 Moab,
942 3419 1063 3489 quia
1100 3419 1301 3473 ﬂorens
1331 3414 1678 3489 egredietur:

437 3507 492 3551 et
518 3495 765 3548 civitates
794 3492 910 3559 ejus
945 3486 1175 3545 desertae
1207 3486 1401 3552 erant,
1430 3499 1498 3559 et
1546 3486 1951 3559 inhabitabiles.

365 3567 703 3629 Maledictus,
751 3572 778 3600 κ
809 3555 898 3633 qui
949 3563 1076 3616 facit
1115 3577 1254 3620 onus
1288 3555 1499 3633 Domini
1546 3557 1952 3613 fraudulenter:

432 3652 486 3695 et
528 3637 870 3700 maledictus,
897 3635 985 3706 qui
1018 3635 1267 3704 prohibet
1287 3632 1527 3703 gladium
1556 3646 1713 3685 suum
1752 3648 1783 3686 a
1831 3646 1957 3687 sau-

500 3724 683 3776 gume.

361 3773 583 3841 Fertilis
614 3781 707 3833 fuit
734 3778 890 3834 Moab
922 3779 990 3833 ab
1011 3773 1379 3831 adolescentia
1407 3789 1524 3842 sua,

431 3862 486 3909 et
512 3852 773 3921 requievit
798 3850 850 3904 iu
876 3848 1102 3904 ftccibus
1130 3848 1245 3921 suis
1274 3864 1283 3898 :

358 3925 471 3982 Nec
501 3918 802 3979 transfusus
833 3933 916 3978 est
945 3923 1012 3974 de
1034 3935 1160 3973 vase
1189 3918 1245 3971 in
1272 3932 1389 3980 vas,

433 4006 487 4049 et
515 3998 565 4049 in
599 3993 1129 4064 transmigrationem
1162 3987 1430 4064 uon_ablit
1462 4005 1475 4042 :

357 4068 570 4124 Idcirco
598 4059 896 4135 permansit
927 4076 1117 4136 gustus
1145 4060 1260 4130 ejus
1282 4059 1335 4113 in
1367 4074 1459 4127 eo,

434 4148 490 4195 et
521 4139 657 4193 odor
686 4137 801 4204 eius
834 4135 1051 4191 nonest
1080 4135 1418 4204 immutatus.

359 4212 658 4279 Propterea
683 4200 810 4263 ecce
851 4207 965 4261 dles
997 4206 1233 4269 venient,
1268 4211 1321 4256 et
1348 4200 1481 4257 dicit
1510 4200 1815 4279 Dominus:

433 4272 488 4337 et
511 4282 720 4335 mittam
751 4280 799 4334 ei
828 4280 1191 4340 ordinatores,
1221 4283 1485 4329 Stratorcs
1512 4272 1949 4345 laguncularum,

505 4363 559 4407 ct
579 4361 826 4407 sternettt
851 4366 997 4415 eum,

433 4434 487 4481 et
517 4440 641 4478 vasa
668 4425 786 4491 ejus
812 4421 1161 4487 exhaurient,

435 4509 489 4553 et
520 4498 733 4563 lagenas
761 4508 946 4547 eerum
972 4492 1251 4563 collident.

363 4565 436 4622 Et
459 4560 855 4622 confundentur
884 4564 1039 4618 Moab
1063 4578 1090 4614 a
1115 4560 1371 4621 Chamos.

437 4640 577 4694 sicut
602 4637 827 4692 confusa
862 4635 1163 4688 estdomus
1194 4631 1361 4686 Israel
1392 4648 1421 4687 a
1452 4630 1662 4699 Bethel,
1695 4630 1749 4684 iu
1789 4646 1950 4702 quam

509 4712 737 4765 habebat
774 4706 1041 4766 ﬁduciam,

366 4783 647 4850 Quomodo
678 4779 860 4834 dicitis
887 4797 897 4829 :

437 4854 625 4909 Fortes
656 4865 864 4915 sumus,
894 4858 949 4904 et
973 4848 1073 4903 viri
1097 4846 1305 4903 robusti
1328 4846 1394 4902 ad
1429 4844 1828 4918 przeliandum?

362 4925 521 4980 Vasta
532 4934 580 4978 ta
609 4932 692 4980 est
721 4920 901 4985 Metti),

437 5008 490 5053 et
521 4996 768 5052 civitates
816 4994 959 5047 illius
995 4990 1359 5047 ascenderunt
1380 4991 1497 5062 (Al.
1530 4989 1879 5046 succiderum
1909 4989 1950 5059 ),

516 5078 571 5124 et
596 5068 756 5121 electi
792 5066 1021 5136 juvenes
1052 5063 1167 5135 ejus
1193 5062 1597 5118 descenderunt
1629 5065 1683 5117 in
1722 5063 1954 5118 occisio-

511 5156 635 5195 nem
669 5157 682 5191 ἶ

438 5276 857 5349 aExscrlptores
899 5275 1135 5332 Canouis
1179 5276 1315 5331 lleb.
1362 5284 1476 5349 ver.
1522 5275 1842 5349 addiderunt
1880 5273 1954 5329 de

367 5373 467 5410 suo
493 5352 635 5407 aliud
665 5346 999 5413 adverbium,
1055 5349 1308 5402 desidiose
1339 5348 1564 5411 scilicet,
1607 5346 1748 5413 quod
1792 5362 1952 5401 manu

365 5427 652 5483 recentiori
679 5422 1073 5492 superpositum
1097 5421 1256 5475 etiam
1286 5420 1553 5492 reperitur
1576 5422 1754 5492 in_ins_.
1775 5418 1960 5492 codice

372 5496 713 5560 Corheiensi,
749 5489 904 5547 'nurn.
940 5491 1027 5547 12.
1058 5494 1125 5545 At
1154 5505 1283 5549 mss.
1316 5490 1514 5558 Regius
1540 5499 1595 5547 et
1618 5489 1963 5547 Colbertinus

368 5566 672 5626 Aniciensis
704 5582 890 5635 purum
926 5564 1124 5618 habent
1145 5578 1354 5617 sacrum
1387 5570 1693 5615 contextum
1726 5560 1840 5616 sine
1866 5561 1959 5614 tali

371 5642 757 5699 additamenta.
797 5638 975 5692 MART.

442 5711 470 5751 b
525 5710 753 5763 Vitulam
793 5714 1193 5771 contcrnautem,
1250 5705 1302 5761 in
1354 5711 1545 5775 quarto
1598 5712 1723 5758 casu
1779 5701 1964 5775 legunt

372 5782 698 5853 exemplaria
721 5778 950 5837 Canonis
980 5794 1041 5834 ac
1066 5793 1191 5833 mss.
1223 5792 1435 5843 omnes,
1462 5792 1566 5834 uno
1593 5783 1819 5845 excepto
1837 5776 1959 5832 Col-

1495 223 1698 282 LIBER
1738 223 2065 283 JEREMIAE
2099 224 2521 283 PROPHETAE.

1988 345 2040 406 A

1983 1744 2033 1805 B

1983 3141 2030 3204 C

1984 4531 2031 4591 D

3550 221 3656 281 318

2138 342 2215 397 ait
2244 357 2361 406 rex,
2395 341 2653 397 Dominus
2672 339 3006 398 exercituum
3032 354 3232 396 nomen
3264 341 3401 412 ejus.

2066 414 2246 484 Prope
2277 422 2361 469 est
2390 415 2644 468 interitus
2675 415 2851 480 Moab,
2882 426 2936 468 ut
2968 415 3185 469 veniat:

2134 497 2188 542 et
2216 486 2413 539 malum
2440 485 2558 555 ejus
2579 485 2843 541 velociter
2864 494 3121 542 accurate
3140 484 3345 540 nimis:

2063 556 2433 612 Censolamini
2461 554 2582 611 eum
2614 572 2826 622 omnes,
2856 560 2946 626 qui
2978 557 3117 611 estis
3139 558 3193 611 in
3231 554 3463 609 circuitu
3492 555 3609 625 ejus
3636 573 3649 621 ;

2134 640 2188 683 et
2217 628 2473 694 universi,
2500 629 2587 689 qui
2617 628 2769 683 scitis
2799 643 2997 683 nomen
3031 630 3171 696 ejus,
3196 627 3360 683 dicite
3389 643 3405 680 :

2074 700 2358 767 Quomodo
2378 699 2652 755 confracta
2676 710 2761 755 est
2786 701 2935 770 virga
2966 699 3144 767 fortis,

2139 772 2367 826 baculus
2390 771 2697 841 gloriosus?

2064 844 2343 899 Descende
2370 845 2441 899 de
2468 842 2663 911 gloria,

2134 923 2189 970 et
2214 915 2349 970 sede
2372 916 2425 969 in
2453 912 2563 983 siti,
2601 914 2859 969 habitatio
2891 913 3015 968 ﬁliae
3047 912 3218 968 Dibon
3246 931 3256 967 :

2061 987 2327 1057 Quoniam
2374 995 2614 1040 vastator
2660 985 2815 1041 Moab
2858 984 3102 1041 ascendit
3146 984 3212 1039 ad
3255 993 3328 1047 te.
3372 985 3655 1055 dissipavit

2207 1058 2538 1113 munitiones
2563 1066 2700 1111 tuas.

2061 1131 2118 1187 In
2159 1132 2243 1201 via
2289 1138 2396 1197 sta,
2425 1142 2478 1184 et
2504 1128 2759 1201 prospice
2778 1172 2805 1201 ,_
2835 1127 3100 1201 habitatio
3136 1127 3312 1201 Aroer
3338 1145 3356 1201 ξ
3383 1129 3655 1201 interroga

2206 1197 2524 1271 fugientem,
2558 1210 2613 1256 et
2634 1197 2759 1256 eum
2788 1199 2916 1274 [ΑΙ.
2949 1199 3046 1271 ei]
3085 1197 3177 1271 qui
3210 1199 3409 1271 evasit,
3434 1200 3560 1255 die:

2061 1273 2201 1401 guid
2230 1274 2463 1328 accidit?

2108 1345 2333 1400 onfusus
2364 1350 2447 1400 est

2108 1345 2333 1400 onfusus
2364 1350 2447 1400 est
2472 1343 2648 1407 Moab,

2172 1418 2389 1471 ueniam
2412 1416 2586 1471 victus
2615 1424 2698 1471 est
2724 1432 2739 1469 :

2188 1488 2369 1553 lulate,
2401 1497 2458 1543 et
2489 1488 2740 1555 clamate,

2131 1558 2447 1615 annuntiate
2492 1559 2547 1613 in
2589 1562 2794 1630 Amen,
2827 1558 3087 1630 quoniam
3112 1564 3325 1630 vastata
3358 1566 3442 1614 est
3470 1556 3649 1630 Moab.

2060 1631 2127 1688 Et
2144 1631 2405 1702 judicium
2420 1630 2568 1702 venit
2595 1628 2662 1685 ad
2687 1628 2882 1685 terram
2897 1638 3257 1702 campestrem
3273 1629 3473 1700 ;'super
3495 1628 3626 1702 Elea
3641 1669 3657 1693 ,

2198 1710 2254 1757 et
2280 1715 2443 1771 super
2472 1701 2619 1766 Jasa,
2661 1711 2727 1773 et
2746 1714 2910 1773 super
2930 1698 3218 1773 Mepbatb,
3259 1708 3314 1755 et
3356 1698 3525 1769 super
3563 1698 3656 1753 Di-

2203 1775 2333 1839 bon,
2363 1781 2418 1827 et
2443 1787 2607 1843 super
2636 1772 2825 1839 Nabo,’
2930 1772 2937 1776 ’

2132 1854 2185 1901 et
2214 1859 2377 1910 super
2429 1841 2649 1899 domum
2688 1843 3055 1909 Deblathaim,
3104 1853 3160 1899 et
3207 1857 3374 1913 super
3424 1841 3653 1899 Charis.

2202 1915 2389 1975 thaim.
2419 1923 2475 1971 et
2502 1929 2668 1984 super
2694 1914 3077 1984 Bethocamul,

2128 1997 2185 2045 et
2207 2002 2377 2114 l.tguper
2401 1986 2754 2052 Betb-Maou,
2811 1994 2867 2042 et
2908 2000 3070 2058 super
3097 1986 3341 2053 Cariam,
3392 1995 3449 2041 et
3494 1999 3657 2055 super

2248 2072 2394 2114 osra.

2248 2072 2394 2125 osra,

2131 2141 2184 2186 et
2215 2146 2377 2200 super
2404 2145 2596 2187 omnes
2624 2132 2874 2187 civitates
2902 2140 3065 2186 terra:
3089 2130 3271 2195 Moab,
3299 2142 3421 2200 quae
3468 2129 3652 2202 longe,

2203 2212 2258 2257 et
2287 2217 2406 2272 qua:
2438 2218 2609 2274 prope
2648 2212 2797 2258 sunt.

2059 2272 2377 2331 Abscissum
2407 2283 2489 2329 est
2518 2272 2688 2330 cornu
2719 2274 2897 2342 Moab,

2131 2356 2187 2402 et
2215 2344 2492 2400 brachium
2517 2347 2641 2415 ejus
2661 2345 2958 2401 contritum
2989 2354 3094 2412 est,
3124 2344 3201 2399 ait
3224 2343 3506 2398 Dominus.

2057 2418 2331 2474 Inebriate
2385 2432 2530 2483 eum,
2577 2419 2834 2489 quoniam
2878 2427 3063 2472 contra
3105 2415 3394 2472 Dominum
3445 2424 3657 2472 erectus

2202 2498 2329 2545 05¢:

2130 2571 2186 2617 et
2212 2560 2401 2615 allidet
2430 2576 2648 2615 manum
2680 2560 2837 2616 Moab
2869 2560 2919 2614 in
2948 2560 3155 2615 vomitu
3180 2574 3303 2619 suo.

2130 2645 2183 2688 et
2213 2634 2317 2687 erit
2346 2632 2398 2685 iu
2431 2633 2671 2686 derisum
2702 2634 2862 2687 etiam
2889 2633 3025 2700 ipse.

2059 2704 2186 2759 Fuit
2208 2705 2353 2760 enim
2385 2703 2479 2758 tibi
2509 2705 2561 2757 in
2592 2704 2832 2761 derisum
2866 2704 3055 2768 Israel,

2132 2776 2284 2846 quasi
2312 2776 2451 2829 inter
2481 2775 2629 2830 fures
2654 2775 2958 2845 reperisses
2988 2790 3111 2827 eum
3145 2790 3158 2826 :

2058 2846 2291 2917 Propter
2310 2848 2470 2901 verba
2498 2862 2628 2917 ergo
2648 2856 2732 2899 tua
2749 2861 2866 2915 qua:
2884 2846 3144 2900 adversus
3163 2846 3316 2901 illum
3340 2847 3552 2901 loculus
3573 2846 3655 2911 es,

2132 2920 2380 2988 captivus
2409 2918 2649 2972 duceris.

2058 2990 2371 3058 Relinquite
2399 2990 2666 3055 civitates,
2706 2997 2763 3044 et
2790 2988 3032 3045 babitate
3072 2990 3127 3045 in
3178 3000 3354 3061 petra,
3389 2988 3657 3044 habitato-

2204 3076 2292 3117 res
2324 3063 2478 3117 Moab
2505 3080 2517 3115 :

2131 3142 2188 3189 et
2215 3143 2394 3189 estote
2419 3133 2573 3203 quasi
2601 3131 2852 3189 columba
2882 3134 3172 3190 uiditicans
3206 3132 3259 3188 in
3297 3148 3512 3188 summo
3557 3146 3654 3187 ore

2211 3206 2507 3259 foraminis.

2062 3276 2387 3331 Αυόίνίηιιιε
2415 3276 2732 3343 superbiam
2759 3275 2937 3343 Moab,

2133 3349 2402 3418 superbus
2434 3359 2516 3403 est
2544 3348 2731 3418 valde;

2060 3419 2462 3493 Sublimitatem
2494 3419 2629 3487 ejus,
2655 3430 2709 3493 et
2736 3421 3124 3493 arrogantiam,
3157 3428 3211 3475 et
3238 3418 3569 3493 superbiam,
3596 3427 3653 3473 et

2204 3492 2541 3545 altitudinem
2565 3492 2744 3545 cordis
2773 3492 2940 3547 illius.

2061 3562 2176 3634 Ego
2225 3564 2360 3628 scio,
2413 3564 2487 3615 ait
2539 3563 2817 3629 Dominus,
2864 3564 3180 3633 jactantiam
3221 3564 3458 3630 ejus:et
3503 3560 3648 3634 quod

2202 3650 2307 3688 non
2340 3635 2410 3687 sit
2432 3634 2587 3703 juxta
2617 3650 2736 3689 eam
2784 3632 2953 3690 virtus
2980 3636 3121 3706 ejus,
3172 3651 3270 3689 nec
3310 3634 3459 3705 juxta
3504 3632 3650 3703 quod

2199 3710 2413 3775 poterat
2434 3715 2629 3760 conata
2661 3707 2731 3760 sit
2760 3706 2959 3761 facere.

2058 3776 2183 3831 Ideo
2213 3786 2373 3845 super
2402 3778 2555 3832 Moab
2583 3776 2816 3846 ejulabo,

2129 3857 2183 3901 et
2205 3849 2269 3901 ad
2300 3849 2455 3903 Moab
2483 3849 2794 3903 universam
2819 3850 3090 3915 clamabo,

2130 3921 2197 3975 ad
2229 3919 2373 3974 viros
2403 3922 2539 3975 muri
2567 3918 2753 3974 fictilis
2780 3921 3160 3977 lamentantes.

2058 3991 2134 4047 De
2163 3991 2377 4072 planctu
2401 3993 2557 4045 .lazer
2579 3990 2807 4072 plorabo
2834 3994 2956 4061 tibi,
2984 3995 3145 4049 vinea
3167 3991 3401 4049 Sabama
3429 4007 3441 4043 :

2131 4065 2455 4132 propagines
2483 4073 2587 4115 tua:
2615 4065 2953 4119 transierunt
2978 4079 3149 4128 mare,

2128 4149 2297 4202 usque
2320 4135 2384 4188 ad
2417 4148 2566 4188 mare
2594 4132 2753 4188 Jazer
2780 4146 3143 4202 pervenerunt
3168 4154 3182 4189 :

2055 4205 2229 4276 Super
2267 4221 2497 4260 messem
2544 4212 2693 4259 tuam
2737 4217 2793 4261 et
2840 4208 3162 4262 vindemiam
3221 4217 3366 4260 tuam
3393 4245 3407 4269 ,
3466 4205 3652 4275 prmdo

2202 4278 2377 4331 irruit.

2057 4348 2253 4403 Ablata
2293 4359 2375 4402 est
2413 4351 2598 4406 laetitia
2627 4361 2684 4407 et
2712 4351 3002 4407 exsultatio
3041 4349 3113 4404 de
3148 4348 3440 4403 Charmelo
3491 4359 3545 4403 et
3583 4348 3652 4403 de

2200 4431 2342 4475 terra
2375 4424 2551 4487 Moab,

2128 4502 2179 4546 et
2202 4494 2383 4547 vinum
2406 4495 2479 4548 ‘de
2506 4492 2869 4549 torcularibus
2893 4492 3083 4547 sustuli
3112 4509 3124 4545 :

2129 4580 2465 4635 nequaquam
2486 4568 2724 4620 calcator
2743 4580 2864 4619 uvae
2888 4564 3107 4619 solitum
3127 4563 3366 4635 celeuma
3380 4562 3653 4635 cantabit.

2060 4635 2139 4692 De
2168 4634 2406 4692 clamore
2438 4638 2650 4691 Esebon
2675 4651 2851 4706 usque
2883 4635 3086 4702 Eleale,
3119 4644 3174 4690 et
3202 4634 3350 4702 Jasa,
3380 4634 3652 4690 dederunt

2204 4722 2389 4763 vocem
2423 4725 2597 4769 suam,

2060 4780 2102 4833 Α
2135 4778 2303 4847 Segor
2334 4795 2499 4849 usque
2527 4780 2589 4832 ad
2614 4777 2889 4844 Oronaim,
2919 4777 2947 4817 δ
2980 4778 3146 4833 vitula
3174 4785 3532 4833 conteraante
3562 4796 3577 4831 :

2130 4864 2281 4919 aqum
2312 4867 2522 4920 quoque
2553 4852 2791 4905 Nemrim
2819 4852 3066 4921 pessima:
3095 4860 3256 4905 erunt
3283 4869 3292 4900 :

2061 4921 2128 4974 Et
2178 4922 2416 4977 auferam
2444 4923 2513 4978 de
2543 4923 2723 4988 Moab,
2771 4924 2846 4978 ait
2893 4922 3177 4986 Dominus,
3225 4921 3545 4978 offerentem
3591 4923 3645 4977 in

2203 4995 2457 5056 excelsis,

2133 5072 2190 5119 et
2215 5067 2607 5123 sacriﬁcantem
2637 5066 2740 5121 diis
2765 5066 2901 5135 ejus.

2063 5134 2356 5206 Propterea
2384 5154 2478 5195 cor
2507 5153 2686 5195 meum
2715 5137 2782 5192 ad
2801 5137 2958 5193 Moab
2986 5137 3138 5209 quasi
3168 5138 3313 5193 tibiae
3340 5138 3611 5194 resonabit
3636 5156 3651 5193 :

2064 5275 2276 5331 bertino
2308 5277 2603 5345 Aniciensi,
2655 5277 2747 5345 qui
2797 5287 3007 5333 sextum
3058 5281 3255 5334 retinet
3299 5292 3481 5333 rasum
3529 5295 3650 5335 cttm

2065 5347 2287 5417 Vulgata
2329 5349 2514 5403 Latina
2564 5360 2767 5421 nostra,
2802 5362 2859 5403 ιιι
2899 5351 2969 5404 sit
2993 5366 3207 5413 sensus,
3242 5370 3272 5403 η
3302 5351 3462 5421 Seqor
3493 5355 3654 5406 vitula

2061 5431 2389 5477 conteruante
2417 5436 2575 5491 usque
2615 5422 2685 5475 ad
2715 5420 2986 5488 Omna-im,
3032 5423 3079 5477 id
3135 5425 3278 5478 enim
3324 5425 3557 5478 nominis
3594 5435 3650 5479 et

2062 5493 2437 5560 appellationis
2467 5496 2674 5545 obtinet
2704 5493 2904 5559 Segor,
2941 5509 3043 5547 non
3073 5494 3347 5556 Oronaim,
3373 5495 3495 5549 lszti.
3526 5510 3645 5564 cap.

2063 5579 2150 5634 xv.
2184 5563 2354 5617 Latini
2382 5573 2555 5618 tamen
2591 5565 2769 5618 versio
2797 5565 3049 5633 Paguina,
3082 5582 3239 5634 quam
3262 5575 3455 5619 vocant
3484 5568 3649 5619 inter—

2064 5633 2342 5711 linearem,
2373 5635 2617 5690 eamdem
2660 5637 2819 5691 habet
2834 5637 3132 5711 lectionem
3166 5638 3339 5711 quarti
3368 5639 3650 5711 casuspui-

2068 5705 2674 5832 tu[alitvronlernantenu
2707 5707 2847 5778 quod
2887 5725 2980 5764 sua
3014 5725 3119 5765 non
3171 5705 3319 5764 caret
3348 5706 3650 5779 probabili-

2068 5787 2193 5832 tute.
2226 5806 2240 5832 λ
2280 5790 2402 5832 ART.

2068 5787 2193 5834 tate.
2226 5787 2402 5832 MART.
