2054 3180
183 119 231 148 921

217 177 279 213 quia
295 177 414 206 auditum
426 178 571 213 pessimum
583 176 743 210 audierunt;

181 214 293 242 Turbati
305 218 369 241 sunt
385 214 411 242 in
427 214 495 241 mari
511 223 517 240 :

219 258 277 285 pra:
292 250 474 277 sollicitudine
489 250 631 285 quiescere
646 257 698 276 non
715 249 801 283 potui.

184 286 317 313 Dissoluta
331 290 372 313 est
384 286 531 313 Damascus
543 293 620 313 versa
640 286 666 313 in
679 286 780 320 fugam,

218 327 321 349 tremor
335 322 515 357 apprehendit
528 329 587 349 eam
602 330 609 348 :

219 358 342 393 angustia
354 356 381 386 et
390 358 500 386 dolores
510 362 657 385 tenuerunt
668 365 727 385 eam
738 356 814 392 quasi
826 356 979 393 parturien-

255 398 319 422 tem.

181 429 325 463 Quomodo
338 429 542 463 dereliquerunt
559 429 697 457 civitatem
713 428 874 457 laudabilem
885 448 892 461 ,

219 466 312 493 urbem
325 465 442 493 ltetitiaa‘!

181 501 246 529 ldeo
265 502 362 529 cadent
378 502 494 537 juvenes
510 502 568 535 eius
581 501 607 529 in
624 501 720 537 plateis
734 501 794 536 ejus
809 510 815 527 :

217 542 245 565 et
265 545 360 565 omnes
378 535 428 565 viri
450 537 535 573 prmlii
557 535 788 566 conticescent'in
803 536 848 564 die
868 536 924 570 illa,
940 535 978 564 ait

254 573 385 601 Dominus
404 574 583 602 exercituum.

180 609 216 637 Et
226 610 388 637 succendam
400 610 489 645 ignem
506 610 532 637 in
549 617 627 637 muro
639 610 775 643 Damasci,

216 650 245 673 et
259 650 272 665 ι
287 645 430 674 devorahit
444 647 544 674 muenia
559 645 694 673 Benadad.

291 703 338 730 AD
357 703 483 735 CEDAR,
499 702 544 730 ET
563 702 610 730 AD
629 702 747 731 REGNA
768 701 869 736 ASOB,

234 738 300 772 Qum
311 740 438 774 percussit
449 738 693 767 Nabuchodonosor
708 746 754 766 rea;
769 738 922 774 Babylonis.

180 786 244 814 Hzec
257 786 321 814 dicit
338 786 468 814 Dominus
482 794 489 813 :

179 823 297 857 Surgite,
313 826 341 849 et
354 822 495 850 ascendite
508 821 542 849 ad
556 821 654 856 Cedar,

216 863 244 886 et
256 862 359 885 vastate
373 858 443 885 ﬁlios
455 858 579 885 orientis.

179 894 366 922 Tabernacula
382 901 487 926 eorum,
503 899 531 921 et
543 901 639 928 greges
650 899 744 920 eorum
759 892 886 928 capient:

216 930 301 965 pelles
316 937 421 962 eorum,
434 935 460 957 et
472 929 563 957 omnia
577 936 760 965 vasareorum,

216 964 245 993 et
255 966 374 993 camelos
384 973 477 993 eorum
494 965 587 993 tollent
599 964 650 991 sibi
667 972 674 991 :

215 1006 243 1029 et
254 1002 393 1029 vocabunt
405 1009 488 1037 super
503 1008 550 1028 eos
570 1000 742 1028 formidinem
759 1000 785 1028 in
797 999 923 1033 circuitu,

180 1037 284 1070 Fugite,
303 1037 375 1065 abite
394 1037 581 1069 vehementer,

214 1073 241 1100 in
255 1073 432 1113 voraginibus
446 1073 551 1107 sedete,
568 1072 614 1108 qui
628 1071 757 1100 habitatis
771 1072 854 1105 Aser,
868 1072 906 1099 ait
922 1072 976 1099 Do-

253 1116 344 1136 minus
364 1117 371 1136 Ζ

179 1145 240 1173 lniit
251 1145 322 1173 enim
337 1148 431 1172 contra
442 1151 492 1172 vos
503 1143 753 1172 Nabuchodonosor
769 1150 817 1170 rex
833 1142 977 1179 Babylonis

252 1181 406 1214 consilium,

216 1221 245 1244 et.
256 1217 384 1252 cogitavit
396 1216 537 1244 adversum
552 1223 599 1243 vos
612 1215 797 1252 cogitationes.

180 1251 349 1288 Consurgite,
364 1257 392 1280 et
405 1253 544 1280 ascendite
560 1252 593 1279 ad
609 1257 716 1288 gentem
730 1251 861 1288 quietam,

218 1294 245 1316 et
260 1287 424 1316 habitantem
435 1288 616 1321 conﬁdenter,
630 1287 668 1314 ait
682 1287 811 1314 Dominus
827 1296 833 1313 :

181 1325 239 1353 Non
254 1325 333 1358 ostia,
348 1331 398 1352 nec
407 1329 498 1352 vectes
512 1324 571 1352 eis:

215 1360 265 1388 soli
280 1360 413 1388 habitant.

179 1397 213 1424 Et
227 1401 307 1424 erunt
319 1395 416 1424 cameli
430 1403 524 1424 eorum
539 1395 566 1422 in
582 1394 772 1429 direptionem,

213 1438 240 1459 et
256 1432 401 1459 multitudo
413 1432 598 1467 jumentorum
614 1431 641 1457 in
658 1430 776 1465 prredam
787 1439 799 1467 Δε

179 1468 212 1496 Et
226 1468 379 1503 dispergam
393 1465 440 1496 eos
455 1468 482 1495 in
495 1474 605 1495 omnem
615 1470 735 1499 ventum,
749 1465 794 1501 qui
804 1469 868 1493 sunt
879 1465 978 1493 attonsi

250 1512 276 1531 III
291 1511 395 1531 eomam
411 1512 418 1530 ἱ

213 1544 242 1567 et
254 1548 290 1567 ex
305 1541 379 1567 omni
393 1539 513 1567 confinio
527 1547 620 1567 eorum
634 1538 765 1566 adducam
779 1537 917 1566 interitum
933 1544 978 1565 su-

253 1584 301 1610 per
314 1583 372 1607 eos,
384 1575 422 1603 ait
438 1575 577 1603 Dominus.

179 1612 214 1640 Et
224 1612 277 1640 erit
287 1611 356 1639 Aser
367 1612 394 1638 in
411 1611 594 1639 habitaculum
607 1611 768 1644 draconum,

250 1647 358 1675 deserta
375 1654 460 1682 usque
475 1647 503 1674 in
518 1651 649 1674 aeternum
665 1654 673 1673 :

217 1690 270 1711 non
284 1683 402 1710 manebit
417 1683 453 1709 ibi
466 1683 519 1715 vir,

219 1726 267 1747 nec
281 1719 381 1746 iucolet
395 1726 455 1746 eam
469 1718 542 1746 ﬁlius
556 1718 685 1746 hominis.

181 1755 256 1789 Quod
268 1754 366 1783 factum
382 1758 427 1782 est
440 1755 552 1782 verbum
567 1754 676 1781 Domini
698 1753 731 1781 ad
747 1752 892 1781 Jeremiam
917 1759 978 1787 pro-

250 1792 359 1826 phetam
372 1790 504 1826 adversus
519 1790 608 1823 Elam,

215 1826 242 1854 in
252 1823 479 1862 'prineipio’regni
494 1825 615 1854 Sedeciae
635 1825 707 1860 regis
728 1824 807 1858 Juda,
824 1823 917 1851 dicens
934 1831 940 1849 :

180 1862 243 1890 Haec
258 1862 324 1890 dicit
340 1862 472 1889 Dominus
486 1863 654 1889 exercituum
672 1870 679 1888 :
845 1879 847 1882 ~

180 1898 250 1926 Ecce
264 1906 314 1934 ego
327 1897 495 1934 coal‘ringam
509 1905 603 1934 arcum
618 1897 706 1929 Elam,
766 1910 774 1923 χ

215 1939 243 1962 et
257 1932 389 1961 summam
406 1932 591 1960 fortitudinem
606 1939 712 1959 eorum.

179 1969 216 1998 Et
234 1970 359 1997 inducam
382 1976 463 2003 super
477 1968 554 1995 Elam
576 1973 691 2003 quatuor
712 1971 808 1996 ventos
827 1974 842 1993 a
864 1971 979 2002 quatuor

252 2005 339 2041 plagis
352 2005 412 2033 eceli
428 2014 433 2031 :

215 2046 243 2069 et
253 2039 395 2069 Vveiitilaho
410 2047 458 2069 eos
471 2039 499 2067 in
515 2047 609 2067 omnes
625 2044 720 2066 ventos
736 2039 802 2066 istos
815 2047 821 2065 :

215 2083 243 2105 et
256 2085 309 2105 non
325 2077 379 2105 erit
392 2084 470 2112 gens,
490 2075 524 2103 ad
539 2083 618 2112 quam
630 2082 684 2102 non
699 2074 859 2110 perveniant
873 2072 978 2109 profugi

252 2114 339 2141 Elam.

181 2150 214 2178 Et
229 2157 328 2184 pavere
341 2148 437 2177 faciam
450 2148 527 2175 Elam
541 2155 631 2176 coram
648 2146 764 2175 inimicis
785 2146 853 2178 suis,

216 2191 244 2213 ct
257 2186 283 2212 in
294 2188 442 2219 conspectu
456 2184 636 2218 quterentium
655 2184 773 2210 animam
787 2189 882 2219 eorum
898 2189 906 2219 :_

182 2221 216 2248 Et
229 2216 454 2254 adducam-super
465 2216 514 2251 eos
529 2220 640 2253 malum,
656 2219 723 2246 iram
744 2218 843 2245 furoris
856 2216 919 2249 mei,
935 2216 978 2244 di-

252 2257 290 2283 cit
306 2255 436 2288 Dominus
452 2265 459 2283 :

217 2295 245 2319 et
257 2291 360 2318 mittam
375 2294 436 2325 post
448 2298 495 2317 eos
508 2291 627 2325 gladium
644 2290 731 2318 donec
743 2295 903 2317 consumam
918 2295 976 2315 eos.

183 2327 217 2355 Et
231 2334 327 2362 ponam
344 2326 442 2353 solium
456 2333 544 2353 meum
558 2328 584 2353 in
601 2326 688 2359 Elam,

217 2359 245 2391 εἰ
258 2363 367 2398 perdam
379 2362 442 2389 inde
457 2369 535 2396 reges
547 2367 575 2389 et
589 2362 736 2396 principes,
745 2361 790 2398 ait
801 2359 942 2387 Dominus.

183 2400 212 2427 ln
229 2396 383 2426 novissimis
402 2402 493 2424 autent
517 2397 612 2425 diebus
627 2398 724 2425 reverti
740 2396 837 2424 faciam
858 2398 979 2430 captivos

253 2435 340 2462 Elam.

181 2470 258 2507 [ϐαρ.
275 2470 317 2506 L.]
335 2470 453 2497 Verbum
468 2469 539 2505 quod
557 2469 662 2507 [oculos
677 2473 719 2496 est
731 2469 862 2496 Dominus
877 2467 911 2495 de
929 2467 980 2494 Ba-

253 2505 362 2541 bylone,
376 2510 405 2533 et
415 2506 448 2532 de
465 2511 535 2533 terra
552 2505 753 2538 Chaldteorutn,

218 2542 243 2569 in
261 2550 341 2569 manu
355 2541 480 2569 Jeremize
496 2542 647 2576 prophette.

181 2579 347 2606 Annuntiate
363 2579 389 2604 in
405 2577 542 2611 gentibus,

217 2618 245 2642 et
260 2615 380 2641 auditum
397 2613 477 2641 facile
492 2622 499 2639 :

182 2650 283 2678 Levate
295 2650 413 2684 signum,

217 2685 375 2721 pracdieate,
391 2689 419 2712 et
433 2684 518 2713 nolite
534 2684 625 2713 celare
642 2693 649 2713 :

182 2721 268 2749 Dicite
281 2729 289 2750 :

216 2756 299 2791 Capta
314 2761 357 2784 est
370 2757 503 2792 Babylon,
547 2767 550 2771 λ

218 2792 346 2821 confusus
356 2798 399 2822 est
412 2794 469 2828 Bel,

993 875 1016 905 B

992 1569 1015 1601 C

742 118 843 147 LIBER
862 115 1023 148 JEBEMIE.
1042 118 1250 148 PROPllET/E.

1772 113 1825 145 922

990 179 1017 209 Α
1065 178 1152 205 victus
1167 184 1208 206 est
1217 177 1376 211 Marodach,

1065 213 1176 241 confusa
1189 219 1252 241 sunt
1262 214 1396 248 sculptilia
1411 213 1481 248 ejus,

1067 254 1191 283 superata
1208 256 1268 277 sunt
1284 250 1354 277 idola
1369 257 1474 277 eormn.

1029 282 1160 318 Quoniam
1174 286 1296 313 ascendit
1306 290 1400 313 contra
1413 293 1472 312 eam
1487 293 1555 319 gens
1569 283 1602 310 ab
1615 282 1752 317 aquilone,

1065 328 1126 356 quas
1140 326 1221 356 ponet
1235 326 1333 349 terram
1348 321 1406 356 ejus
1420 322 1446 348 in
1461 320 1635 356 solitudinem
1653 327 1660 347 :

1029 355 1063 383 Et
1074 352 1207 384 'non'erit
1223 358 1268 393 qui
1284 352 1386 384 habitet
1401 357 1427 384 in
1451 365 1482 384 ea
1503 359 1537 385 ab
1556 355 1664 383 homine
1688 361 1773 389 usque
1788 352 1821 381 ad

1101 400 1183 427 pecus
1201 402 1206 420 τ

1064 433 1091 456 et
1105 429 1170 456 moti
1185 432 1258 463 sunt,
1275 432 1304 457 et
1318 428 1453 456 abierunt.

1029 463 1057 492 ln
1073 464 1169 492 diebus
1183 465 1248 498 illis,
1264 470 1291 492 et
1302 465 1327 492 in
1341 470 1462 500 tempore
1478 464 1536 500 illo,
1550 462 1749 500 aitDominus:

1065 500 1174 528 venient
1187 500 1233 528 ﬁlii
1247 500 1341 532 Israel,
1358 498 1409 535 ipsi
1424 506 1451 528 et
1463 500 1508 527 filii
1524 499 1593 527 Juda
1606 498 1687 526 simul
1703 505 1711 525 :

1030 536 1205 564 Atnhulantes
1221 541 1248 565 et
1263 537 1359 565 ﬁentes
1377 536 1572 571 properahunt,

1064 576 1092 599 et
1107 572 1249 600 Dominum
1264 573 1350 600 Dettm
1365 580 1443 599 suum
1458 574 1591 607 quaerent.

1029 608 1058 635 ln
1072 608 1136 635 Sion
1148 608 1358 643 interrogabunt
1370 608 1452 643 viam,

1066 643 1117 671 hue
1132 644 1213 673 facies
1228 652 1334 672 eorum.
1735 664 1739 669 -

1029 679 1144 708 Venient
1159 686 1186 709 et
1204 686 1374 717 apponentur
1388 680 1421 708 ad
1440 680 1585 708 Dominum
1600 678 1703 707 foedere
1721 677 1822 713 sempi-

1101 721 1188 749 terno.

1063 753 1136 787 quod
1151 752 1224 780 nulla
1238 752 1375 780 oblivione
1388 751 1534 780 dclebitur.

1028 786 1099 815 Grex
1115 788 1235 822 perditus
1252 789 1337 816 factus
1350 793 1392 816 est
1413 789 1527 823 populus
1541 794 1617 815 meus
1633 796 1640 814 :

1064 829 1187 857 pastores
1202 832 1296 852 eorum
1308 823 1473 852 seduxerunt
1484 831 1541 855 eos.

1066 859 1241 894 feceruntque
1257 859 1349 895 vagari
1365 860 1391 887 in
1411 860 1549 887 montibus
1566 868 1572 886 :

1032 894 1070 921 De
1084 900 1176 923 monte
1190 896 1217 923 in
1232 894 1329 924 collem
1345 896 1521 928 transierunt,

1029 930 1104 957 obliti
1118 937 1180 958 sunt
1194 931 1292 959 cnbilis
1306 931 1359 958 sui.

1029 965 1139 999 Omnes,
1153 968 1199 1002 qui
1216 968 1388 1001 invenerunt,
1413 966 1590 994 comederunt
1607 972 1654 993 eos
1663 973 1675 1002 νε

1064 1006 1092 1029 et
1105 1000 1197 1030 hostes
1211 1011 1306 1030 eorum
1321 1000 1448 1030 dixerunt
1466 1012 1471 1029 :
1488 1002 1546 1030 Non
1562 1000 1732 1030 peccavimus
1748 1007 1756 1026 :

1029 1037 1082 1065 Pro
1095 1045 1128 1065 eo
1143 1039 1213 1073 quod
1232 1044 1414 1073 peccaverunt
1431 1039 1543 1066 Domino
1554 1034 1648 1065 decori
1663 1034 1785 1070 iustitiae,

1065 1077 1092 1100 et
1106 1075 1302 1109 exspectationi
1316 1080 1421 1110 patrum
1435 1082 1530 1102 eorum
1544 1073 1668 1102 Domino.

1030 1109 1158 1137 Recedite
1173 1110 1209 1137 de
1222 1109 1481 1146 medio'Babylonis,

1065 1150 1092 1172 et
1105 1145 1139 1173 de
1151 1150 1224 1173 terra
1236 1144 1425 1174 Chaldaeorum
1435 1144 1596 1181 egredimini
1612 1153 1619 1171 ε

1065 1186 1092 1207 et
1105 1186 1194 1209 estote
1207 1182 1282 1217 quasi
1301 1183 1369 1209 haedi
1382 1186 1445 1209 ante
1459 1189 1568 1217 greges.

1029 1215 1162 1250 Quoniam
1182 1213 1246 1245 ecce
1266 1225 1315 1253 ego
1330 1218 1442 1251 suscito,
1459 1213 1487 1245 et
1509 1213 1639 1245 adducam
1661 1215 1688 1242 in
1708 1213 1824 1253 Babylo-

1102 1261 1163 1280 nem
1189 1248 1573 1288 congregationem'gentium
1605 1248 1774 1288 magnarum'
1789 1248 1824 1277 de

1102 1292 1172 1315 terra
1192 1290 1326 1324 aquilonis
1343 1298 1350 1318 :

1065 1329 1092 1351 et
1107 1326 1333 1360 praeparabuntur
1346 1325 1477 1353 adversus
1492 1331 1563 1358 eam,

1065 1365 1092 1386 et
1107 1361 1169 1387 inde
1184 1362 1308 1396 capietur
1324 1369 1331 1388 :

1031 1394 1132 1430 Sagitta
1145 1394 1308 1431 ejus,'quasi
1330 1397 1378 1425 viri
1394 1396 1471 1424 fortis
1486 1394 1679 1428 interfectoris,

1066 1440 1119 1459 non
1135 1438 1285 1460 revertetur
1301 1441 1382 1460 vacua
1388 1456 1394 1468 ,

1030 1466 1064 1494 Et
1078 1468 1130 1495 erit
1145 1468 1269 1495 Chaldzea
1288 1469 1314 1496 in
1331 1466 1447 1504 prmilam
1461 1477 1467 1495 :

1066 1511 1162 1531 omnes
1176 1510 1316 1532 vastantes
1331 1501 1390 1533 eam
1408 1505 1594 1537 replebuntur,
1609 1503 1646 1530 ait
1666 1501 1805 1529 Dominus.

1030 1537 1164 1576 Quoniam
1178 1541 1329 1574 exsultatis,
1348 1545 1375 1569 et
1391 1549 1486 1576 magna
1498 1538 1652 1576 loquimini,
1666 1537 1826 1573 diripientes

1102 1575 1289 1604 hereditatem
1306 1584 1394 1604 meam
1411 1585 1416 1603 ι

1031 1610 1163 1643 Quoniam
1180 1612 1257 1639 eﬂ'usi
1272 1612 1338 1640 estis
1354 1613 1424 1640 sicut
1437 1611 1539 1639 vitulus
1553 1618 1634 1646 super
1648 1609 1771 1642 herbam,

1067 1651 1095 1673 et
1106 1647 1230 1682 mugistis
1244 1653 1272 1675 ut
1288 1649 1368 1676 tauri.

1029 1681 1209 1710 Confusa’est
1222 1689 1308 1711 mater
1328 1690 1417 1711 vestra
1439 1683 1530 1717 nimis,

1066 1724 1094 1745 et
1104 1719 1246 1753 adaequata
1263 1720 1378 1755 pulveri,
1392 1728 1453 1755 quin
1466 1718 1561 1755 genuit
1576 1725 1644 1746 vos:

1030 1754 1100 1791 Ecce
1112 1754 1257 1782 novissima
1272 1756 1323 1783 erit
1340 1757 1366 1783 in
1384 1754 1519 1791 gentibus,

1065 1789 1185 1822 deserta,
1200 1791 1282 1820 invia.
1298 1796 1326 1818 et
1341 1789 1431 1819 areits.

1030 1825 1071 1852 Ab
1086 1826 1122 1852 ira
1139 1826 1245 1853 Domini
1258 1834 1309 1854 non
1324 1827 1499 1858 habitabitur.

1066 1861 1113 1888 sed
1128 1862 1264 1896 redigetur
1278 1868 1332 1890 tela
1347 1865 1371 1890 in
1388 1862 1560 1890 solitudinem
1575 1869 1584 1887 :

1029 1896 1136 1930 Omnis,
1152 1898 1197 1934 nni
1218 1899 1344 1926 transibit
1357 1907 1407 1934 per
1421 1899 1597 1934 Babylonem,
1612 1895 1744 1931 stupehit,

1065 1939 1093 1960 et
1106 1933 1226 1960 sibilabit
1239 1942 1320 1968 super
1332 1933 1465 1963 universis
1480 1933 1563 1969 plagis
1576 1933 1645 1968 ejus.

1031 1968 1222 2004 Prteparamini
1239 1967 1332 1997 contra
1353 1971 1515 2006 Babylonem
1527 1967 1580 2005 per
1591 1967 1742 1997 circuitum
1768 1973 1827 1993 om-

1104 2013 1150 2031 nes
1166 2005 1211 2039 qui
1227 2007 1336 2033 tenditis
1351 2005 1463 2039 arcum;

1067 2041 1200 2068 debellato
1215 2050 1273 2068 eam
1293 2052 1298 2068 :

1031 2075 1088 2103 Nou
1102 2077 1327 2111 parcatisjat‘ulis
1344 2087 1352 2106 :

1067 2113 1127 2147 quia
1144 2113 1258 2139 Domino
1276 2114 1408 2146 percavit.

1030 2147 1151 2175 Clamate
1164 2149 1293 2177 adversus
1304 2158 1363 2177 eam

1072 2184 1171 2218 ubique
1184 2184 1260 2212 dedit
1275 2193 1394 2217 multum,

1067 2220 1224 2247 ceciderunt
1238 2220 1411 2248 fundamenta
1426 2220 1496 2255 ejus,

1067 2255 1196 2283 destructi
1212 2260 1276 2283 sunt
1291 2257 1359 2283 muri
1373 2256 1443 2290 ejus,

1067 2292 1194 2325 quoniam
1210 2292 1276 2319 ultio
1291 2292 1396 2319 Domini
1408 2297 1460 2319 est.

1031 2326 1167 2354 Ultionem
1179 2327 1294 2361 accipite
1307 2329 1341 2355 de
1352 2336 1402 2360 ea;

1067 2362 1137 2389 sicut
1153 2362 1225 2396 fecit,
1241 2363 1320 2390 facile
1336 2364 1372 2391 ei.

1032 2397 1185 2432 Disperdite
1198 2403 1314 2425 sutorem
1327 2399 1361 2426 de
1372 2399 1522 2434 Babylone,

1067 2439 1095 2461 et
1109 2440 1245 2461 tenentem
1263 2435 1358 2462 falcem
1375 2436 1401 2462 in
1416 2432 1538 2468 tempore
1555 2432 1652 2459 messis
1669 2439 1676 2458 :

1031 2469 1054 2496 A
1074 2470 1143 2497 facie
1168 2471 1248 2505 gladii
1268 2471 1402 2498 columba:
1431 2465 1618 2504 unusquisque
1646 2469 1679 2494 ad
1703 2465 1832 2502 populum

1103 2514 1181 2533 suum
1197 2511 1383 2538 convertclur,

1067 2547 1094 2567 et
1109 2542 1205 2577 singuli
1222 2543 1254 2569 ad
1272 2546 1371 2569 terram
1387 2549 1462 2569 suam
1478 2540 1594 2576 fugient.

1031 2577 1103 2605 Grex
1119 2578 1259 2612 dispersus
1274 2578 1372 2611 lsrael,

1068 2614 1162 2641 leones
1176 2614 1317 2649 ejccet'unt
1330 2622 1391 2641 eum
1409 2622 1416 2640 :

1031 2648 1138 2676 Primus
1154 2650 1272 2677 comedit
1285 2658 1347 2677 eum
1365 2657 1411 2676 rex
1425 2649 1509 2676 Assur
1524 2657 1531 2675 :

1067 2685 1117 2712 iste
1133 2685 1295 2712 nevissunus
1317 2686 1454 2714 exossavit
1476 2692 1549 2718 eum,
1577 2682 1832 2711 Nabuchodonosor

1105 2729 1152 2748 rex
1167 2721 1323 2757 Babylonis.

1032 2755 1180 2820 Propltereai
1216 2752 1274 2785 haec
1303 2758 1370 2785 dicit
1407 2756 1537 2784 Dominus
1562 2754 1732 2784 exercituum
1762 2752 1834 2780 Deus

1111 2801 1170 2820 srae
1192 2803 1197 2819 :

1111 2801 1180 2820 Sl'aﬂl
1192 2803 1197 2819 ἰ

218 2867 234 2899 ἒ
245 2862 325 2890 Solus
338 2862 429 2891 Canon
446 2863 575 2899 Ecclesiae
585 2862 810 2899 Careassnuensis
839 2863 938 2891 retinet
956 2862 1000 2891 hic
1024 2869 1116 2890 veram
1132 2862 1289 2897 lectionem,
1303 2862 1410 2899 'Vnempe
1425 2860 1551 2890 Beuadad
1567 2868 1576 2887 :
1591 2859 1638 2888 alii
1655 2864 1749 2887 omnes
1765 2863 1832 2885 mss.

187 2898 296 2927 codices
307 2904 432 2934 corrupte
447 2900 538 2935 legunt
551 2898 684 2926 Bcnadab.
701 2898 793 2926 Mam.
