2054 3180
253 118 307 150 ωδ

753 120 781 149 S.
804 120 995 150 HIERONYMI
1014 119 1131 150 DIVINA
1150 120 1390 151 BIBLIOTHECA.

1843 119 1896 150 921

256 177 327 214 Ecce
340 183 395 214 ego
406 176 523 214 visitabo
533 183 624 212 regem
643 177 799 214 Babylonis,
818 182 846 206 et
861 182 962 207 terram
976 178 1048 214 ejus,
1061 178 1088 211 Α
1100 178 1210 207 Gladius
1225 180 1259 207 ad
1274 180 1429 212 Chaldaos,
1450 179 1487 207 ait
1504 179 1647 212 Dominus,

291 212 362 240 sicut
371 212 476 240 visitavi
488 221 579 248 regem
594 216 680 241 Assur
695 221 703 242 :

292 253 320 276 et
333 248 460 276 reducam
476 248 558 276 Israel
570 248 603 276 ad
617 248 799 277 habitaculum
820 258 899 279 suum
916 258 922 277 ε

292 289 321 312 et
331 290 455 318 pascetur
463 284 635 312 Charmelum
649 291 675 312 et
692 285 789 316 Basan.

292 324 320 348 et
328 320 354 362 in
365 324 485 348 montem
496 320 625 355 Ephraim
634 325 663 349 et
670 320 772 349 Galaad
785 321 950 350 saturabitur
961 322 1050 350 anima

327 363 398 383 81118.

327 364 343 383 e
357 364 398 383 us.

258 392 285 419 lit
299 364 394 419 dieiius
408 393 470 422 illis.
487 397 512 418 et
529 392 554 419 in
570 397 692 427 tempore
711 393 767 423 illo,
783 393 819 419 ait
835 393 978 426 Dominus,

292 432 428 463 quaeretur
443 428 570 460 iniquitas
583 428 677 460 Israel,
693 435 783 456 etnon
796 429 859 461 erit,

294 468 320 491 et
336 469 471 497 peccatum
485 463 564 497 Juda,
581 469 609 490 et
623 473 676 490 non
697 464 850 491 invenietur
864 473 873 491 :

257 500 389 531 Quoniam
405 499 536 533 propitius
553 508 599 526 cro
613 500 662 530 eis.
677 508 744 534 quos
760 501 904 534 reliquero.

258 536 345 570 Super
362 540 461 561 terram
477 534 672 563 dominantium
689 536 819 568 ascende,

293 575 319 597 et
332 578 412 604 super
428 570 596 598 habitatores
611 571 669 605 ejus
686 572 783 603 visita;

259 606 379 647 Dissipa,
404 612 429 633 et
453 606 572 634 interﬁce
588 615 647 642 qua:
672 612 731 642 post
753 615 800 634 eos
828 612 908 641 sunt,
933 607 973 636 ait
996 607 1051 638 Do-

330 650 436 669 llllllllS:

294 683 321 704 et
331 679 377 714 lac
392 679 466 710 juxta
482 679 573 706 ontnia
588 686 648 713 quae
663 679 780 714 prmcepi
795 679 852 707 libi.

259 713 316 740 Vox
331 713 392 740 belli
408 714 432 739 in
448 719 528 746 terra,

294 754 321 776 et
336 749 463 777 contritio
475 757 582 784 magna.

258 785 399 819 Quomodo
418 785 572 814 confractus
589 789 630 814 est
653 791 680 814 et
698 786 832 815 contritus
858 787 974 816 malleus
993 787 1053 816 uni-

332 828 416 848 versa:
432 822 532 848 teme?

295 856 431 919 qnpii’iodo
451 864 528 885 versa
549 862 592 886 est
616 857 643 886 in
659 858 798 887 desertum
812 859 932 896 Babylon
947 859 975 888 in
988 867 1053 896 ger.-

347 901 353 919 |
375 900 416 919 US.

347 900 416 920 IDUS.

260 929 406 963 lllaqueavi
420 933 455 962 le,

297 969 324 992 et
337 969 413 998 capta
425 971 455 992 es
470 964 600 1001 Babylon,
615 970 642 992 et
657 965 798 994 nesciebas
816 974 823 993 :

262 1000 371 1028 Iuventa
388 1007 417 1028 es
429 1005 457 1027 et
471 1000 639 1036 appiehcnsa
656 1010 663 1030 :

296 1036 424 1071 quoniam
442 1036 585 1064 Dominum
601 1037 764 1071 provocasti.

262 1071 374 1107 Aperuit
391 1071 520 1099 Dominus
538 1072 693 1100 thesaurum
709 1080 800 1107 suum,

297 1112 324 1135 et
338 1107 451 1141 protulit
468 1115 528 1134 vasa
545 1108 591 1135 ira:
606 1116 661 1135 suae
677 1118 682 1135 :

297 1144 425 1178 quoniam
440 1151 509 1178 opus
519 1149 561 1171 est
572 1143 686 1172 Domino
697 1145 753 1173 Deo
763 1145 932 1174 exercituum
945 1147 972 1175 in
984 1151 1057 1175 terra

334 1178 533 1206 Chaldaeorum.

263 1214 359 1242 Venite
367 1215 404 1251 ad
417 1222 477 1242 eam
492 1213 526 1241 ab
541 1216 671 1243 extremis
688 1216 796 1251 finibus,

300 1250 403 1284 api-rite
418 1255 447 1277 nt
459 1257 558 1279 exeant
571 1253 616 1286 qui
628 1250 859 1281 conculcenteam
877 1262 884 1280 :

263 1286 362 1313 Tollite
372 1286 405 1312 du
420 1287 460 1312 via
475 1287 587 1320 lapides,
603 1293 629 1314 et
645 1287 758 1322 redigitu
773 1289 798 1316 in
812 1297 937 1322 acervos,

299 1328 327 1349 et
342 1322 484 1349 iuterllcite
497 1329 558 1350 eam
576 1332 583 1350 :

299 1366 349 1385 nec
365 1359 399 1384 sit
412 1358 558 1393 quidquam
577 1357 723 1393 reliquum.

265 1393 399 1428 Dissipate
411 1394 555 1430 universos
570 1394 655 1421 fortes
670 1395 739 1430 ejus,

299 1428 469 1457 descendant
481 1429 507 1456 in
525 1428 700 1457 occisionem.

265 1464 312 1492 Va:
328 1465 379 1497 eis,
395 1465 456 1499 quia
472 1467 545 1492 venit
558 1467 617 1493 dies
632 1473 738 1501 eorum,

302 1506 408 1535 tempus
421 1501 583 1529 visitationis
595 1510 703 1530 eorum.

264 1535 322 1564 Vox
336 1537 511 1599 Ilzuﬁielntium,
537 1542 564 1565 ct
588 1545 681 1566 eorum
704 1538 750 1574 qui
776 1545 922 1568 evaserunt
936 1540 970 1568 de
990 1545 1061 1570 terra

358 1582 371 1599 il
386 1580 408 1599 εν
423 1581 494 1599 01115.

358 1580 494 1608 aoyloms,

1136 219 1165 242 et
1182 216 1214 252 ad
1241 216 1404 244 habitatores
1429 215 1587 252 Babylonis,
1613 219 1640 243 et
1654 214 1687 243 ad
1706 214 1853 251 primum,
1868 218 1899 243 et

1172 251 1204 278 ad
1219 253 1357 285 sapientes
1369 252 1441 287 ejus.

1102 285 1215 322 Gladius
1230 288 1263 315 ad
1275 285 1463 321 divinos'ejos.
1480 287 1525 322 qui
1540 288 1613 314 stulti
1635 291 1714 315 erunt
1729 295 1736 314 :

1136 320 1240 358 gladius
1255 322 1288 350 ad
1304 323 1386 351 fortes
1404 320 1546 358 illius,'qui
1561 323 1695 351 timebunt
1709 331 1717 350 :

1101 357 1213 386 (Radius
1227 359 1261 387 nd
1275 367 1359 395 equos
1373 359 1443 394 ejus,
1458 363 1487 387 et
1500 357 1534 395 ad
1544 366 1641 387 currus
1650 358 1723 393 eius,

1137 400 1165 421 et
1187 394 1220 421 ad
1235 393 1314 422 omne
1327 393 1430 430 vulgus,
1443 394 1515 428 quod
1530 399 1572 422 est
1588 395 1615 422 in
1630 395 1719 422 tnedio
1730 393 1793 429 ejus
1808 402 1816 421 :

1139 436 1164 456 et
1180 436 1260 459 erunt
1272 432 1348 464 quasi
1365 430 1494 459 mulieres
1510 438 1517 457 :

1102 465 1214 493 Gladius
1226 466 1258 493 ad
1272 467 1414 494 thesauros
1429 467 1501 501 ejus,

1138 502 1181 538 qui
1197 502 1369 536 diripiantur.

1102 537 1219 565 Siccitas
1232 544 1313 573 super
1327 546 1413 573 aquas
1430 537 1488 573 ejus
1501 538 1566 571 erit.
1579 542 1608 567 et
1619 541 1757 569 arescent.

1137 574 1199 614 quia
1227 579 1297 601 terra
1320 574 1484 609 sculptilium
1504 579 1559 608 est,
1581 578 1609 602 et
1631 573 1659 601 in
1683 573 1818 608 portentis
1840 573 1904 609 glo-

1175 614 1287 636 rlantnr.

1103 645 1247 678 Propterea
1265 646 1422 673 habitabnnt
1433 646 1565 674 dracones
1578 653 1639 673 cum
1651 649 1664 663 ι
1678 644 1763 673 faunis
1778 645 1882 673 ﬂeat-iis
1900 654 1907 672 :

1174 686 1200 708 et
1215 681 1369 709 babilalmnt
1384 682 1409 708 in
1426 690 1455 709 ea
1472 683 1636 709 slrulhiones
1655 689 1661 707 :

1106 716 1137 743 lit
1159 725 1210 743 non
1230 717 1422 744 inhabitabitur
1444 718 1511 744 ultra
1530 725 1616 752 uSque
1637 716 1669 743 ad
1693 717 1906 751 sempiternum.

1142 760 1191 780 nec
1211 757 1366 781 cxstruetur
1382 761 1467 789 usque
1483 753 1514 780 ad
1530 753 1733 788 generationem
1746 756 1773 779 et
1785 759 1909 787 genera-

1181 795 1293 816 IIOIIEIII.

1105 824 1180 851 Sicut
1204 826 1335 852 subvertit
1362 826 1432 853 Deus
1448 824 1594 853 Sodomam
1611 829 1639 852 et
1660 823 1854 859 Gomorrham,
1880 829 1910 852 et

1181 861 1282 887 vicinas
1298 862 1366 896 ejus,
1382 862 1421 888 ait
1436 861 1564 888 Dominus
1581 870 1586 887 :

1146 903 1198 958 ηοὲ
1220 896 1352 937 habitabit
1371 897 1408 924 ibi
1436 896 1487 931 vir,
1514 902 1541 924 et
1556 904 1609 923 non
1631 896 1731 923 incolat
1750 903 1810 923 eam
1834 895 1909 923 ﬁlius

1203 940 1300 958 1111111115
1316 941 1322 958 ἰ

1203 940 1300 959 1111111115
1316 941 1322 959 ε

1107 968 1176 994 Ecce
1193 968 1305 1001 populus
1321 969 1395 995 venit
1408 969 1441 995 ab
1458 968 1597 1002 aquilone,
1609 972 1636 994 et
1649 975 1715 1001 gens
1730 975 1838 1002 magna,

1143 1008 1170 1030 et
1186 1007 1263 1038 reges
1280 1004 1355 1031 multi
1370 1010 1535 1036 consurgent
1547 1014 1560 1028 ει
1574 1004 1674 1030 linihus
1689 1009 1779 1031 terrae.

1109 1041 1210 1066 Aretini
1227 1044 1254 1065 et
1266 1044 1371 1066 scutum
1390 1039 1595 1073 apprehendent
1612 1049 1617 1065 :

1145 1075 1269 1101 crudeles
1283 1081 1345 1102 sunt
1359 1080 1385 1102 et
1406 1075 1635 1103 immiscricordes
1650 1084 1658 1102 :

1110 1110 1170 1138 Vox
1185 1119 1277 1137 cornln
1292 1112 1369 1145 qttasi
1384 1112 1489 1138 sonabit
1507 1120 1512 1137 :

1146 1153 1172 1173 et
1187 1154 1268 1179 super
1283 1155 1369 1181 equos
1387 1148 1552 1178 ascenderit,

1147 1182 1215 1208 sicut
1231 1184 1271 1209 vir
1293 1188 1402 1217 paratus
1425 1185 1456 1209 ad
1474 1183 1596 1216 [multum
1611 1186 1706 1209 contra
1719 1185 1756 1216 le,
1780 1181 1836 1209 ﬁlia
1854 1181 1909 1208 Ba-

1184 1218 1273 1253 Dylon.

1112 1254 1222 1281 Audivlt
1239 1262 1285 1281 rex
1303 1255 1449 1289 Babylonis
1473 1255 1570 1281 famam
1591 1261 1686 1281 eorum
1698 1274 1705 1287 ,

1148 1294 1174 1316 et
1190 1290 1329 1316 dissolutus
1344 1296 1405 1316 sunt
1421 1298 1515 1317 manus
1528 1291 1587 1324 ejus
1600 1299 1606 1316 :

1113 1327 1246 1359 Augustin
1260 1334 1320 1360 uppt
1329 1327 1439 1353 t'heudit
1453 1334 1514 1352 eum
1525 1347 1532 1358 ,

1149 1362 1228 1387 dolor
1240 1362 1314 1394 quasi
1329 1363 1536 1395 parturientem.

1115 1397 1185 1423 Ecce
1201 1398 1278 1427 (lilii-1i
1301 1398 1343 1424 leo
1367 1400 1494 1425 ascendet
1513 1399 1546 1424 de
1569 1396 1696 1431 superbia
1718 1396 1845 1424 Jordanis
1872 1395 1911 1423 ad

1188 1434 1415 1464 pulchritudinem
1429 1434 1565 1460 robustam
1583 1443 1589 1459 :

1150 1470 1211 1503 quia
1226 1469 1315 1496 subito
1331 1477 1441 1497 curreic
1456 1478 1517 1497 enni
1533 1469 1629 1495 faciam
1641 1468 1674 1496 ad
1691 1468 1774 1495 illam.

1116 1504 1147 1530 1⁴Σῐ
1165 1506 1224 1537 quis
1238 1506 1287 1530 erit
1303 1506 1416 1535 electus,
1434 1514 1512 1538 quem
1528 1513 1681 1538 pra-ponam
1696 1503 1737 1531 ei?

1115 1541 1182 1572 Quis
1197 1541 1269 1566 enim
1284 1541 1381 1568 similis
1394 1542 1463 1567 mei?
1476 1546 1502 1567 et
1517 1541 1576 1573 quis
1597 1540 1742 1567 sustinebit
1756 1539 1816 1566 me?

1152 1576 1249 1608 etquis
1261 1582 1303 1602 est
1315 1578 1364 1603 isto
1376 1582 1476 1611 poster.
1495 1577 1539 1611 qni
1557 1576 1664 1603 resistat
1678 1575 1762 1601 vultui
1776 1577 1856 1611 ineo?

301 1614 330 1646 ut
341 1609 502 1646 annuntith
517 1611 543 1638 in
554 1610 620 1639 Sion
635 1611 766 1640 ultionem
780 1611 886 1640 Domini
900 1612 949 1640 Dei
964 1613 1061 1646 nostri,
1076 1608 1098 1640 C
1116 1611 1261 1646 Propterea
1283 1608 1382 1640 audito'
1400 1608 1542 1641 consiliqu
1566 1611 1689 1644 Domini,
1716 1610 1790 1646 quod
1817 1614 1915 1638 metite

301 1644 431 1671 ultionem
448 1648 539 1680 templi
553 1647 621 1681 ejus.

265 1681 432 1719 Annuntiate
443 1681 469 1707 in
485 1681 651 1719 Babylonem
667 1683 799 1717 plurimis.

301 1716 428 1743 omnibus
442 1719 486 1752 qui
501 1716 614 1746 tendunt
627 1716 719 1746 arcum
735 1729 741 1746 :

265 1752 412 1791 Causistite
426 1753 557 1782 adversus
571 1763 631 1782 eam
644 1763 692 1790 per
704 1763 812 1791 gyrum,

301 1792 328 1814 et
342 1788 431 1815 nullus
444 1791 540 1817 evadat
555 1799 562 1817 :

268 1823 383 1861 Iicddile
397 1824 421 1851 ei
434 1826 584 1853 secundum
599 1834 666 1861 opus
681 1834 759 1854 suum
776 1835 783 1854 :
804 1826 885 1861 juxta

302 1860 392 1886 omnia
405 1867 466 1893 qum
482 1861 555 1893 fecit,
572 1860 653 1890 tacite
669 1862 707 1889 illi
724 1871 731 1888 :

302 1895 363 1957 quia
374 1900 468 1957 coilitra
482 1897 624 1925 Dominum
637 1903 729 1925 erecta
741 1903 793 1932 est,
811 1898 940 1926 adversus
953 1903 1064 1927 sanctus

350 1938 410 1957 srae
425 1952 431 1957 .

350 1938 431 1958 srael.

265 1965 370 1995 Idcirco
383 1968 480 2005 cadent
492 1969 606 2005 juvenes
616 1969 674 2004 ejus
687 1970 713 1997 in
731 1969 828 2005 plateis
840 1970 898 2004 ejus
913 1979 919 1996 :

303 2007 330 2029 et
340 2010 439 2040 omnes
453 2004 502 2031 viri
526 2004 673 2034 bellatores
692 2005 752 2040 ejus
766 2005 953 2033 conticescent
970 2005 997 2033 in
1020 2006 1065 2035 die

340 2038 395 2071 illa,
409 2040 446 2066 ait
460 2040 601 2067 Dominus.

268 2074 339 2102 Ecce
353 2082 405 2115 ego
421 2076 454 2102 ad
471 2082 507 2108 te,
523 2077 651 2110 superbe,
667 2077 733 2104 dicit
755 2077 883 2105 Dominus
898 2078 968 2105 Deus
982 2084 1063 2107 excr-

338 2117 439 2138 Cllllum
456 2120 464 2139 Σ

302 2147 364 2184 quia
380 2148 453 2174 venit
466 2148 525 2176 dies
541 2154 612 2181 tuus,
624 2155 729 2184 tempus
743 2149 906 2178 visitationis
921 2155 987 2178 tute.

268 2183 301 2211 Et
314 2183 392 2211 cadet
406 2186 551 2219 superbut,
567 2190 594 2212 et
607 2183 730 2217 corruet.

304 2224 331 2246 et
345 2227 398 2246 non
413 2222 465 2247 erit
479 2221 524 2255 qui
538 2222 650 2248 suscitet
660 2229 722 2249 eum
739 2230 746 2247 :

269 2255 304 2284 Et
318 2257 482 2282 sumendam
495 2258 583 2291 ignem
599 2257 625 2283 in
641 2257 752 2284 urbibus
766 2256 838 2290 ejus,

305 2297 331 2318 et
346 2291 486 2318 devorabit
502 2294 592 2319 omnia
608 2292 635 2320 in
650 2292 767 2320 circuitu
786 2291 856 2327 ejus.

269 2327 334 2354 Haec
355 2327 420 2354 dicit
435 2327 566 2355 Dominus
583 2329 752 2356 exercituum
770 2336 778 2357 ;

269 2362 435 2390 Calumniam
451 2364 584 2391 sustinent
599 2364 649 2391 ﬁlii
660 2364 755 2397 Israel,

306 2404 332 2425 et
348 2398 395 2425 lilii
409 2398 478 2426 Juda
495 2400 576 2427 simul
593 2408 600 2429 :

271 2433 384 2468 Omnes,
398 2435 444 2470 qui
456 2443 586 2470 ceperunt
597 2444 656 2470 eos,
673 2442 776 2471 tenent.

308 2471 404 2499 nolunt
414 2471 553 2500 dimittere
566 2481 625 2501 eos.

273 2504 438 2541 Redemptor
449 2515 542 2534 eorum
561 2510 646 2541 I'ortis,
725 2535 727 2537 .

308 2542 439 2580 Dominus
452 2543 622 2572 exercituum
639 2553 737 2573 nomen
749 2545 825 2580 ejus;

272 2577 301 2605 In
314 2577 418 2611 judicio
431 2579 556 2606 defendet
567 2588 675 2608 causam
691 2577 797 2612 eorum,

309 2618 338 2640 ut
343 2618 495 2677 Bexltclrrcat
520 2620 638 2651 terram,
668 2622 696 2644 et
714 2620 885 2644 commoveat
903 2616 1069 2645 habitatores

365 2657 379 2676 a
402 2658 416 2677 v
429 2658 500 2677 onis.

365 2657 500 2686 aoylonis.

307 2759 320 2772 ι
336 2752 506 2789 Vetustiores
521 2752 581 2780 libri
596 2753 654 2789 alii,
671 2757 700 2781 ut
714 2758 741 2781 et
763 2752 846 2781 Biblia
862 2753 1064 2789 Compluteusia

271 2794 299 2818 et
312 2789 381 2817 Sixli
397 2788 429 2823 ν,
446 2788 524 2822 fatuis
536 2797 584 2825 pro
599 2788 687 2825 faunis
703 2790 768 2817 :alii
784 2790 885 2817 sicariis
900 2788 949 2825 pro
964 2790 1063 2825 ﬁam-iis

270 2826 372 2859 legunt.
388 2825 520 2860 Geminus
540 2824 602 2852 huic
621 2826 697 2852 locus
712 2832 752 2853 est
769 2826 843 2853 Isaia:
858 2824 917 2860 cap.
937 2834 992 2857 χιιι,
1015 2825 1060 2859 9.1,

271 2861 298 2888 in
309 2869 388 2895 quem
405 2860 434 2888 S.
453 2859 589 2895 lulerpres
612 2862 638 2890 in
663 2861 878 2894 Commentario,
904 2861 1061 2893 lucuboues.

270 2896 316 2930 ait,
332 2896 370 2924 vel
383 2897 502 2931 Salyros,
523 2897 560 2923 vel
571 2897 707 2932 sylvestres
720 2897 844 2932 quosdam
859 2896 986 2931 homines,
998 2905 1062 2933 quo:

1186 1648 1312 1681 concepit
1336 1648 1479 1676 adversum
1495 1648 1676 1682 Babylonem,

1151 1687 1178 1710 et
1189 1684 1367 1719 cogitationes
1381 1684 1458 1719 ejus,
1476 1691 1543 1719 quas
1562 1683 1692 1718 cogitavit
1714 1689 1798 1717 super
1810 1685 1914 1712 tetram

1185 1717 1374 1747 Chaldaeorum
1388 1729 1394 1746 :

1114 1753 1173 1782 Nisi
1188 1754 1357 1783 detraxerint
1372 1763 1418 1783 eos
1431 1755 1535 1790 parvuli
1545 1762 1674 1790 gregum.

1151 1790 1200 1816 nisi
1212 1790 1370 1825 diSSipatum
1384 1788 1607 1825 fueritcumipsis
1616 1788 1798 1818 habitaculum
1806 1796 1907 1817 eorum.

1115 1825 1137 1853 Α
1150 1833 1218 1862 voce
1232 1828 1396 1860 captivitatis
1414 1827 1561 1862 Babylonis
1574 1831 1709 1853 commota
1730 1830 1773 1853 est
1789 1830 1879 1857 terre.

1151 1868 1177 1887 et
1190 1861 1374 1898 clauiorrinter
1390 1861 1484 1898 gentes
1502 1863 1613 1890 auditus
1627 1866 1680 1890 est.
1793 1867 1797 1873 ‘

1116 1896 1191 1933 [ϐαρ.
1209 1897 1264 1933 LL]
1280 1897 1342 1925 “1‘0
1356 1896 1421 1926 dicit
1438 1898 1568 1926 Dominus
1582 1907 1588 1924 :

1152 1934 1222 1960 Ecce
1239 1932 1436 1968 egosuscitabo
1453 1942 1535 1966 super
1550 1932 1730 1969 Babylonem,

1151 1974 1180 1997 et
1188 1975 1271 2004 super
1286 1969 1454 1998 habitatores
1468 1969 1526 2002 ejus
1538 1989 1546 2002 ,
1781 2003 1785 2004 ν
1881 1994 1883 1997 .

1153 2004 1199 2039 qui
1210 2003 1257 2031 cor
1269 2013 1347 2032 suum
1361 2006 1521 2034 levaverunt
1534 2010 1628 2032 contra
1643 2011 1697 2034 me.
1709 2003 1788 2039 quasi
1804 2006 1916 2030 ventum

1191 2041 1373 2074 pestilentem.

1118 2076 1150 2104 Et
1167 2077 1271 2104 mittam
1282 2077 1309 2104 in
1324 2078 1488 2113 Babylonem
1500 2076 1689 2113 ventilatores,
1703 2079 1732 2102 et
1745 2073 1914 2104 ventilabunt

1190 2120 1262 2150 eam,
1280 2120 1306 2140 et
1322 2112 1502 2140 demolientur
1522 2118 1622 2139 terrain
1637 2112 1695 2150 ejus
1711 2120 1718 2138 :
1740 2147 1746 2150 _
1787 2145 1804 2150 η
1848 2144 1885 2150 __.

1154 2148 1280 2183 quoniam
1296 2153 1429 2177 venerunt
1442 2156 1524 2184 super
1535 2155 1596 2176 eam
1607 2147 1728 2182 undique
1740 2147 1767 2174 in
1777 2145 1824 2175 die
1830 2144 1918 2173 adﬂic—

1192 2185 1273 2210 tionis
1289 2185 1357 2219 ejus.

1119 2220 1178 2248 Νοιι
1192 2219 1283 2246 tendat
1297 2221 1344 2254 qui
1355 2220 1442 2249 tendit
1454 2227 1546 2249 arcum
1559 2226 1639 2247 suum
1650 2237 1658 2253 ,

1156 2260 1183 2282 et
1199 2263 1252 2281 non
1270 2258 1399 2283 ascendat
1413 2257 1558 2286 loricatus;

1081 2306 1106 2336 ι)
1120 2291 1338 2336 Noliteipearcere
1351 2293 1495 2336 juvenibus
1502 2290 1590 2336 ejus,

1157 2326 1299 2354 interlicite
1315 2325 1423 2356 omnem
1442 2327 1564 2355 militiam
1575 2325 1646 2359 ejus.

1121 2363 1155 2390 Et.
1167 2362 1265 2390 cadent
1282 2364 1415 2392 interiecti
1432 2364 1458 2390 in
1476 2368 1547 2390 terra
1562 2361 1751 2389 Chaldaeorum
1762 2381 1770 2393 ,

1158 2403 1185 2425 et
1200 2398 1333 2427 vulnerati
1344 2400 1371 2428 in
1387 2399 1542 2433 regionibus
1559 2397 1628 2433 ejus.
1690 2432 1694 2433 γ
1726 2427 1743 2433 γ,

1121 2434 1253 2467 Quoniam
1266 2443 1317 2462 non
1335 2436 1383 2462 fuit
1394 2432 1518 2462 viduatus
1534 2432 1616 2461 Israel
1636 2436 1665 2460 et
1681 2432 1749 2460 Juda
1768 2439 1784 2460 ι
1798 2432 1854 2460 Deo
1870 2438 1922 2459 suo

1193 2468 1307 2499 Domino
1322 2472 1491 2499 exercituum
1506 2479 1512 2497 :

1159 2508 1231 2567 ICIiI‘a
1249 2512 1338 2567 illlllem
1358 2515 1453 2535 eorum
1476 2506 1578 2540 repleta
1600 2511 1643 2533 est
1665 2504 1765 2532 delicto
1782 2511 1797 2530 α
1822 2508 1919 2530 sancto

1208 2549 1267 2567 srae
1282 2564 1288 2567 .

1208 2542 1288 2570 sracl.

1123 2580 1219 2616 Fugite
1232 2578 1266 2616 _de
1281 2579 1371 2606 medio
1386 2577 1549 2616 Babylonis,

1159 2614 1187 2644 et
1201 2614 1287 2642 salvet
1306 2614 1490 2649 unusquisque
1504 2614 1623 2641 animam
1638 2619 1715 2640 suam
1732 2621 1738 2638 :

1126 2652 1215 2681 Nolite
1230 2655 1320 2679 tacere
1332 2648 1413 2686 super
1424 2650 1590 2685 iniquitatem
1602 2648 1658 2684 ejus
1670 2657 1678 2675 :

1115 2753 1236 2781 nonnulli
1248 2752 1349 2781 Fatuos
1362 2753 1467 2787 βίαι-103
1483 2755 1589 2783 uocant,
1605 2755 1648 2778 aut
1664 2751 1812 2778 dcmonum
1825 2757 1919 2787 genere

1114 2790 1272 2826 intelligunt.
1288 2785 1401 2826 Videsis
1418 2797 1478 2826 qua}
1494 2787 1574 2815 nobis
1589 2791 1720 2826 angulata
1738 2791 1803 2826 sunt
1824 2785 1856 2813 ad
1875 2785 1920 2812 Vi-

1115 2831 1169 2852 tam
1183 2817 1268 2852 sancti
1287 2825 1361 2852 Pauli
1384 2817 1596 2861 Ercmittertom.
1621 2817 1655 2861 Ii,
1671 2821 1725 2861 col.
1739 2821 1766 2854 7,
1784 2827 1844 2861 nol.
1858 2829 1915 2861 cap.

1115 2861 1248 2895 Impressa
1266 2863 1308 2888 Inc
1322 2861 1402 2891 lectio
1417 2864 1478 2895 post
1497 2859 1647 2889 Clementis
1671 2857 1726 2886 VIII
1747 2857 1913 2885 emendatio-

1115 2905 1178 2926 nem
1197 2904 1248 2924 una
1265 2896 1380 2927 obtinet.
