4108 6360
376 286 478 345 925

1507 287 1713 347 LIBER
1748 287 2069 348 JEREMIE
2108 287 2517 347 PROPilET/E.

3557 284 3660 342 926

444 403 700 478 quoniam
736 411 946 476 tempus
988 401 1208 460 ultionis
1247 412 1332 460 est
1373 402 1605 460 Domino
1645 403 1753 478 [Αι.
1790 419 1818 459 a
1853 405 1960 460 Do—
1985 409 2038 468 Α
2070 475 2087 478 _
2133 405 2228 460 sed
2261 405 2498 474 perditus
2529 405 2582 460 in
2611 409 2876 460 aeternum
2900 399 3028 469 eris,
3059 402 3133 456 ait
3162 399 3448 458 Dominus.

517 475 688 547 miro]
707 513 723 539 ς

445 548 875 604 vicissitudinem
910 550 1024 617 ipse
1047 548 1306 604 retribuet
1334 547 1406 603 ei.

373 617 754 692 Calixiaureus
782 621 1020 692 Babylon
1069 621 1119 673 in
1151 629 1311 674 manu
1343 617 1594 683 Domini,

441 691 718 746 inebrians
757 691 972 746 omnem
1015 703 1252 746 terram:

364 761 446 816 De
472 763 600 818 vino
625 764 746 831 ejus
773 765 1026 819 biberunt
1053 773 1247 831 gentes
1268 807 1283 832 ,

439 844 493 888 et
536 833 660 888 ideo
695 846 984 891 commota:
1027 843 1170 888 sunt.

360 901 554 960 Subito
585 905 780 961 cctidit
819 906 1055 978 Babylon
1080 949 1094 973 ,

436 985 492 1032 et
524 980 760 1032 contrita
804 989 889 1035 est
930 995 942 1031 :

359 1047 578 1104 Ululate
610 1064 774 1119 super
802 1065 923 1105 eam
944 1091 961 1117 ,

433 1120 605 1192 tollite
630 1123 864 1178 resinam
888 1121 954 1177 ad
974 1121 1224 1178 dolorem
1253 1121 1374 1192 ejus
1390 1167 1404 1192 ,

430 1193 473 1246 si
509 1190 648 1247 forte
685 1207 925 1249 sanetur.
1286 1190 1298 1192 ⁷
1392 1259 1394 1262 ,

353 1262 680 1318 Curavimus
709 1263 1063 1338 Babylonem,
1095 1273 1150 1321 et
1177 1281 1284 1322 non
1316 1273 1400 1322 est
1430 1273 1617 1320 sanata
1649 1281 1663 1318 :

430 1343 872 1417 derelinquamus
914 1361 1068 1413 eam,
1122 1355 1176 1402 et
1238 1361 1431 1402 eamus
1471 1346 1846 1417 unusquisque
1895 1344 1949 1402 in

503 1426 703 1473 terram
732 1433 886 1472 suam
917 1436 932 1472 ζ

351 1488 626 1556 Quoniam
659 1492 905 1556 pervenit
940 1507 1110 1560 usque
1139 1489 1207 1544 ad
1237 1491 1407 1548 caelos
1423 1489 1687 1561 judicium
1713 1488 1832 1559 ejus
1857 1507 1873 1543 :

426 1570 483 1614 et
510 1561 779 1634 elevatum
811 1573 892 1615 est
924 1578 1094 1634 usque
1117 1562 1184 1617 ad
1209 1562 1400 1616 nubes.

348 1630 584 1688 Protulit
615 1631 876 1688 Dominus
906 1630 1145 1704 justitias
1176 1644 1390 1688 nostras
1420 1648 1438 1688 :

421 1706 624 1777 venite,
639 1714 690 1759 et
716 1702 998 1762 narremus
1019 1708 1076 1762 in
1097 1705 1226 1762 Sion
1247 1719 1382 1777 opus
1403 1702 1613 1760 Domini
1632 1704 1724 1760 Dei
1743 1707 1940 1764 nostri.

420 1776 615 1831 Acuite
653 1778 876 1846 sagittas
896 1821 914 1843 ,

419 1848 642 1919 implete
675 1848 958 1919 pharetras
997 1867 1008 1902 :

341 1915 636 1973 Susciiavlt
666 1915 925 1975 Dominus
956 1920 1205 1992 spiritum
1243 1933 1431 1989 regum
1463 1915 1745 1975 Meddrum
1778 1937 1790 1974 :

411 2007 469 2054 et
493 2007 679 2055 contra
714 1999 1046 2072 Babylonem
1075 2009 1229 2056 mens
1249 2000 1372 2072 ejus
1395 2002 1453 2055 ut
1485 1999 1680 2069 perdat
1699 2013 1820 2058 eam
1844 2043 1861 2070 ,

410 2072 668 2140 quoniam
694 2074 830 2128 ultio
855 2073 1069 2129 Domini
1098 2082 1219 2142 est,

409 2152 544 2206 ultio
575 2152 756 2222 templi
781 2155 889 2210 sui.
1315 2211 1320 2216 .

334 2225 510 2293 Super
542 2241 724 2278 muros
757 2225 1053 2299 Babylonis
1081 2225 1261 2282 levate
1281 2222 1496 2296 signum
1519 2265 1536 2294 ,

408 2307 598 2366 augete
621 2297 923 2352 custodiam
949 2315 962 2352 :

334 2366 537 2422 Levate
571 2370 823 2424 custodes
847 2382 861 2433 ',

412 2450 710 2508 pmparate
731 2441 890 2496 insidi
899 2455 960 2497 as
986 2459 1000 2496 :

341 2510 479 2578 Quia
516 2513 766 2582 cogitavit
794 2514 1083 2582 Dominus,

409 2589 465 2636 et
479 2571 987 2658 feci'inugecumque
1014 2571 1224 2641 locutus
1247 2583 1329 2640 est
1357 2589 1549 2639 contra
1574 2571 1918 2643 habitatores

477 2653 782 2726 Babylonis.

329 2732 462 2802 Quae
475 2733 678 2790 habitas
692 2749 855 2807 super
867 2747 1034 2809 aquas
1054 2739 1273 2803 multus,
1293 2736 1539 2807 locuples
1554 2737 1608 2792 in
1623 2737 1914 2806 thesauris,

401 2817 548 2870 venit
569 2817 691 2873 tinis
731 2828 855 2872 tuus
893 2818 1100 2889 pedalis
1139 2818 1476 2890 praecisionis
1503 2825 1630 2874 tua.

322 2896 534 2952 Jnravit
556 2899 815 2954 Don'ninus
837 2901 1179 2954 exercituum
1214 2916 1310 2968 per
1333 2901 1569 2964 animam
1602 2915 1757 2955 suam
1788 2918 1801 2957 :

321 2969 588 3034 Quoniam
619 2973 842 3039 replebo
865 2984 916 3026 te
947 2971 1260 3026 hominibus
1290 2972 1445 3041 quasi
1480 2972 1687 3027 bruclto
1712 3013 1728 3038 ,

392 3049 448 3094 et
469 3056 633 3100 super
665 3051 716 3096 te
745 3044 986 3099 celeuma
1009 3045 1333 3098 Cantabitnr.

317 3110 419 3179 Qui
450 3113 579 3167 fecit
603 3120 800 3168 terram
830 3120 882 3169 in
920 3115 1233 3168 fortitudine
1265 3129 1360 3170 sua
1383 3157 1397 3180 ,

389 3187 712 3254 prtnparavit
735 3187 926 3242 orbem
963 3189 1014 3240 in
1043 3187 1308 3255 sapientia
1334 3202 1432 3242 sua
1452 3219 1469 3253 δ

385 3264 441 3310 et
467 3256 839 3328 inprudentia
863 3274 961 3313 sua
998 3255 1239 3313 extendit
1264 3260 1459 3315 caelos.

315 3317 488 3380 Eante
528 3317 592 3384 (ίό
623 3345 806 3384 vocem
833 3373 847 3390 .

315 3395 734 3472 {Iultiplicantur
762 3416 913 3472 aqua:
935 3400 986 3454 in
1014 3401 1153 3456 cmlo
1185 3417 1197 3456 :

314 3468 420 3535 Qui
447 3471 583 3524 levat
612 3474 782 3527 nubes
812 3468 879 3526 ab
900 3483 1144 3528 extremo
1165 3482 1359 3539 terra},

383 3539 588 3610 fulgura
619 3547 668 3597 in
695 3545 924 3616 pluviam
955 3544 1082 3599 fecit
1104 3562 1124 3616 _:

376 3624 428 3666 et
460 3613 706 3683 protluxii
739 3627 958 3670 ventum
984 3619 1049 3671 de
1078 3613 1343 3672 thesauris
1372 3619 1510 3674 suis.

296 3680 516 3740 Stultus
542 3689 707 3741 factus
734 3699 816 3742 εει
846 3689 1022 3741 omnis
1046 3688 1209 3744 homo
1229 3703 1256 3742 a
1293 3689 1516 3751 scientia
1550 3708 1560 3742 :

367 3757 630 3831 confusus
668 3770 753 3813 est
789 3759 968 3813 omnis
1000 3759 1265 3814 conﬂatur
1314 3761 1369 3814 in
1395 3761 1667 3831 sculptili,

366 3830 489 3896 quia
517 3831 748 3912 mendas
770 3832 1026 3912 eonllatoio
1057 3832 1175 3900 ejus
1199 3831 1304 3902 [ΑΙ.
1333 3830 1568 3903 eorum],

365 3915 464 3954 nec
493 3913 572 3955 est
599 3901 821 3968 Spiritus
851 3903 901 3955 in
933 3901 1034 3955 eis.

289 3967 439 4044 Vana
469 3983 593 4025 sunt
617 3967 805 4042 Opera,
839 3983 894 4028 et
924 3974 1032 4026 risu
1072 3967 1229 4044 digna
1252 4014 1265 4034 .

361 4042 413 4097 in
449 4053 693 4113 tempore
716 4047 1042 4098 visitationis
1074 4042 1187 4099 suae
1217 4043 1492 4116 peribunt.

280 4109 402 4168 Non
435 4109 579 4171 sicut
612 4116 750 4181 hanc,
783 4133 905 4186 pars
933 4117 1102 4172 Jacob
1135 4136 1148 4172 :

355 4187 481 4254 quia
510 4187 600 4259 qui
633 4187 757 4244 fecit
792 4191 992 4251 omnia,
1027 4188 1142 4259 ipse
1180 4199 1300 4250 est,

354 4267 408 4330 et
433 4258 601 4312 lsrael
641 4267 916 4328 sceptrum
950 4258 1282 4316 haereditatis
1305 4261 1424 4330 ejus
1456 4279 1470 4318 :

355 4328 614 4402 Dominus
643 4332 978 4387 exercituum
1007 4348 1202 4388 nomen
1225 4328 1362 4402 ejus.

277 4398 503 4455 Cttllidis
533 4409 585 4454 tu
617 4403 748 4458 tnilti
772 4418 897 4458 vasa
931 4404 1090 4468 belli,

348 4482 404 4524 ct
425 4487 526 4544 ego
554 4473 803 4526 collidunt
836 4479 887 4528 in
919 4485 971 4528 te
996 4486 1206 4544 gentes,

349 4545 403 4594 et
432 4541 735 4614 dispertiunt
761 4545 811 4596 in
845 4545 897 4598 te
923 4541 1087 4614 regina
1125 4567 1137 4603 :

273 4599 346 4666 Et
368 4599 619 4665 collidam
643 4613 694 4667 in
727 4623 780 4667 te
806 4599 1014 4684 eqhuni
1033 4599 1088 4670 et
1115 4599 1352 4687 equitem
1378 4618 1494 4689 ejus
1524 4637 1536 4673 :

345 4699 401 4746 et
425 4691 676 4772 collident
709 4695 760 4748 in
795 4704 1082 4772 tecum-um
1110 4709 1164 4752 et
1196 4699 1546 4772 ascensorem
1571 4701 1691 4772 ejus
1720 4719 1735 4756 :

269 4761 342 4817 Et
361 4763 616 4819 collidam
645 4765 698 4820 in
743 4775 793 4819 te
822 4767 994 4820 virum
1018 4778 1074 4822 et
1101 4769 1381 4825 mulierem
1415 4790 1426 4822 :

342 4843 400 4888 et
425 4835 675 4910 collidam
710 4839 771 4910 in
799 4847 849 4892 te
877 4854 1065 4894 senem
1095 4850 1148 4894 et
1183 4856 1408 4910 puerum
1442 4861 1454 4894 :

339 4915 393 4960 et
418 4907 673 4981 collidatn
699 4909 758 4981 in
785 4919 836 4964 te
858 4911 1118 4981 juvenem
1143 4907 1198 4966 et
1223 4911 1489 4981 virginem
1518 4931 1531 4967 :

335 4987 388 5032 et
413 4979 666 5055 callidam
692 4979 747 5055 in
773 4989 825 5034 te
851 4977 1120 5055 pastorem
1150 4989 1206 5038 et
1234 4977 1456 5055 gregem
1489 4985 1610 5054 ejus
1641 4999 1658 5040 :

331 5061 390 5104 et.
412 5050 664 5126 callidam
690 5053 740 5106 in
767 5062 824 5126 te
839 5054 1130 5122 agricolam
1151 5069 1206 5114 et
1226 5050 1436 5124 j'ugales
1467 5050 1605 5126 ejus.

261 5111 330 5197 Et
360 5111 962 5197 eollidamjnteduties
988 5137 1040 5180 et
1069 5111 1439 5197 magistriitns.

261 5189 326 5244 Et
354 5192 576 5249 reddam
624 5185 908 5266 Babyloni,
938 5203 990 5250 et
1016 5185 1229 5251 cunciis
1259 5197 1658 5252 habitatoribus
1687 5198 1849 5256 Chal-

399 5266 552 5340 dazae,
587 5266 968 5340 omnetnalnm
997 5279 1151 5340 suum
1173 5269 1316 5333 quod
1348 5271 1589 5324 fecerunt
1611 5269 1666 5324 in
1690 5271 1844 5340 Sion,

327 5333 382 5390 in
406 5337 578 5393 oculis
607 5338 824 5404 veStris,
851 5340 926 5392 ait
960 5338 1238 5396 Dominus.

257 5403 405 5480 Ecce
428 5423 526 5478 ego
555 5409 620 5463 ad
649 5411 718 5472 le,
745 5425 902 5462 mons
929 5411 1173 5479 pestifer,
1205 5411 1281 5466 ait
1304 5411 1587 5480 Dominus,

323 5479 410 5547 qui
443 5480 747 5547 corrumpis
779 5485 1085 5535 universam
1121 5485 1320 5538 terrain
1349 5502 1358 5536 :

249 5546 318 5602 Et
343 5546 634 5626 extendam
670 5546 886 5626 manum
930 5569 1106 5608 meam
1154 5561 1318 5626 super
1349 5563 1431 5622 te,

319 5629 374 5692 et
407 5623 656 5677 evolvam
689 5633 743 5677 te
772 5623 840 5678 de
869 5627 1044 5692 petris
1069 5644 1083 5691 ;

245 5683 310 5744 Et
341 5691 483 5746 dabo
511 5703 561 5748 te
584 5695 635 5748 in
666 5683 906 5750 montem
926 5683 1323 5756 combustionis
1349 5715 1361 5752 :

315 5773 370 5818 et
398 5779 507 5848 non
541 5765 832 5848 tollentue
862 5775 914 5823 te
941 5768 1178 5838 lapidem
1210 5772 1266 5830 in
1307 5773 1582 5846 angulum,
1615 5782 1671 5833 et
1705 5775 1843 5848 lapis

388 5833 512 5892 dem
541 5837 598 5894 in
629 5833 1014 5910 fundamenta,

2066 475 2271 532 Levate
2296 477 2511 546 signum
2542 478 2594 532 in
2630 481 2775 532 terra
2805 493 2822 533 ζ

2137 549 2369 615 clangite
2397 549 2623 604 buccina
2654 549 2706 602 in
2737 547 3018 618 gentibus,

2135 620 2468 676 sanctificante
2497 629 2661 688 super
2687 634 2832 688 eam,
2854 626 3044 691 gentes
3071 635 3086 670 :

2062 691 2399 746 Annuntiate
2422 703 2610 746 contra
2639 691 2814 755 illam,
2847 688 3062 762 regibus
3100 688 3317 757 Ararat,
3348 689 3552 760 Mennl,
3598 697 3654 748 et

2205 762 2485 818 Aschenez
2510 781 2524 818 :

2134 844 2417 890 numerate
2449 845 2645 889 contra
2677 848 2797 889 eam
2827 834 3095 905 Taphsar,

2131 906 2383 978 adducite
2413 923 2611 978 equum
2638 908 2793 976 quasi
2825 904 3089 962 bruchum
3109 904 3441 962 aculeatum.

2059 976 2410 1033 Sanetitieate
2427 976 2616 1033 contra
2638 993 2756 1033 eam
2779 988 2968 1041 gentes
2984 1019 2999 1041 ,

2126 993 2410 1033 lﬂCllilcale
2427 993 2616 1033 contra
2638 993 2756 1033 eam
2817 993 2968 1033 entes
2984 1019 2999 1041 ,

2126 1063 2284 1132 reges
2310 1049 2516 1117 Mediae,
2547 1053 2711 1105 duces
2735 993 2877 1121 θῆκε,
2903 1061 2958 1104 et
2980 1049 3266 1104 universos
3293 1049 3646 1122 magistratus

2198 1136 2313 1190 ejus
2335 1165 2350 1188 ,

2125 1205 2486 1264 euitetamque
2514 1199 2716 1250 terram
2749 1193 3039 1263 poteStatis
3063 1191 3205 1261 ejus.

2058 1263 2124 1320 Et
2149 1263 2583 1322 commovebitur
2605 1275 2770 1332 terra,
2815 1275 2868 1334 et
2899 1264 3207 1319 turbabitur
3231 1281 3245 1318 :
3551 1327 3556 1332 ,

2122 1338 2248 1405 quia
2271 1336 2548 1409 evigilabit
2567 1347 2754 1392 contra
2777 1333 3104 1408 Babylonem
3123 1335 3384 1408 cogitatio
3400 1333 3638 1409 Domini,

2124 1425 2182 1471 ut
2194 1407 2381 1543 lprimat
2419 1429 2619 1473 terram
2651 1407 2944 1490 Babylonis
2972 1416 3249 1473 desertam
3277 1424 3333 1473 et
3361 1407 3637 1474 inhabita-

2231 1505 2246 1543 ι
2271 1505 2377 1543 em.
3170 1535 3174 1538 .

2231 1505 2377 1545 Hem.
3170 1535 3174 1538 .

2050 1560 2416 1617 Cessavernot
2447 1560 2616 1616 fortes
2643 1559 2933 1627 Babylonis
2963 1567 2993 1614 a'
3025 1551 3234 1631 praelia,

2123 1633 2498 1688 habitaverunt
2529 1635 2580 1687 in
2611 1632 2873 1701 praesidiis
2905 1649 2918 1685 :

2049 1703 2379 1758 Devoratum
2408 1714 2493 1760 est
2516 1705 2680 1758 robur
2708 1717 2897 1758 eorum
2920 1747 2936 1770 ,

2120 1785 2174 1829 et
2203 1775 2327 1830 facti
2357 1785 2481 1830 sunt
2503 1779 2658 1846 quasi
2689 1777 2945 1846 mulieres
2973 1791 2987 1827 :

1969 1818 2018 1878 Β
2045 1818 2794 1902 Incensavsnnt'tabernacula
2821 1818 2978 1915 Ejus,

2113 1919 2332 1972 contriti
2357 1927 2486 1973 sunt
2507 1929 2689 1972 reetes
2713 1917 2851 1985 ejus.

2038 1988 2276 2044 Currens
2306 1989 2515 2044 obviam
2544 1988 2779 2044 currenti
2806 1985 2984 2043 veniet
3008 2005 3026 2042 :

2107 2070 2162 2117 et
2189 2063 2412 2117 nuntius
2443 2061 2634 2116 obvius
2666 2060 2935 2114 nuntianti
2965 2069 2981 2114 ι

2041 2130 2111 2188 Ut
2141 2131 2924 2215 annuntietrcgiBabylonis};

2176 2205 2300 2275 quia
2325 2214 2480 2274 capta
2510 2213 2594 2257 est
2619 2204 2812 2258 civitas
2838 2204 2957 2271 ejus
2987 2217 3016 2256 a
3047 2213 3264 2258 summa

2175 2289 2346 2347 usque
2379 2277 2445 2329 ad
2479 2289 2750 2330 summum
2781 2293 2793 2328 :

2029 2345 2101 2403 Et
2129 2345 2268 2402 vada
2306 2357 2678 2417 prmoccupata
2707 2355 2869 2414 sunt,
2914 2381 2916 2383 ›

2100 2431 2154 2474 et
2182 2419 2409 2490 paludes
2440 2422 2674 2474 incensa:
2703 2427 2833 2491 sunt
2859 2419 3000 2491 igni,

2098 2503 2156 2548 et
2184 2491 2284 2545 viri
2311 2491 2600 2546 bellatores
2622 2490 2932 2546 conturbati
2963 2497 3110 2545 sunt.

2025 2563 2158 2628 Quia
2191 2565 2305 2617 lure
2351 2562 2483 2618 dicit
2528 2563 2790 2616 Dominus
2820 2564 3154 2618 exercituum
3203 2559 3347 2616 Deus
3390 2551 3608 2616 Israel:

2024 2643 2156 2698 Filia
2191 2643 2486 2715 Babylonis
2515 2643 2664 2714 quasi
2698 2657 2844 2704 area,
2889 2647 3101 2709 tempus
3133 2640 3346 2694 triturae
3373 2643 3491 2711 ejus
3525 2658 3540 2694 :

2091 2724 2266 2778 adhuc
2292 2725 2589 2792 modicum,
2619 2734 2672 2779 et
2701 2723 2883 2778 veniet
2907 2729 3122 2792 tempus
3149 2719 3440 2776 messionis
3465 2720 3606 2792 ejus.

2017 2794 2266 2850 Comedit
2297 2811 2382 2852 me
2395 2839 2410 2863 ,
3273 2850 3276 2853 .

2087 2878 2363 2932 devoravit
2394 2893 2478 2932 me
2504 2873 3012 2932 Nabuchodonosor
3041 2887 3136 2928 rex
3164 2869 3460 2943 Babylonis
3492 2891 3504 2926 :

2016 2948 2272 3004 Reddidit
2305 2965 2390 3004 me
2419 2947 2574 3019 quasi
2596 2964 2691 3002 vas
2723 2946 2884 3001 inane
2905 2990 2921 3014 ,

2085 3019 2366 3076 absorbuit
2403 3037 2488 3075 me
2517 3019 2670 3091 quasi
2698 3019 2896 3083 draco;

2014 3091 2261 3159 Replevit
2294 3086 2720 3148 ventrem‘suum
2765 3086 3132 3145 teneritudine
3162 3103 3284 3143 mea
3306 3132 3324 3158 ,

2082 3173 2138 3219 et
2165 3165 2324 3234 ejecit
2355 3179 2462 3219 me.

1930 3205 1976 3269 ϐ
2006 3205 2266 3306 Ιιιῐψιίίίιδ
2297 3235 2584 3304 adversum
2615 3249 2699 3289 me
2719 3275 2745 3306 ,γ
2803 3293 2808 3306 ἐ

2070 3297 2301 3436 eiscaro
2346 3301 2462 3363 mea
2508 3321 2673 3377 super
2719 3297 3096 3376 Babylonem,
3147 3301 3282 3358 dicit
3325 3297 3596 3361 habitatio

2185 3396 2268 3432 1οη
2295 3397 2310 3434 ἶ
3209 3433 3214 3436 .

2185 3396 2268 3432 1011
2295 3397 2310 3434 2
3209 3433 3214 3440 .

1997 3449 2063 3504 Et
2091 3451 2310 3520 sanguis
2340 3457 2492 3505 meu’s
2525 3463 2689 3520 super
2719 3447 3056 3505 habitatores
3086 3441 3360 3503 Cltaldaaae
3393 3463 3408 3502 :

2066 3522 2197 3576 dicit
2220 3521 2542 3576 JeruSalem.

1995 3591 2290 3662 Pr0pterea
2319 3593 2436 3649 haec
2473 3593 2606 3648 dicit
2640 3589 2899 3646 Dominus
2934 3607 2948 3645 :
3167 3659 3179 3662 _
3224 3659 3232 3662 _
3452 3647 3464 3662 Δ

1995 3657 2138 3721 Ecce
2179 3681 2280 3734 ego
2305 3665 2565 3734 judicabo
2594 3679 2812 3718 causam
2847 3673 3014 3729 tuam,
3043 3669 3097 3716 et
3131 3659 3366 3716 ulciscar
3416 3657 3582 3717 ultio-

2135 3753 2261 3792 nem
2290 3751 2459 3802 tuam,

2058 3821 2112 3864 et
2139 3810 2417 3864 desertum
2450 3806 2642 3863 faciam
2673 3821 2823 3862 mare
2853 3804 3010 3876 ejus,

2057 3891 2112 3934 et
2142 3881 2355 3934 siccabo
2387 3896 2578 3934 venam
2613 3879 2753 3950 ejus.

1985 3951 2054 4006 Et
2083 3954 2186 4006 erit
2209 3952 2451 4025 Babylon
2482 3953 2532 4005 in
2565 3951 2802 4007 tumulos
2824 3991 2838 4011 ,
2927 3989 2934 4004 .

2055 4031 2315 4088 habitatio
2355 4034 2676 4102 draconum,
2705 4044 2917 4100 stupor,
2945 4035 3001 4084 et
3046 4026 3240 4082 sibilus
3261 4067 3276 4094 ,
3329 4041 3396 4084 eo
3426 4026 3575 4098 quod

2124 4121 2230 4159 non
2263 4107 2332 4159 sit
2374 4103 2665 4159 habitator.

1981 4173 2156 4231 Simul
2185 4187 2239 4232 et
2269 4177 2462 4231 leones
2494 4175 2708 4247 rugient
2730 4220 2744 4242 ,

2049 4251 2323 4303 enilttient
2353 4263 2537 4303 comas
2565 4243 2733 4301 veluti
2761 4243 2923 4301 catuli
2968 4243 3210 4298 leonum.

1975 4315 2033 4371 In
2062 4321 2247 4375 calore
2275 4336 2463 4374 eorum
2508 4333 2706 4389 ponam
2741 4326 2899 4385 potus
2925 4331 3114 4371 eorum
3132 4359 3146 4384 ,

2044 4409 2102 4454 et
2130 4401 2420 4456 inebriabo
2447 4414 2563 4463 eos,
2593 4408 2651 4452 ut
2686 4398 2995 4468 50piantur,
3026 4403 3081 4450 et
3109 4390 3385 4448 dormiant
3413 4404 3564 4448 som-

2114 4489 2245 4526 num
2275 4473 2674 4540 setnpiternum
2699 4508 2714 4534 ,

2039 4551 2096 4598 et
2127 4553 2234 4599 non
2261 4537 2618 4611 consurgant,
2651 4539 2784 4594 dicit
2808 4537 3095 4611 Dominus.

1895 4603 1944 4670 D
1969 4611 2245 4668 Deducam
2271 4629 2368 4668 eos
2391 4603 2545 4682 quasi
2575 4603 2743 4682 agnos
2774 4609 2842 4682 ad
2874 4607 3175 4674 victimam,
3198 4643 3212 4678 .-

2043 4697 2098 4740 et
2129 4685 2280 4755 quasi
2306 4679 2504 4738 arietes
2527 4698 2650 4737 cum
2681 4679 2876 4755 haedis.

1967 4751 2250 4822 Quomodo
2277 4765 2432 4824 capta
2465 4763 2552 4809 est
2579 4751 2818 4820 Sesach,

2037 4837 2093 4882 et
2121 4819 2519 4896 comprehensa
2550 4835 2632 4879 est
2665 4819 2864 4896 inclyta
2894 4822 3172 4878 universa:
3206 4819 3412 4876 terrm?

1959 4909 2246 4978 Quomodo
2261 4908 2405 4963 facta
2421 4917 2506 4962 est
2526 4908 2579 4961 in
2595 4915 2879 4975 stuporem
2902 4903 3147 4973 Babylon
3173 4901 3316 4956 inter
3330 4900 3556 4972 gentos?

1957 4982 2217 5037 Ascendit
2244 4996 2412 5048 super
2438 4978 2773 5050 Babylonem
2815 4990 2970 5030 mare
2995 5015 3010 5038 ,

2032 5053 2387 5109 multitudine
2427 5048 2690 5106 ﬂuctuum
2719 5048 2839 5117 ejus
2868 5053 3064 5116 operta
3085 5052 3192 5100 est.

1958 5125 2138 5182 Facta:
2160 5137 2285 5180 sunt
2307 5125 2554 5178 civitates
2575 5120 2691 5191 ejus
2719 5121 2772 5174 in
2800 5129 3108 5187 stuporem,

2029 5209 2169 5254 terra
2191 5193 2565 5252 inhabitabilis
2591 5200 2648 5248 et
2679 5191 2894 5247 deserta
2917 5231 2934 5256 ,

2027 5279 2166 5325 terra
2196 5270 2248 5323 in
2276 5282 2384 5339 qua
2419 5265 2603 5320 nullus
2633 5263 2870 5339 habitet,

2023 5355 2127 5396 nec
2155 5331 2393 5395 transeat
2423 5354 2521 5405 per
2548 5351 2669 5391 eam
2709 5334 2857 5390 ﬁlius
2881 5331 3149 5388 hominis.

1953 5411 2020 5466 Et
2051 5414 2280 5484 visitabo
2308 5408 2597 5484 super_Bcl
2636 5408 2704 5484 in_
2719 5405 2999 5484 Babylone
3019 5445 3035 5470 ,
3184 5471 3196 5484 ⁸

2019 5495 2074 5539 et
2103 5482 2320 5552 ejiciatn
2353 5480 2494 5550 quod
2526 5479 2884 5552 absorbnerat
2919 5476 2990 5531 de
3019 5489 3115 5531 ore
3147 5476 3265 5543 ejus
3285 5509 3303 5540 ,

2019 5565 2073 5609 et
2100 5548 2208 5608 n'on
2237 5548 2516 5607 continent
2545 5551 2610 5604 ad
2640 5565 2763 5603 eum
2798 5548 2934 5602 ultra
2974 5555 3168 5615 gentes
3199 5562 3218 5598 -:

1947 5625 2229 5695 Siquidem
2256 5631 2311 5677 et
2341 5638 2530 5695 murus
2561 5620 2850 5695 Babylonis
2890 5627 3131 5695 corruet.

1949 5691 2284 5769 Egredimini
2313 5695 2378 5749 dc
2404 5694 2583 5750 medio
2604 5691 2749 5760 ejus,
2781 5691 3013 5762 populus
3042 5702 3197 5744 meus
3236 5705 3247 5740 :

1949 5763 2024 5838 αἱ
2039 5779 2215 5906 5311;81
2234 5776 2618 5860 unusquisque
2653 5773 2892 5831 animam
2935 5786 3089 5832 suam
3125 5771 3196 5828 ab
3225 5769 3306 5826 ira
3337 5763 3547 5824 furoris

2141 5864 2332 5906 ommt.

2141 5864 2332 5906 omtnl.
