4108 6360
556 258 662 318 927

704 468 838 526 tum,
870 462 960 532 qui
989 463 1243 520 audietur
1271 467 1322 520 in
1353 474 1536 523 terra:

559 527 625 584 Et
653 534 833 586 veniet
870 527 920 587 in
945 549 1086 590 anno
1122 537 1364 604 auditio,

631 613 686 658 et
716 612 856 694 post.
871 605 1013 694 hunc
1033 622 1232 662 annum
1253 609 1499 694 auditio,
1515 620 1573 668 et
1600 614 1858 688 iniquitas
1885 619 1939 678 in
1971 629 2144 694 terra,

631 685 687 730 et
713 676 1024 732 dominator
1067 694 1233 749 super
1264 676 1682 742 dominatorem.

561 743 858 822 Propterea
885 763 1014 804 ecce
1059 743 1175 806 dies
1206 754 1461 822 veniunt,

633 829 688 873 et
709 821 939 902 visitabo
979 836 1145 902 super
1173 821 1452 902 sculptilia
1474 828 1769 902 Babylonis
1799 853 1813 890 :

563 887 634 943 Et
656 891 834 969 omnis
866 902 1006 969 terra
1029 887 1150 969 ejus
1175 887 1567 969 confundetur,

633 971 687 1052 et
716 963 956 1052 universi
983 963 1257 1052 interfecti
1281 969 1402 1052 ejus
1431 963 1628 1029 cadént
1655 976 1715 1052 in,
1741 980 1920 1037 medio
1949 985 2089 1052 ejus.

560 1031 627 1090 Et
671 1034 972 1122 laudabunt
1013 1053 1184 1122 super.
1217 1031 1550 1112 Babylonem
1596 1031 1719 1104 caeli
1744 1031 2151 1122 ἒῖὶὲτῖηῖζᾜι

703 1109 882 1162 omnia
913 1125 1032 1177 quae
1063 1113 1120 1165 in
1137 1110 1218 1166 eis
1251 1109 1378 1168 sunt
1405 1127 1422 1169 :

631 1178 854 1269 quiaab
891 1181 1145 1254 aquilone
1173 1184 1390 1242 venient
1418 1189 1467 1244 ei
1498 1190 1814 1260 praedones,
1847 1197 1924 1253 ait
1945 1199 2151 1269 ,1)οωί-

705 1265 828 1308 nus.

562 1319 633 1377 Et
676 1323 949 1452 (1ιέίέηέίῖἁο
990 1326 1115 1384 fecit
1141 1327 1380 1401 Babylon
1408 1371 1426 1399 ,
1471 1343 1530 1388 ut
1572 1335 1834 1395 caderent
1875 1344 2045 1399 occisi
2092 1343 2149 1402 in

787 1413 816 1450 a
903 1413 917 1452 :

787 1413 872 1452 881
903 1413 917 1452 Σ

639 1463 720 1544 sic
757 1466 826 1544 de
855 1468 1132 1544 Babylone
1172 1471 1369 1529 cadent
1408 1479 1574 1536 occisi
1605 1481 1662 1537 in
1689 1483 1939 1542 universa
1983 1494 2146 1544 terra.

562 1536 663 1613 Qui
689 1536 905 1613 fugistis
933 1536 1170 1612 gladium
1197 1587 1212 1613 ,

566 1607 782 1671 Venite.
813 1607 977 1669 nolite
999 1626 1181 1671 stare:

567 1677 954 1760 Recordamini
982 1689 1166 1759 procul
1199 1689 1439 1760 Domini,

638 1752 1021 1836 ethe-rusalei'n
1053 1762 1315 1836 ascendat
1346 1752 1509 1836 super
1534 1782 1631 1822 cor
1662 1777 1932 1826 vestrum.

566 1819 792 1880 Confusi
817 1843 1027 1912 sumus,
1059 1834 1320 1912 quoniam
1351 1819 2036 1912 au'diviinusopprobrium
2065 1861 2078 1898 :

640 1899 860 1970 operuit
885 1899 1181 1970 ignominia
1215 1903 1380 1961 facies
1408 1921 1623 1966 nostras
1650 1930 1661 1963 :

640 1968 764 2093 qui;
791 1968 1064 2055 venerunt
1079 1974 1244 2032 alieni
1270 1992 1434 2050 super
1455 1983 1942 2042 sanctiﬁcationem
1962 1986 2156 2046 domus

759 2056 948 2093 onum.
1764 2085 1766 2088 '

759 2056 948 2099 onnnt.
1764 2085 1766 2088 '

568 2105 1032 2190 Proptereaecce
1061 2117 1178 2174 dies
1197 2121 1442 2190 veniunt,
1465 2125 1541 2180 ait
1564 2125 1866 2185 Dominus:

634 2189 691 2266 et
718 2185 950 2266 yisitabo
979 2205 1144 2261 super
1170 2185 1440 2266 sculptilia
1476 2197 1618 2266 ejus,

611 2261 694 2332 _ct
715 2260 770 2310 in
801 2260 949 2336 omni
982 2260 1122 2336 terra
1148 2264 1266 2329 ejus
1292 2260 1863 2336 inngiet'vulneratns:

565 2320 623 2378 Si
670 2328 977 2410 ascenderit
1013 2320 1257 2410 Babylon
1300 2336 1355 2392 in
1389 2320 2061 2410 'cteltiuiifvtitﬂfirmaverit
2099 2345 2155 2404 in

708 2401 924 2456 excelso
947 2403 1113 2459 robur
1131 2401 1322 2463 suum:

637 2481 666 2519 a
697 2484 784 2551 me
814 2474 1034 2551 venient
1063 2485 1366 2551 vastatores
1386 2480 1524 2551 ejus,
1551 2483 1626 2539 ait
1651 2484 1937 2543 Dominus.

569 2535 686 2621 Vox
715 2539 972 2621 clamoris
994 2546 1064 2602 de
1097 2547 1399 2621 Babylone:

638 2618 694 2665 et
722 2616 978 2688 contritio
1002 2616 1288 2688 magna'de
1313 2636 1454 2680 terra
1483 2625 1900 2685 Chaldaeorum:

565 2679 1374 2769 QuoniamyastavitvDominus
1395 2679 1750 2769 Babylonerm

635 2763 690 2808 et
715 2757 1045 2839 perdiditnex
1075 2777 1135 2816 ea
1169 2781 1362 2821 vocem
1395 2757 1642 2839 mag'nam
1671 2788 1685 2824 :
1735 2757 1748 2766 ’
2053 2821 2058 2827 .

564 2822 634 2878 Et
655 2822 928 2911 sanabunt
956 2833 1153 2889 fluctus
1182 2852 1368 2892 eorum
1399 2822 1552 2910 quasi
1577 2822 1732 2911 aqua:
1753 2844 1939 2900 multa:
1969 2863 1980 2898 :

636 2895 787 2952 dedit
811 2902 1044 2958 sonitum
1076 2924 1180 2963 vox
1205 2923 1414 2966 eorum.

560 2966 697 3060 Quia
711 2973 1193 3060 venits‘upeream,
1208 2980 1261 3060 id
1281 2993 1383 3050 est,
1404 2997 1568 3060 super
1582 2985 2148 3060 Babylonem,pra:do,

637 3048 696 3127 et
719 3045 1043 3127 apprehensi
1077 3045 1204 3106 sunt
1231 3045 1398 3110 fortes
1427 3045 1583 3127 ejus;

563 3107 634 3164 Et
655 3107 920 3190 emarcuit
948 3135 1107 3176 arcus
1135 3107 1360 3190 eorum,

636 3186 761 3266 quia
789 3185 944 3266 fortis
971 3185 1404 3266 ultorDominus
1431 3200 1664 3257 reddens
1706 3201 2001 3259 retribuet.

564 3249 636 3306 Et
648 3249 946 3342 inebriabo.
959 3265 1237 3336 principes
1265 3249 1414 3342 eiii—5',
1433 3249 1812 3342 etis—av
1824 3249 1963 3342 éjJs',

634 3338 689 3419 et
708 3327 878 3414 duces
899 3327 1038 3404 ejus,
1071 3345 1126 3391 et
1145 3327 1504 3419 magistratus
1525 3327 1689 3412 ejus,
1710 3327 1766 3400 et
1788 3327 1963 3400 fortes
1987 3348 2106 3419 ejus
2130 3367 2144 3402 :

564 3394 634 3452 Et
658 3394 1208 3484 dormient'soinnum
1239 3394 1631 3484 é’embiiéinlim

634 3481 827 3554 etnon
856 3481 1325 3554 expergiscentur,
1350 3481 1423 3540 ait
1447 3502 1573 3554 rex,

563 3537 827 3627 Dominus
847 3537 1184 3627 exercituum
1209 3537 1420 3613 nomen
1435 3537 1575 3627 eius:

561 3609 691 3683 Ηθεο
711 3615 842 3674 dicit
871 3621 1126 3679 Dominus
1152 3609 1524 3683 exercitu—uni“:

559 3680 756 3812 Mum}
782 3692 1070 3764 Babylonis
1125 3680 1561 3759 illerlatissiinus
1605 3702 1935 3760 suffossione
1986 3703 2152 3761 suﬂ‘o-

744 3773 902 3812 letur-
1691 3809 1693 3812 ‹

744 3773 902 3830 Ietur,
1691 3809 1693 3812 ι

633 3838 690 3914 et
717 3843 888 3914 portae
918 3839 1035 3908 ejus
1063 3843 1292 3899 excelsa:
1318 3845 1424 3914 igni
1453 3845 1862 3914 comburentur,

634 3910 688 3983 et
715 3903 926 3983 labores
946 3903 1268 3980 pOpulorutn
1299 3903 1368 3970 ad
1398 3919 1645 3983 nihilum,

635 3980 692 4054 et
717 3979 959 4044 gentium
983 3979 1035 4037 in
1069 3987 1244 4054 ignem
1277 3999 1458 4052 erunt,
1489 3999 1542 4042 et
1573 3979 1933 4054 disperibunt.

571 4041 800 4131 Verbiim
840 4055 987 4131 quod
1035 4041 1594 4131 prircepit’Jei-emias
1624 4041 2152 4131 propheta-,VSaraize

704 4119 819 4174 lilio
839 4121 1016 4180 Neria:
1037 4119 1141 4182 lilii
1172 4119 1411 4195 Maasize,

635 4206 757 4272 cum
786 4209 1037 4264 pergeret
1063 4215 1183 4254 cum
1213 4200 1437 4276 Sedecia
1466 4218 1592 4275 rege
1615 4201 1669 4257 in
1697 4201 2049 4276 Babylonem,

638 4278 865 4344 manno
887 4276 911 4303 ο
936 4282 1129 4340 quarto
1153 4275 1300 4342 regni
1325 4274 1477 4344 ejus:

566 4334 784 4416 §araias
810 4334 988 4416 autem
1017 4353 1133 4396 erat
1162 4334 1417 4414 princeps
1441 4345 1742 4416 prophetia:
1765 4363 1779 4400 :

567 4407 633 4460 Et
659 4408 876 4477 scripsit
902 4407 1179 4488 Jeremias'
1211 4407 1373 4472 omne
1413 4407 1644 4485 malum,
1677 4417 1822 4488 quod
1862 4427 2152 4475 venturum

708 4490 826 4558 erat
851 4495 1016 4558 Super
1047 4485 1374 4558 Babylonem
1404 4530 1418 4552 ,
1442 4489 1494 4543 in
1527 4490 1666 4543 libro
1690 4485 1829 4544 uno:

635 4549 815 4656 on'tnia
847 4549 1013 4609 verba
1046 4549 1197 4627 haec',
1228 4575 1349 4630 quae
1376 4549 1577 4632 scripta
1605 4569 1732 4616 sunt
1758 4570 1950 4618 contra
1971 4561 2148 4636 Baby-
2183 4595 2238 4656 Β

705 4621 882 4678 lonem
901 4639 921 4683 :

565 4692 632 4748 Et
661 4693 801 4748 dixit
825 4695 1095 4755 Jeremias
1120 4702 1185 4756 ad
1219 4703 1500 4760 Saraiam:

561 4763 696 4820 Cum
723 4769 946 4850 veneris
996 4773 1048 4850 in
1096 4774 1425 4850 Babylonem
1449 4821 1464 4844 ,
1497 4784 1556 4833 et
1599 4774 1837 4840 videris.
1864 4786 1922 4832 et
1956 4777 2157 4850 legeris

707 4839 885 4913 omnia
915 4845 1078 4900 verba
1114 4839 1247 4913 ha'c',
1281 4839 1464 4902 dices:

567 4907 816 5034 Domilne,
855 4923 906 4966 tu
937 4915 1147 4971 locutus
1174 4907 1444 4974 es'contra
1470 4921 1649 4975 locum
1683 4920 1846 4975 istum
1869 4919 2159 4992 utdisper-

707 4997 866 5034 teres
895 5003 1016 5034 enm
1047 5007 1061 5034 ε

707 4997 866 5040 (181⁵128
895 5003 1017 5043 eum
1047 5007 1061 5042 Σ

636 5068 704 5108 ne
726 5055 798 5108 sit
818 5061 984 5135 quiin
1013 5077 1079 5114 eo
1101 5061 1314 5117 habitet
1341 5065 1408 5116 ab
1432 5061 1654 5135 nomine
1678 5077 1852 5133 usque
1869 5063 1937 5118 ad
1962 5078 2146 5135 pecus,

709 5136 763 5180 et
792 5137 852 5184 ut
874 5132 944 5187 sit
972 5145 1230 5202 perpetua
1254 5134 1517 5190 solitudo.

565 5196 808 5267 Cumque
828 5196 1196 5267 compleveris
1224 5205 1406 5275 legere
1427 5207 1624 5262 librum
1651 5207 1840 5273 istum,
1864 5205 2063 5278 ligabis
2084 5208 2152 5264 ad

705 5285 828 5326 eum
861 5273 1091 5328 lapidem
1115 5321 1128 5328 .

705 5285 828 5326 eum
861 5285 1091 5342 lapidem
1115 5321 1128 5342 ,

705 5290 828 5326 eum
861 5290 1091 5344 laplﬂem
1115 5321 1128 5342 ,

633 5351 690 5397 et
718 5344 978 5420 projicies
1003 5347 1152 5420 illum
1180 5347 1231 5402 in
1263 5348 1502 5404 medium
1527 5348 1868 5420 Euphraten,
1891 5363 1948 5407 et
1968 5352 2147 5408 dices:

565 5413 658 5470 Sic
686 5413 1067 5488 submergetur
1089 5419 1364 5492 Babylon,
1613 5413 1632 5420 ’
1853 5413 1865 5419 ’
1921 5477 1924 5482 .

634 5495 692 5540 et
717 5501 826 5569 non
854 5500 1147 5559 consurget
1171 5507 1200 5545 a
1223 5492 1359 5548 facie
1379 5491 1715 5562 alﬂictionis,
1737 5510 1900 5566 quam
1925 5509 2029 5569 ego
2055 5494 2150 5552 ad-

706 5556 847 5613 duco
866 5575 1030 5628 super
1045 5556 1191 5628 eam,

630 5638 687 5686 et
713 5629 1060 5688 dissolvetur.

632 5784 658 5812 ει
676 5772 927 5849 Notatum
947 5774 1304 5849 Martiano.
1334 5778 1532 5848 Syrum
1563 5783 1778 5849 legere,
1824 5799 1962 5838 anno
1990 5783 2152 5838 unde-

560 5847 714 5917 cimo,
742 5845 886 5917 quod
910 5845 1040 5903 nihil
1065 5847 1151 5906 hic
1173 5849 1316 5907 scire
1335 5845 1579 5910 interest.
1601 5845 1832 5914 Pulchre
1855 5859 2157 5918 enimauno

1560 277 1617 336 S.
1663 280 2045 343 lllBRONYMl
2084 285 2318 347 DIVINA
2356 288 2831 353 BlBLlOTHECA.

557 381 626 438 Et
652 399 720 441 ne
746 386 886 444 forte
917 390 1202 468 mollescat
1231 407 1323 468 cor
1353 403 1624 464 vestrum,
1652 409 1709 457 et
1730 401 1962 460 timeatis
1988 405 2140 463 audi-
2169 411 2225 468 Α

3740 315 3849 375 9Ξ8

2643 412 2764 468 Huc
2796 433 2958 487 usque
2991 419 3140 476 verba
3183 420 3447 480 Jeremiw.

2325 499 2502 574 [Cap.
2545 502 2688 578 ιιι]
2723 506 2890 563 Filius
2931 511 3120 582 viginti
3149 523 3206 570 et
3246 516 3405 572 unius
3441 521 3566 576 anni
3594 522 3854 581 Setlecias

2252 607 2376 649 cum
2424 611 2653 668 regnare
2688 600 2947 673 coepisset
2989 620 3003 658 :
3035 614 3088 660 et
3113 608 3365 664 undecim
3402 613 3559 668 annis
3607 622 3858 685 regnavit

2251 687 2305 742 in
2331 687 2658 758 Jerusalem,
2691 705 2744 748 et
2775 711 2970 751 nomen
3000 701 3194 755 matris
3224 703 3346 772 ejus
3371 704 3600 772 Amital,
3633 710 3741 766 lilia
3771 713 3861 768 Je-

2250 785 2436 839 remia:
2465 784 2534 841 de
2554 786 2764 842 Lobna.
2799 790 2868 845 Et
2899 793 3031 847 fecit
3068 795 3270 850 malum
3311 797 3364 852 in
3409 801 3582 857 oculis
3609 802 3856 872 Domini,

2245 874 2397 944 juxta
2427 879 2607 934 omnia
2638 896 2759 951 quae
2787 880 2990 938 fecerat
3011 883 3244 944 Joacim.
3274 889 3542 958 Quoniam
3569 893 3723 950 furor
3746 896 3856 949 Do-

2253 970 2385 1024 mini
2413 973 2605 1027 eratin
2631 972 2938 1031 Jerusalem
2965 987 3020 1033 et
3049 981 3099 1033 in
3127 980 3290 1050 Juda,
3319 999 3599 1057 usquequo
3620 989 3860 1060 projice-

2253 1072 2334 1119 ret
2364 1079 2460 1120 eos
2489 1082 2518 1119 a
2551 1067 2687 1124 facie
2716 1084 2852 1124 sua:
2885 1080 2941 1126 et
2968 1075 3196 1130 recessit
3233 1076 3494 1135 Sedecias
3522 1097 3551 1136 a
3589 1098 3722 1156 rege
3747 1084 3857 1139 Ba-

2251 1154 2484 1227 bylonis.
2513 1159 2738 1216 Factum
2769 1173 2854 1218 est
2878 1173 3060 1221 autem
3091 1167 3142 1221 in
3165 1183 3312 1223 anno
3339 1186 3484 1226 nono
3521 1154 3677 1246 regni
3709 1177 3859 1246 ejus,

2252 1247 2308 1302 in
2340 1265 2528 1308 mense
2557 1253 2800 1325 decimo,
2830 1257 3042 1315 decima
3071 1263 3277 1320 mensis
3302 1283 3314 1320 :
3355 1265 3515 1322 Venit
3555 1268 3860 1328 Nabucho-

2253 1343 2495 1402 donosor
2535 1363 2634 1406 rex
2691 1350 3020 1424 Babylonis,
3071 1356 3189 1427 ipse
3237 1368 3294 1414 et
3339 1361 3518 1416 omnis
3576 1366 3862 1421 exercitus

2253 1439 2406 1509 ejus,
2436 1441 2700 1498 adversus
2731 1445 3034 1502 Jerusalem
3061 1492 3076 1515 ,
3110 1459 3166 1505 et
3204 1450 3544 1508 obsederunt
3586 1472 3753 1524 eam,
3809 1468 3864 1512 et

2254 1533 2662 1590 mdilicaverunt
2690 1547 2880 1594 contra
2907 1555 3024 1595 eam
3051 1543 3388 1600 munitiones
3421 1545 3475 1600 in
3507 1548 3761 1604 circuitu.
3799 1550 3865 1606 Et

2254 1624 2358 1681 fuit
2382 1627 2574 1682 civitas
2604 1631 2826 1686 obsessa
2857 1649 3026 1700 usque
3053 1634 3108 1690 in
3141 1637 3487 1694 undecimum
3519 1656 3722 1697 annum
3757 1661 3854 1700 re-

2255 1721 2335 1790 gis
2372 1719 2636 1778 Sedecim.
2665 1723 2849 1780 Mense
2901 1737 3084 1783 autem
3132 1740 3364 1800 quarto,
3415 1747 3557 1788 nona
3603 1739 3821 1793 mensis
3848 1785 3862 1807 ,

2183 1811 2231 1872 Β
2257 1815 2490 1872 obtinuit
2510 1817 2684 1874 fames
2713 1821 2987 1878 civitatem
3012 1840 3026 1877 :
3050 1831 3107 1880 et
3130 1841 3240 1880 non
3264 1835 3424 1882 erant
3459 1829 3719 1886 alimenta
3769 1850 3864 1902 po-

2261 1909 2390 1977 pulo
2443 1919 2622 1966 terra}.
2656 1910 2725 1966 Et
2763 1913 2980 1984 dirupta
3020 1926 3105 1971 est
3141 1917 3376 1987 civitas,
3426 1931 3481 1976 et
3515 1937 3711 1979 omnes
3756 1925 3856 1981 viri

2259 2000 2551 2058 bellatores
2595 2003 2715 2074 ejus
2767 2004 3048 2076 fugerunt,
3105 2010 3466 2082 exierantque
3507 2013 3578 2070 de
3639 2015 3846 2072 civitate

2259 2104 2443 2159 nocte,
2487 2110 2585 2164 per
2622 2097 2762 2152 viam
2789 2110 2967 2168 portae
2987 2145 3000 2168 ,
3031 2116 3154 2171 qua:
3179 2113 3264 2158 est
3289 2104 3436 2159 inter
3456 2105 3596 2162 duos
3631 2123 3807 2164 muros
3830 2153 3843 2175 ,

2258 2193 2317 2239 et
2347 2185 2496 2242 ducit
2521 2187 2589 2242 ad
2620 2188 2836 2245 hortum
2863 2191 3011 2262 regis
3033 2192 3335 2264 (Chaldaeis
3364 2196 3744 2254 obsidentibus
3770 2219 3853 2256 ur-

2259 2278 2383 2334 bem
2425 2281 2480 2336 in
2519 2281 2690 2354 gyro)
2731 2293 2786 2339 et
2817 2285 3069 2342 abierunt
3117 2301 3214 2358 per
3242 2289 3418 2360 viam,
3459 2307 3579 2362 qua:
3616 2293 3768 2348 ducit
3808 2296 3857 2350 in

2257 2388 2525 2430 eremum.
2571 2375 2898 2432 Persecutus
2938 2387 3022 2434 est
3064 2389 3246 2436 autem
3275 2383 3550 2438 exercitus
3575 2383 3862 2442 Chaldaeo-

2257 2481 2376 2520 rum
2405 2481 2610 2538 regem,
2631 2477 2686 2522 et
2715 2469 3499 2538 apprehenderuntSedeciam
3533 2477 3588 2531 in
3614 2477 3860 2543 deserto,

2256 2559 2402 2630 quod
2432 2569 2518 2616 est
2540 2561 2692 2631 juxta
2722 2561 2973 2618 Jericho:
3006 2573 3061 2620 et
3087 2564 3266 2622 omnis
3294 2567 3588 2624 comitatus
3612 2570 3733 2640 ejus
3756 2571 3863 2625 dil-

2255 2649 2394 2721 fugit
2418 2652 2486 2708 ab
2511 2668 2598 2709 eo.
2643 2652 2888 2726 Cumque
2931 2658 3477 2727 comprehendissent
3506 2677 3689 2732 regem
3711 2707 3727 2731 ,
3761 2664 3860 2718 ad-

2254 2745 2531 2803 duxerunt
2555 2763 2681 2804 eum
2705 2750 2773 2805 ad
2801 2765 2989 2821 regem
3013 2751 3306 2822 Babylonis
3331 2754 3390 2809 in
3410 2753 3704 2824 Beblatha,
3736 2774 3863 2828 qua:

2255 2829 2422 2895 estin
2445 2849 2585 2896 terra
2615 2841 2846 2896 Emath:
2871 2853 2926 2898 et
2953 2844 3166 2899 locutus
3192 2854 3278 2900 est
3307 2846 3374 2900 ad
3395 2862 3517 2902 eum
3534 2847 3765 2917 judicia.
3793 2849 3866 2904 Et

2249 2933 2520 3004 jugulavit
2543 2950 2638 2990 rex
2667 2935 2964 3008 Babylonis
2991 2937 3138 3016 filios
3167 2937 3415 2994 Sedecize
3438 2942 3486 2994 in
3509 2942 3678 2996 oculis
3691 2943 3823 3012 ejus
3847 2962 3860 2996 :

2253 3029 2353 3084 sed
2382 3039 2437 3084 et
2462 3045 2652 3086 omnes
2680 3031 2954 3101 principes
2981 3031 3120 3088 Juda
3147 3035 3348 3089 occidit
3383 3035 3436 3089 in
3471 3034 3758 3091 Reblatha.
3786 3039 3864 3093 Et

2255 3121 2450 3177 oculos
2477 3121 2719 3178 Sedecite
2749 3125 2916 3191 eruit,
2947 3133 3005 3179 et
3026 3125 3207 3180 vinxit
3232 3141 3358 3180 eum
3389 3128 3768 3198 compedibus,
3805 3137 3867 3184 et

2173 3195 2220 3260 (ἶ
2253 3214 2481 3269 adduxit
2509 3231 2632 3270 eum
2665 3230 2762 3271 rex
2792 3216 3088 3288 Babylonis
3121 3219 3173 3272 in
3197 3195 3564 3290 Babylonem,
3595 3229 3651 3275 et
3672 3220 3866 3291 posuit

2252 3322 2379 3364 eum
2408 3310 2464 3364 in
2493 3309 2656 3365 domo
2684 3312 2925 3367 carceris
2949 3325 3119 3382 usque
3147 3312 3202 3368 in
3229 3313 3374 3368 diem
3405 3314 3597 3369 mortis
3624 3314 3766 3387 ejus.
3803 3316 3862 3372 In

2253 3415 2443 3456 mense
2474 3412 2654 3456 autem
2677 3401 2872 3472 quinto
2900 3403 3112 3459 decima
3153 3407 3382 3473 mensis,
3413 3407 3531 3477 ipse
3564 3416 3652 3463 est
3683 3424 3863 3465 annus

2255 3508 2431 3548 nonus
2483 3493 2732 3550 decimus
2771 3494 3279 3555 Nabuchodonosor
3317 3502 3462 3571 regis
3520 3502 3853 3574 Babylonis:

2253 3590 2403 3644 venit
2431 3588 2790 3645 Nabuzardan
2818 3591 3076 3663 princeps
3103 3593 3312 3649 militia:
3340 3594 3432 3665 qui
3461 3596 3644 3651 stabat
3675 3613 3846 3652 coram

2255 3700 2384 3755 rege
2423 3684 2716 3757 Babylonis
2751 3685 2805 3742 in
2844 3685 3173 3745 Jerusalem.
3217 3689 3288 3745 Et
3339 3691 3581 3748 incendit
3636 3693 3850 3748 domum

2257 3777 2508 3844 Domini,
2545 3791 2602 3834 et
2630 3779 2851 3836 domum
2880 3783 3029 3853 regis
3051 3825 3068 3849 ,
3100 3794 3155 3839 et
3183 3799 3376 3841 omnes
3414 3785 3614 3842 domos
3638 3787 3862 3843 Jerusa-

2256 3871 2386 3938 lem,
2411 3883 2468 3927 et
2495 3887 2712 3931 onmem
2759 3874 2984 3930 domum
3018 3892 3271 3949 magnam
3303 3879 3414 3950 igni
3435 3881 3764 3937 combussit.
3799 3881 3868 3936 Et

2257 3973 2429 4019 totum
2483 3982 2697 4021 murum
2729 3966 3036 4024 Jerusalem
3077 3985 3175 4040 per
3217 3971 3507 4027 circuitum
3548 3973 3863 4042 destruxit,

2256 4067 2484 4114 cunctus
2534 4059 2810 4116 exercitus
2844 4061 3267 4131 Chaldaeorum,
3291 4064 3386 4135 qui
3434 4077 3553 4122 erat
3590 4081 3710 4122 cum
3749 4084 3866 4122 ma-

2257 4153 2434 4224 gistro
2463 4153 2695 4210 militiae.
2733 4155 2810 4211 De
2845 4159 3174 4229 pauperibus
3216 4169 3396 4216 autem
3442 4161 3627 4232 p0puli
3651 4205 3664 4228 ,
3707 4162 3860 4218 etde

2259 4245 2472 4318 reliquo
2513 4247 2674 4318 vulgo
2700 4289 2716 4314 ,
2755 4249 2899 4319 quod
2943 4264 3284 4308 remanserat
3329 4255 3383 4310 in
3425 4257 3675 4322 civitate,
3708 4264 3763 4310 et
3794 4256 3866 4312 de

2256 4335 2518 4408 perfugis,
2552 4339 2643 4409 qui
2677 4339 3090 4412 transfugerant
3124 4344 3191 4398 ad
3237 4360 3421 4416 regem
3447 4347 3774 4421 Babylonis,
3810 4357 3869 4404 et

2256 4441 2487 4486 caeteros
2515 4431 2583 4486 de
2614 4433 2991 4506 multitudine,
3027 4438 3300 4493 transtulit
3329 4439 3687 4496 Nabuzardan
3713 4443 3870 4512 prin-

2258 4538 2386 4592 ceps
2407 4524 2638 4580 militiae.
2676 4526 2753 4580 De
2787 4528 3121 4598 pauperibus
3158 4546 3291 4586 vero
3316 4540 3477 4588 terrae
3497 4533 3722 4604 reliquit
3761 4534 3870 4590 Na-

2265 4615 2533 4671 buzardan
2584 4617 2835 4690 princeps
2874 4620 3089 4677 militiae
3121 4622 3175 4677 in
3219 4624 3516 4694 vinitores,
3555 4628 3688 4682 etin
3743 4626 3866 4699 [AL

2268 4717 2402 4763 tacet
2427 4709 2514 4782 in]
2559 4709 2852 4780 agricolas.
2887 4712 3181 4772 Columnas
3230 4734 3457 4791 quoque
3500 4735 3673 4776 aareas
3699 4763 3716 4787 ,
3745 4738 3872 4791 quze

2259 4813 2413 4856 erant
2438 4802 2489 4856 in
2521 4801 2684 4857 domo
2715 4804 2971 4873 Domini,
3009 4819 3063 4864 et
3105 4810 3283 4878 bases,
3333 4825 3389 4868 et
3432 4829 3582 4870 mare
3619 4832 3866 4890 areum,

2257 4895 2401 4965 quod
2433 4906 2552 4951 erat
2578 4896 2632 4952 in
2660 4898 2823 4954 domo
2851 4901 3084 4972 Domini,
3112 4905 3499 4978 confregerunt
3523 4909 3794 4979 Chaldaei,
3819 4926 3869 4971 et

2258 4986 2497 5042 tulerunt
2520 5003 2682 5045 omne
2709 5005 2787 5045 aes
2809 5007 3006 5049 eorum
3038 4996 3090 5049 in
3127 4995 3479 5066 Babylonem.
3506 5001 3574 5056 Et
3600 5003 3822 5063 lebetes
3842 5049 3857 5072 ,

2257 5090 2312 5134 et
2337 5097 2587 5153 creagras
2612 5124 2628 5149 ,
2665 5095 2720 5139 et
2746 5086 3002 5154 psalteria
3025 5133 3039 5156 ,
3063 5101 3119 5145 et
3149 5089 3390 5161 phialas,
3413 5103 3470 5148 et
3490 5097 3804 5153 mortariola
3834 5141 3851 5166 ,

2257 5185 2310 5230 et
2340 5179 2519 5232 omnia
2545 5195 2673 5236 vasa
2695 5197 2859 5253 aerea,
2892 5198 3012 5254 qua:
3039 5184 3095 5239 in
3128 5184 3437 5243 ministerio
3459 5187 3702 5261 fuerant,
3732 5196 3870 5251 tule-

2258 5279 2421 5327 runt:
2471 5281 2527 5328 et
2556 5275 2815 5346 hydrias,
2846 5290 2901 5333 et
2943 5278 3378 5350 thymiamateria
3403 5323 3420 5349 ,
3456 5290 3515 5338 et
3545 5300 3744 5341 urceos
3765 5329 3780 5351 ,
3808 5297 3866 5343 et

2255 5365 2463 5434 pelves,
2495 5377 2551 5423 et
2573 5371 2922 5440 candelabra,
2956 5382 3012 5427 et
3033 5376 3313 5438 mortaria,
3335 5386 3387 5431 et
3410 5377 3676 5449 cyathos:
3709 5394 3870 5453 quot-

2256 5470 2388 5528 (11101
2413 5475 2577 5518 aurea
2597 5505 2611 5530 ,
2635 5480 2800 5521 aurea
2821 5511 2836 5534 ,
2864 5477 2920 5521 et
2948 5477 3219 5539 quotquot
3255 5479 3511 5547 argentea
3529 5515 3547 5538 ,
3577 5486 3864 5547 argentea,

2259 5552 2381 5606 tulit
2402 5555 2656 5626 magister
2678 5557 2919 5614 militiae:
2938 5559 3220 5615 columnas
3236 5559 3393 5625 duas,
3417 5541 3474 5618 et
3493 5579 3647 5621 mare
3665 5583 3862 5633 unum,

2259 5651 2316 5698 et
2336 5643 2538 5702 vitulos
2563 5645 2852 5705 duodecim
2895 5665 3072 5706 aereos
3097 5692 3114 5718 ,
3149 5650 3242 5722 qui
3269 5661 3428 5708 erant
3465 5656 3567 5712 sub
3615 5656 3862 5732 basibus,

2259 5795 2445 5857 quarto
2469 5803 2593 5848 cum
2625 5791 2856 5851 Hebraeo
2883 5804 2970 5852 est
2999 5805 3170 5865 textu,
3200 5805 3423 5863 mum
3442 5807 3623 5859 mm.
