4108 6360
279 325 390 386 9Ξ9

1241 327 1819 388 LAMENTATIONES
1849 324 2175 390 JEBEMIAS
2217 329 2634 394 PROPIIET/E.

3469 339 3575 405 950

277 460 415 516 quas
447 443 655 500 fecerat
673 457 766 500 rex
797 442 1055 511 Salomon
1077 444 1130 500 in
1153 443 1317 501 domo
1351 444 1563 500 Domini
1588 462 1601 498 :
1625 461 1732 500 non
1755 455 1874 502 erat
1901 451 1949 508 Α
1978 447 2187 504 terfecit
2211 464 2307 507 eos
2329 451 2381 506 in
2406 451 2670 508 Reblatha
2701 450 2926 511 interra
2947 454 3142 513 Ematb
3162 475 3177 512 :
3201 465 3255 515 et
3281 459 3578 518 translatus

282 536 494 609 pondus
522 536 646 592 teris
671 539 914 592 omnium
945 553 1204 594 vasorum
1244 539 1459 594 borum.
1493 538 1569 593 De
1609 540 1877 593 eolumnis

279 639 486 696 autem,
513 629 699 685 decem
741 640 794 684 et
829 639 952 685 octo
972 630 1142 685 cubiti
1184 629 1488 685 altitudinis
1525 641 1679 684 erant
1709 632 1760 685 in
1788 646 1880 685 co-

279 723 464 778 lumna
506 736 651 788 una,
690 732 749 778 et
787 723 1056 778 funiculus
1097 722 1388 778 duodecim
1426 724 1734 778 cubitorum
1767 725 1881 779 cir-

281 815 523 871 cumibat
548 831 668 871 eam
698 833 712 872 :
747 831 910 886 porro
938 816 1254 886 grossitudo
1283 817 1401 886 ejus
1428 829 1665 888 quatuor
1694 815 1886 886 digito-

282 927 428 979 rum,
472 920 529 966 et
577 911 913 966 intrinsecus
947 926 1078 966 cava
1117 919 1254 966 erat.
1298 911 1367 966 Et
1415 910 1671 980 capitella
1718 925 1884 980 super

285 1013 575 1074 utramque
603 1019 744 1058 aerea
773 1022 786 1056 :
822 1003 1054 1058 altitudo
1075 1003 1312 1071 capitelli
1345 1004 1502 1058 unius
1533 1005 1771 1074 quinque
1793 1019 1887 1058 cu-

285 1097 524 1152 bitorum
549 1113 563 1150 :
590 1105 644 1152 et
670 1096 956 1162 retiacula,
979 1103 1036 1152 et
1056 1096 1426 1165 malogranata
1443 1110 1606 1166 super
1627 1111 1884 1151 coronam

288 1193 340 1247 in
358 1193 614 1258 circuitu,
643 1191 823 1246 omnia
844 1205 1008 1246 aerea.
1032 1190 1306 1246 Similiter
1322 1190 1594 1244 columna:
1611 1190 1886 1256 secunda),

288 1293 345 1340 et
382 1284 774 1356 malogranata.
823 1283 888 1338 Et
924 1283 1144 1339 fuerunt
1179 1284 1551 1352 malogranata
1593 1283 1889 1352 nonaginta

290 1395 386 1434 sex
413 1378 776 1450 dependentia
806 1394 820 1434 :
859 1386 913 1432 et
937 1377 1117 1431 omnia
1148 1375 1526 1445 malogranata
1552 1384 1768 1430 centum
1801 1392 1889 1430 re-

295 1474 508 1530 tiaculis
548 1473 1050 1528 circumdabantur.
1097 1471 1169 1524 Et
1208 1469 1329 1524 tulit
1377 1472 1636 1540 magister
1683 1469 1892 1525 militia:

292 1566 508 1622 Saraini
540 1565 878 1620 sacerdotem
911 1563 1165 1634 primum,
1191 1573 1246 1616 et
1273 1561 1608 1632 Sopbooiam
1637 1561 1888 1618 sacerdo-

297 1667 406 1713 tem
439 1656 758 1726 secundum,
793 1665 847 1712 et
877 1666 983 1712 tres
1023 1659 1286 1713 custodes
1313 1655 1588 1710 vestibuli.
1611 1655 1679 1710 Et
1721 1656 1790 1710 de
1819 1655 1896 1710 ci-

293 1751 464 1808 vitate
486 1753 609 1807 tulit
638 1755 944 1808 eunuchum
969 1769 1160 1821 unum,
1186 1756 1276 1826 qui
1308 1763 1425 1810 erat
1455 1751 1776 1823 prrepositus
1803 1766 1896 1804 su-

1979 550 2061 595 est
2086 540 2221 595 Juda
2253 543 2321 597 de
2353 552 2494 598 terra
2526 561 2639 601 sua.
2664 544 2769 604 Iste
2799 558 2881 603 est
2925 551 3187 620 populus,
3221 567 3378 623 quem
3404 562 3583 610 trans-

1985 630 2106 684 tulit
2155 631 2702 692 Nabuchodonosor:
2751 638 2807 693 In
2851 655 2997 696 anno
3052 641 3322 712 septimo,
3357 642 3576 704 Judaaos

1983 724 2082 777 tria
2113 724 2274 779 millia
2304 735 2360 781 et
2382 726 2567 798 viginti
2601 738 2712 786 tres
2739 748 2753 786 :
2779 731 2837 786 In
2865 748 3010 789 anno
3037 735 3446 792 octavodecimo
3471 737 3580 795 Na-

1984 814 2426 885 buchodonosor,
2459 820 2528 876 de
2554 821 2856 878 Jerusalem
2889 825 3098 881 animas
3119 828 3455 900 octingentas
3484 831 3550 886 tri

1986 909 2132 979 ginta
2157 909 2314 966 duas.
2350 913 2406 967 In
2429 927 2573 970 anno
2589 916 2860 986 vigesimo
2882 921 3041 974 tertio
3059 919 3586 990 Nabuchodonosor,

1989 1006 2263 1061 transtulit
2296 1006 2648 1064 Nabuzardan
2690 1013 2956 1082 magister
2997 1015 3206 1083 militia:
3239 1016 3450 1072 animas
3492 1017 3590 1073 Ju-

1991 1098 2232 1156 daeorum
2271 1103 2641 1174 septingentos
2681 1106 3038 1179 quadraginta
3083 1111 3343 1180 quinque.
3387 1110 3590 1166 Omnes

1991 1206 2120 1261 ergo
2150 1195 2365 1264 animae,
2399 1209 2630 1268 quatuor
2660 1200 2824 1254 millia
2856 1213 3151 1258 sexcentac.
3184 1203 3250 1259 Et
3283 1206 3482 1262 factum
3505 1215 3594 1262 est

1993 1286 2044 1340 in
2072 1287 2348 1358 trigesimo
2368 1293 2601 1361 septimo
2623 1307 2765 1348 anno
2803 1295 3297 1367 transmigrationis
3323 1299 3590 1354 Joiachim

1993 1381 2140 1451 regis
2169 1381 2332 1452 Juda,
2363 1384 2688 1440 duodecimo
2713 1401 2916 1452 mense,
2947 1389 3208 1458 vigesima
3226 1390 3410 1460 quinta
3441 1405 3588 1446 men-

1996 1473 2095 1538 sis,
2130 1475 2364 1531 elcvavit
2389 1478 2803 1534 Evilmerodacb
2836 1489 2927 1534 rex
2968 1481 3259 1552 Babylonis
3297 1482 3416 1552 ipso
3447 1498 3590 1538 anno

1997 1568 2148 1638 regni
2179 1569 2261 1624 sui
2290 1612 2304 1636 ,
2339 1581 2496 1640 caput
2528 1571 2793 1626 Joiachim
2822 1574 2964 1644 regis
2994 1573 3153 1641 Juda,
3184 1585 3240 1631 et
3269 1575 3454 1630 eduxit
3474 1591 3596 1630 eum

1998 1662 2067 1716 de
2097 1663 2258 1717 domo
2292 1666 2550 1720 carceris.
2587 1666 2656 1720 Et
2709 1668 2924 1723 locutus
2964 1680 3048 1724 est
3082 1684 3202 1724 cum
3239 1684 3307 1726 eo
3332 1670 3473 1726 bona
3501 1713 3515 1737 ,
3548 1679 3604 1727 et

2001 1757 2185 1824 posuit
2212 1756 2466 1810 thronum
2500 1757 2622 1827 ejus
2647 1773 2810 1828 super
2835 1761 3060 1816 thronos
3091 1777 3298 1832 regum,
3330 1763 3602 1833 quierant

295 1865 393 1922 per
433 1850 587 1905 viros
636 1850 931 1906 bellatores
968 1867 986 1906 :
1017 1861 1071 1906 et
1105 1859 1312 1920 septem
1355 1851 1499 1905 viros
1547 1849 1614 1903 de
1651 1847 1766 1911 his,
1796 1846 1888 1914 qui
1920 1851 1968 1911 Β
1997 1857 2117 1916 post
2141 1861 2201 1902 se
2232 1847 2282 1901 in
2314 1847 2608 1919 Babylone.
2648 1849 2712 1904 Et
2743 1852 2972 1906 mutavit
3004 1853 3326 1909 vestimenta
3359 1854 3600 1911 careeris

302 1941 560 1998 videbant
587 1941 774 1998 faciem
802 1945 944 2015 regis
965 1986 981 2011 ,
1025 1945 1114 2016 qui
1145 1944 1350 2000 inventi
1404 1952 1531 1998 sunt
1562 1945 1612 1996 in
1644 1942 1888 2004 civitate.

298 2046 355 2090 et
403 2035 637 2090 scribam
672 2036 969 2106 principem
1009 2038 1270 2102 militum,
1301 2036 1391 2107 qui
1438 2035 1704 2105 probabat
1748 2043 1898 2106 tyro-

301 2143 398 2182 nes
425 2145 438 2181 :
468 2139 523 2182 et
543 2130 826 2199 sexaginta
851 2129 1000 2183 viros
1027 2129 1094 2184 de
1121 2131 1319 2200 populo
1354 2141 1512 2184 terrm
1535 2175 1548 2198 ,
1577 2130 1667 2200 qui
1697 2129 1898 2183 inventi

300 2229 425 2275 sunt
449 2221 504 2275 in
532 2221 711 2276 medio
741 2222 998 2277 civitatis.
1027 2221 1173 2278 Tulit
1201 2234 1384 2280 autem
1415 2239 1508 2279 eos
1538 2221 1898 2280 Nabuzardan

300 2315 560 2382 magister
590 2314 830 2381 militize,
861 2325 918 2370 et
956 2315 1110 2370 duxit
1140 2332 1236 2371 eos
1264 2317 1330 2372 ad
1376 2332 1560 2388 regem
1609 2315 1903 2387 Babylonis

303 2406 355 2460 in
383 2405 670 2462 Reblatba.
706 2407 773 2462 Et
801 2409 1069 2478 percussit
1095 2423 1192 2464 eos
1223 2424 1317 2465 rex
1347 2409 1643 2481 Babylonis
1665 2451 1680 2476 ,
1725 2418 1780 2464 et
1817 2408 1897 2463 in—

383 2601 408 2629 α
439 2592 566 2649 Post
595 2593 841 2648 ultimum
875 2593 978 2647 hoc
1005 2603 1165 2661 caput
1200 2591 1497 2661 prophetia:
1524 2590 1812 2654 Jeremize,
1844 2587 1908 2643 li-

310 2663 408 2719 ber
438 2664 638 2718 Barnch
671 2667 978 2732 descriptus
1014 2665 1280 2732 reperitur
1301 2674 1488 2718 contra
1516 2673 1750 2718 mentem
1785 2661 1907 2716 Hie-

312 2737 522 2808 ronymi
571 2736 622 2790 in
653 2746 884 2806 utroque
919 2737 1217 2808 exemplari
1245 2736 1480 2808 Canonis
1512 2734 1790 2808 Hebraica:
1818 2748 1910 2808 ve-_-

308 2805 522 2862 ritatis:
554 2808 641 2862 ubi
671 2805 950 2863 annotatio
979 2807 1164 2862 isthrec
1196 2807 1470 2875 prwmissa
1495 2818 1576 2861 est
1596 2807 1665 2860 ab
1698 2821 1784 2865 eo,
1820 2805 1908 2874 qui

313 2890 518 2933 temere
573 2890 778 2950 partem
823 2879 1251 2950 hancieditionis
1292 2881 1541 2950 Antiqua:
1568 2895 1633 2950 ex
1666 2875 1811 2931 LXX
1857 2878 1908 2930 in

308 2967 528 3016 novam,
554 2967 648 3005 seu
669 2949 1141 3022 lieronymianam
1167 2950 1232 3004 ad
1260 2949 1516 3022 Hgbrzeos
1539 2949 1752 3022 codices
1781 2963 1912 3003 eon-

308 3024 582 3076 cinnatam
617 3024 819 3076 invexit
852 3020 1045 3076 {Liber
1068 3023 1163 3074 iste
1191 3023 1276 3090 qui
1304 3020 1512 3076 Barnch
1543 3021 1747 3074 nomine
1779 3035 1915 3091 pra:-

309 3103 542 3158 notntur,
576 3094 628 3147 in
661 3093 881 3147 Hel)er
913 3092 1120 3146 Canone
1157 3109 1261 3145 non
1305 3091 1544 3152 habetur.
1594 3093 1684 3146 sed
1715 3100 1914 3144 tantum

309 3169 362 3218 in
395 3150 618 3236 Vulgata
661 3167 904 3233 editione,
929 3165 1167 3219 similiter
1190 3175 1240 3218 et
1281 3163 1498 3234 epistola
1524 3150 1766 3218 Jeremia:
1787 3178 1912 3233 pro-
1941 3150 1986 3212 C

1997 1939 2140 2008 ejus,
2182 1952 2237 1994 et
2279 1941 2600 1995 comedebat
2633 1958 2824 2010 panem
2866 1959 3050 1999 coram
3081 1959 3148 2000 eo
3177 1954 3435 2015 semper'l
3471 1963 3605 2002 cun-

2002 2033 2104 2087 ctis
2131 2031 2325 2088 diebus
2353 2034 2477 2087 vitae
2507 2047 2639 2088 suaz.
2672 2034 2741 2089 Et
2769 2034 2973 2090 cibaria
3002 2036 3119 2106 ejus
3143 2079 3158 2106 ,
3182 2039 3379 2094 cibaria
3408 2055 3602 2110 perpe-

2005 2137 2092 2182 tua
2123 2127 2392 2182 dabantur
2423 2129 2471 2183 ei
2517 2143 2545 2182 a
2595 2144 2721 2198 rege
2749 2129 3039 2200 Babylonis
3066 2172 3081 2196 ,
3118 2139 3319 2186 statuta
3357 2147 3451 2202 per
3494 2131 3608 2188 sin-

2002 2219 2160 2291 gulos
2183 2219 2326 2288 dies,
2357 2235 2527 2292 usque
2556 2221 2621 2276 ad
2645 2222 2788 2278 diem
2811 2223 3002 2279 mortis
3027 2238 3162 2291 suae,
3183 2223 3393 2280 cunctis
3413 2223 3604 2281 diebus

2004 2315 2132 2371 vitae
2160 2313 2299 2385 ejus.

2013 2586 2197 2662 pheta.
2230 2587 2311 2640 Ad
2355 2587 2592 2662 notitiam
2630 2597 2799 2642 autem
2824 2587 3104 2662 legentium
3132 2588 3216 2643 hic
3246 2591 3438 2662 scripta
3465 2601 3608 2659 sunt,

2011 2660 2134 2730 quia
2162 2664 2324 2734 multa
2365 2661 2428 2734 de
2454 2657 2680 2723 Christo,
2716 2660 3102 2734 novissimisque
3137 2657 3447 2734 temporibus
3469 2657 3608 2717 indi;

2011 2741 2151 2784 cant.
2181 2730 2483 2786 Netandum
2512 2746 2642 2784 vero
2679 2732 2820 2798 quod
2851 2732 2904 2785 in
2935 2733 3152 2787 Conone
3182 2730 3601 2790 careassonensi

2014 2801 2130 2856 lucc
2163 2804 2228 2856 ad
2263 2803 2479 2856 modum
2516 2801 2658 2874 tituli
2689 2801 3066 2874 describantur
3094 2804 3147 2858 in
3170 2805 3349 2859 medio
3376 2807 3604 2874 paginzo,

2015 2874 2068 2928 in
2092 2884 2280 2928 nostro
2297 2885 2474 2927 antem
2488 2873 2706 2928 Canone
2725 2872 2851 2927 San-
2867 2875 3219 2930 Germanensi
3239 2872 3427 2931 eadem
3445 2872 3609 2932 verba

2018 2945 2072 3017 in
2101 2945 2344 3017 margine
2376 2946 2659 3017 leguntur;
2692 2955 2746 2998 et
2768 2945 2983 3013 quidem
3008 2948 3286 3002 minutulis
3313 2949 3610 3003 litterarum

2019 3016 2243 3144 {plrmisﬁl
2257 3025 2315 3070 ut
2340 3024 2394 3071 et
2421 3016 2525 3071 alia
2568 3016 2774 3070 scholia
2812 3017 3125 3090 marginalia
3153 3021 3336 3077 critica
3367 3021 3607 3091 ejusdem

2041 3106 2054 3144 ι
2097 3105 2163 3144 rt.
2251 3103 2377 3143 Αιιτ.

2041 3103 2163 3144 ΙυΙΊ.
2194 3103 2377 3144 MART.

1112 3436 1151 3484 ³
1227 3491 2022 3599 lNClPlUNT
2153 3493 2810 3634 CINOTH,

1756 3745 1764 3772 ν.
1844 3707 1912 3758 η)
1946 3713 2064 3758 ΕεΤ
2088 3741 2106 3775 ,

777 3846 1776 3941 LAMENTATIONES
1849 3849 2390 3933 JEREMUE
2469 3851 3158 3940 PROPHET/E.

323 4188 583 4268 [Aleplu]
611 4188 901 4268 Quomodo
923 4187 1074 4268 sedet
1105 4186 1222 4268 sola
1248 4186 1441 4268 civitas
1483 4182 1636 4254 plena
1666 4181 1869 4254 populo
1898 4200 1909 4235 :

397 4259 535 4320 facta
567 4259 649 4319 est
677 4263 829 4334 quasi
853 4261 1012 4334 vidua
1040 4259 1257 4334 domina
1282 4259 1555 4334 gentium:

397 4337 648 4408 princeps
675 4327 1075 4406 provinciarum
1103 4331 1243 4386 facta
1272 4339 1360 4385 est
1387 4329 1488 4383 sub
1513 4327 1736 4382 tributo.

404 4530 427 4556 ιι
459 4516 805 4584 Exemplaria
828 4513 1063 4570 Cononis
1086 4511 1364 4584 Hebraicae
1378 4507 1618 4584 veritatis
1642 4523 1765 4584 eum
1789 4507 1926 4584 mul-

333 4589 401 4645 tis
446 4579 722 4642 sacrorum
750 4586 1046 4641 Bibliornm
1078 4583 1355 4637 codicibus
1383 4597 1486 4634 ms.
1521 4582 1621 4633 hoc
1646 4581 1805 4633 modo
1839 4579 1889 4633 in
1908 4611 1920 4618 -

333 4661 576 4715 scribunt
626 4658 1058 4711 Lamentationes
1087 4655 1339 4710 Jeremize
1388 4670 1400 4704 :
1449 4650 1644 4719 Incipit
1690 4651 1923 4717 ejusdem

335 4729 678 4790 ancntatio,
707 4727 843 4796 quod
870 4737 942 4781 est
971 4728 1024 4780 in
1046 4726 1194 4780 titulo
1222 4721 1442 4776 Ctiinotlt
1468 4740 1581 4777 cum
1604 4722 1924 4796 absoiutione

336 4808 619 4859 litterarum
643 4793 1040 4855 Hebraicarum,
1070 4797 1268 4851 Deinde.
1287 4797 1580 4848 subtexunt
1614 4793 1922 4860 prasfatinn-

334 4876 532 4936 cuiam,
579 4889 696 4938 qum
736 4871 930 4939 legitur
973 4867 1112 4933 apud
1159 4865 1299 4920 LXX
1355 4864 1712 4939 interpretes,
1761 4880 1821 4939 ac
1869 4864 1920 4916 in

337 4947 561 5014 Vulgata
589 4936 776 4997 Latina
801 4936 818 4995 ξ
857 4941 956 5014 sed
980 4939 1302 5014 vetustiores
1335 4937 1455 4991 libri
1487 4954 1615 4990 mss.
1645 4936 1923 5014 Versiottis

339 5008 772 5085 Hieronymianm
815 5011 945 5068 nihil
971 5055 984 5079 ,
1007 5009 1332 5085 _pra:l'_ernnt_
1357 5019 1550 5085 printer
1584 5023 1816 5085 ra,_qu;e
1845 5008 1922 5085 le-_

339 5077 615 5156 guntnr'iu
647 5097 794 5141 textu
829 5077 1110 5138 Ilebraico.
1146 5079 1296 5156 Unde
1321 5077 1371 5156 in
1407 5077 1801 5156 Regiocodice,
1833 5080 1923 5156 qui

341 5152 611 5228 tamquam
635 5158 848 5211 tertium
871 5157 1146 5228 exemplar
1168 5153 1405 5228 tlanonis
1426 5152 1562 5228 lleb.
1591 5165 1700 5228 ver.
1734 5154 1925 5202 merito

340 5222 541 5300 suscipi
569 5229 748 5290 debet,
781 5239 834 5281 et
858 5228 910 5281 in
941 5223 1254 5300 Colbertino
1285 5222 1551 5300 Aniciensi
1580 5225 1797 5300 optimae
1829 5238 1924 5274 no-

343 5316 410 5358 ta:
433 5346 447 5368 ,
492 5293 625 5354 nihil
661 5314 879 5368 prorsus
906 5305 1081 5353 exstat
1113 5295 1505 5368 hujuscemodi
1530 5293 1922 5346 additamento-

344 5363 484 5429 rum.
538 5363 883 5425 Corbeiensis
912 5379 1107 5432 autem
1141 5382 1287 5418 lllllll.
1332 5364 1367 5417 9.
1405 5363 1634 5432 scriptus
1682 5371 1925 5432 tempore

340 5444 521 5502 Caroli
553 5443 750 5511 Magni.
775 5436 1414 5514 omnesprzel‘atinnc‘ulie
1442 5435 1607 5514 lineas
1643 5433 1813 5489 obelie
1839 5435 1925 5514 ju-

342 5516 578 5587 gulavit;
623 5505 806 5587 sicque
837 5505 1180 5587 manifestum
1213 5507 1338 5561 facit
1366 5507 1492 5587 biec-
1518 5505 1698 5587 aliena
1726 5520 1846 5587 esse
1877 5508 1930 5560 in

345 5575 594 5643 versione
622 5575 957 5654 Hieronymi,
991 5591 1227 5636 mutuata
1259 5595 1388 5634 vero
1415 5593 1446 5633 e
1474 5575 1616 5633 LXX
1643 5577 1933 5633 Seniorum

345 5657 789 5728 interpretatione
810 5656 1018 5712 Graeca.

422 5719 720 5784 Me'minerit
751 5729 922 5781 lector
947 5724 1133 5780 metris
1159 5739 1279 5778 esse
1299 5720 1541 5791 Scriptas
1571 5719 1935 5775 Lamentatio-

349 5819 470 5868 nes,
498 5815 560 5856 ae
582 5815 677 5870 per
702 5798 1060 5870 Alphabettnn
1087 5796 1353 5870 digestas,
1375 5803 1433 5847 ut
1463 5795 1544 5870 his
1565 5793 1748 5870 verbis
1774 5802 1938 5870 testa-

352 5862 527 5934 tur'S.
563 5862 949 5945 Hieronymus:
989 5862 1182 5936 Haberi,
1210 5868 1402 5940 inquit,
1431 5874 1478 5921 et
1506 5865 1559 5920 in
1581 5862 1932 5920 Lamentatio-

2025 4180 2254 4307 Ploralns
2286 4179 2520 4265 ploravit
2544 4180 2596 4236 in
2620 4190 2801 4251 nocte,
2825 4190 2882 4240 et
2910 4183 3170 4258 lacrymae
3197 4186 3317 4257 ejus
3343 4187 3396 4244 in
3428 4189 3621 4247 maxil-

2189 4269 2232 4307 IS
2263 4268 2383 4307 eius
2414 4271 2426 4306 ἒ

2189 4269 2232 4308 IS
2263 4268 2383 4308 etus
2414 4271 2426 4306 ἒ

2166 4269 2232 4308 IIS
2263 4269 2292 4306 θ
2321 4269 2383 4306 US
2414 4271 2426 4306 ἒ

2095 4341 2205 4380 non
2233 4269 2317 4380 esi
2337 4325 2429 4394 qui
2449 4325 2762 4381 consoletur
2780 4341 2899 4382 eam
2922 4342 2990 4384 ex
3022 4330 3277 4386 omnibus
3307 4333 3446 4389 caris
3467 4332 3622 4403 ejus;

2029 4507 2180 4590 nibus
2207 4504 2450 4590 {eranum
2479 4518 2706 4578 quatuor
2729 4509 3024 4590 alpliabeta,
3052 4529 3080 4566 e
3101 4513 3284 4590 quibus
3313 4517 3415 4571 duo
3454 4521 3624 4590 prima

2027 4581 2183 4658 quasi
2195 4579 2434 4658 δηριαάεο
2467 4591 2626 4658 metro
2647 4581 2846 4658 scripta
2874 4596 2995 4636 sunt
3018 4601 3038 4638 .·
3058 4579 3181 4654 quia
3203 4595 3306 4641 tres
3326 4579 3623 4658 versiculos,

2027 4651 2116 4732 qui
2139 4650 2245 4732 sibi
2262 4651 2480 4702 connexi
2503 4660 2707 4732 suntne!
2729 4653 2793 4732 ab
2818 4670 2923 4732 una
2946 4650 3145 4732 tantum
3166 4650 3626 4732 titteraincipiunt;

2031 4720 2245 4803 Heroiei
2284 4737 2481 4800 ronima
2518 4720 2798 4776 concludit.
2853 4723 3083 4780 Tertium
3130 4745 3247 4783 vero
3295 4720 3628 4803 alplm'betuni

1958 4821 2004 4878 D
2033 4793 2260 4878 trimetro
2291 4792 2549 4874 scrip'inn.
2580 4803 2652 4846 est
2675 4835 2688 4855 ,
2712 4805 2767 4878 et
2799 4812 2830 4847 a
2854 4799 3012 4851 ternis
3036 4799 3232 4878 titteris
3253 4843 3267 4866 ,
3311 4792 3404 4857 sed
3440 4806 3629 4861 eisdem

2032 4867 2161 4939 terni
2190 4879 2361 4917 versus
2387 4863 2669 4939 incipiunt.
2703 4865 2961 4930 Quartum
2991 4863 3326 4939 alphabetum
3361 4875 3536 4933 simile
3558 4887 3634 4932 est

2031 4935 2200 5017 primo
2227 4947 2274 5017 et
2300 4937 2546 4990 secundo.
2574 4936 2814 4992 Consule
2839 4941 2996 5017 epist.
3021 4935 3085 4994 ad
3102 4942 3323 4998 Paulam
3351 4945 3628 5017 Urbicam,

2032 5015 2086 5060 et
2119 5006 2506 5077 Prolegomena
2553 5017 2772 5072 nostra,
2814 5006 2903 5064 ubi
2942 5013 3010 5065 de
3048 5016 3238 5072 metris
3279 5006 3631 5077 Hebraeorum

2033 5077 2329 5146 disputatio
2359 5076 2682 5132 instituitur:
2709 5080 2882 5134 MART.

2089 5149 2399 5226 fl’alatin.
2418 5153 2980 5226 lllS.t|tletl|adm0dum
2996 5153 3088 5209 alii
3103 5157 3241 5226 apud
3257 5158 3631 5220 Martianmum

2033 5221 2252 5306 codices
2283 5222 2745 5306 lianc-praetorum
2777 5221 3186 5306 inscriptionem
3213 5247 3232 5306 ε,
3267 5230 3460 5304 Incipit
3490 5237 3632 5306 ejus-

2034 5293 2149 5344 dem
2177 5291 2522 5354 Lamentatio,
2556 5293 2695 5362 quod
2724 5304 2799 5347 est
2838 5291 2988 5349 titulo
3023 5296 3243 5352 Cliinotlt
3271 5291 3395 5357 cum.
3417 5291 3631 5362 absolu-

2036 5364 2174 5448 !Iipnf
2227 5363 2518 5444 litterarum
2575 5363 2976 5448 llebraicarum.
3030 5369 3393 5448 Promminm__
3414 5393 3634 5448 quoque

2034 5433 2191 5495 illud.
2227 5435 2342 5489 sive
2380 5447 2756 5510 argumentum
2786 5438 2906 5491 libri
2954 5454 3312 5510 prmponunt:
3349 5445 3414 5499 Et
3434 5433 3633 5510 'I'actitm

2037 5517 2108 5558 est
2141 5517 2412 5575 postquam
2444 5507 2496 5558 in
2526 5507 2874 5573 captivitatem
2908 5507 3149 5566 redactus
3178 5523 3250 5567 est
3288 5507 3478 5578 Israei.
3521 5531 3631 5576 etc.

2037 5592 2156 5662 qua;
2184 5594 2250 5632 ex
2275 5578 2786 5662 septuagintavirali
2831 5582 3282 5662 interpretatione
3319 5589 3370 5643 in
3405 5590 3632 5662 Vulgata

2037 5646 2239 5724 i.atina_
2273 5648 2510 5702 editione
2544 5659 2767 5724 recepta
2799 5662 2943 5706 sunt.
2970 5646 3227 5724 Nuspiam
3275 5674 3408 5714 vero
3443 5646 3636 5718 inuile-

2037 5718 2187 5774 braeo
2229 5720 2511 5801 leguntur,
2534 5718 2824 5801 Chaldaeo,
2857 5734 2950 5778 aut
2982 5718 3121 5801 Syro
3146 5767 3161 5792 ,
3207 5740 3331 5799 aut,
3378 5733 3524 5801 quod
3553 5734 3632 5789 rei

2037 5801 2199 5870 caput
2224 5800 2338 5870 est,
2367 5791 2421 5846 in
2455 5795 2867 5870 vetustioribus,
2913 5791 3267 5870 meiiorisque
3296 5791 3439 5860 notae
3479 5807 3632 5864 cedi-

2037 5863 2192 5922 cibus
2221 5863 2658 5938 Hieronymianae
2681 5862 2984 5926 Versionis.
