4108 6360
279 354 383 412 955

1190 352 1768 418 LAMENTATIONES
1806 352 2128 417 JEREMIIE
2169 346 2583 414 PROPHETAC.

3450 351 3555 414 954

280 474 750 558 [λυάτιβθᾱθωηι
794 477 848 533 ἰη
897 484 1059 547 terra,
1092 478 1472 535 conticuerunt
1526 491 1685 533 senes
1736 477 1861 532 lilia:

1967 471 2131 557 [Sim]
2160 474 2452 556 iacuerunt
2485 474 2538 527 in
2564 481 2705 556 terra
2730 468 2857 527 foris
2887 484 3023 553 puer
3052 476 3107 556 et
3130 483 3335 558 senex:

420 550 550 603 Sion
580 565 594 603 :

348 632 772 745 colnspcrserunt
801 621 985 679 cinere
1009 623 1187 695 capita
1217 635 1337 689 sua,
1370 620 1600 676 accincti
1627 628 1753 675 sunt
1781 619 1860 675 ci.

438 708 580 745 lCllS.

438 708 507 746 lC]

416 709 558 747 nens

344 733 663 888 abieceriint
709 766 761 820 in
809 776 1008 823 terram
1049 767 1224 836 capita
1255 779 1349 821 sua
1382 765 1619 837 virgines
1646 763 1866 820 Jerusa—

438 852 545 888 em.

271 852 878 982 [Chairiﬁbefecerunt
898 927 1007 980 prae
1029 909 1287 980 lacrymis
1317 910 1458 965 oculi
1487 910 1614 975 mel,
1644 917 1865 964 contur-

413 981 533 1034 bata
565 993 688 1037 sunt
717 985 919 1037 viscera
952 996 1104 1037 mea:

341 1050 572 1124 eﬂ’usnm
597 1062 681 1110 est
711 1056 763 1109 in
796 1065 939 1109 terra
971 1055 1122 1124 jecur
1142 1067 1323 1108 meum
1350 1066 1518 1124 super
1538 1052 1862 1108 contritione

416 1122 510 1178 ﬁlii
544 1125 732 1195 p0puli
760 1127 888 1193 mei,

339 1196 755 1320 cumideliceret
786 1197 1046 1268 parvulos
1090 1205 1146 1254 et
1188 1196 1396 1253 lactens
1440 1196 1494 1251 in
1536 1197 1726 1268 plateis
1759 1210 1861 1268 op-

414 1281 483 1321 οι(
509 1283 547 1321 ι.

265 1281 547 1422 [hung-ISK
570 1340 832 1422 Manilius
858 1340 973 1397 suis
994 1341 1277 1397 dixerunt:
1302 1339 1403 1397 Ubi
1429 1348 1514 1397 est
1541 1340 1780 1395 triticum
1803 1347 1864 1396 et

413 1414 633 1467 vinum?

336 1498 459 1539 cum
492 1484 786 1540 deficerent
809 1486 963 1556 quasi
986 1486 1249 1540 vulnerati
1279 1485 1331 1539 in
1359 1484 1552 1553 plateis
1576 1484 1816 1539 civitatis
1843 1502 1857 1540 :

340 1570 463 1610 cum
495 1556 815 1613 exhalarent
840 1558 1051 1612 animas
1078 1572 1205 1612 suas
1235 1559 1289 1611 in
1322 1558 1442 1612 sinu
1471 1566 1703 1611 matrum
1732 1572 1859 1612 sua-

264 1643 601 1772 [Μεηῖΐῗξυί
626 1700 952 1772 comparabo
979 1701 1068 1755 te?
1094 1700 1179 1755 vel
1202 1700 1285 1754 cui
1310 1699 1623 1754 assimilabo
1651 1707 1724 1766 te,
1750 1699 1858 1754 ﬁlia

410 1770 749 1826 Jerusalem?

338 1842 425 1896 cui
476 1844 773 1913 exaequabo
820 1852 893 1910 te,

405 1914 574 1969 Sion?

334 2000 530 2055 magna
576 1996 658 2041 est
708 1988 851 2041 enim
896 1986 1046 2042 velut
1075 2000 1226 2040 mare
1274 1985 1534 2040 contritio
1566 1993 1654 2040 tua
1689 2002 1703 2042 :
1734 1985 1858 2055 quis

411 2060 713 2113 llletlcltlllﬂ‘
741 2059 857 2113 tui?

263 2126 464 2200 [Num]
498 2131 781 2201 Propltetze
813 2131 885 2184 tui
914 2130 1168 2185 viderunt
1200 2130 1293 2185 tibi
1326 2130 1481 2190 falsa.
1520 2139 1575 2183 et
1605 2128 1792 2194 Stulta,

338 2216 442 2257 nec
481 2203 800 2283 aperiebant
843 2202 1179 2272 iniquitatem
1220 2213 1389 2267 tuam,
1418 2208 1482 2257 ut
1507 2212 1561 2256 te
1591 2201 1658 2256 ad
1686 2200 1859 2271 pinni-

412 2282 636 2328 tcntiam
663 2285 1017 2341 provocarent
1044 2291 1058 2326 :

332 2344 586 2428 viderunt
609 2355 790 2401 autem
822 2346 921 2399 tibi
958 2345 1359 2415 “sumptiones
1412 2342 1599 2407 falsas,
1646 2355 1700 2400 et
1744 2344 1859 2415 eje-

444 2429 478 2469 11
590 2434 633 2469 S.

260 2432 910 2571 [Samgczﬁlel'lauserunt
935 2503 1104 2559 super
1120 2498 1174 2544 te
1196 2488 1443 2544 matribus
1459 2501 1651 2543 omnes
1675 2497 1755 2544 tra
1766 2502 1856 2543 os-

409 2569 597 2615 enntes
618 2578 710 2629 per
745 2569 886 2615 viam
912 2578 925 2614 :

340 2629 725 2758 Siljilaverltmt,
750 2644 804 2689 et
826 2642 1116 2688 moverunt
1142 2643 1299 2704 caput
1319 2647 1476 2688 suum
1504 2646 1669 2704 super
1692 2633 1855 2687 tiliam

440 2720 589 2758 erusa
616 2722 722 2758 em.

407 2720 722 2759 Jerusalem.

338 2773 583 2847 Hzeccine
607 2789 692 2833 est
723 2776 872 2845 urbs,
906 2776 1169 2844 dicentes,
1207 2777 1431 2847 perfecti
1462 2776 1696 2841 decoris,
1729 2791 1859 2847 gau-

403 2844 550 2900 dium
582 2849 853 2904 universa:
883 2849 1077 2903 terrm?
1208 2844 1221 2847 ’
1379 2853 1384 2859 ’

267 2915 480 3001 [ΡΙιεᾼυ]
509 2918 852 2989 Aperuerunt
887 2934 1053 2990 super
1077 2932 1128 2976 te
1156 2935 1220 2975 os
1242 2934 1401 2975 suum
1434 2932 1624 2976 omnes
1654 2918 1857 2975 inimici

404 2998 478 3043 tui
508 3007 523 3046 Ζ

330 3058 712 3128 sibilaverunt,
742 3073 799 3119 et
829 3067 1162 3120 fremuerunt
1186 3064 1461 3132 dentibus,
1488 3072 1545 3119 ct
1568 3063 1854 3119 dixerunt:

411 3135 802 3190 Deviirabimus
828 3152 841 3190 :

320 3219 398 3260 en
428 3205 530 3332 isdtp
559 3216 642 3260 est
667 3208 800 3276 dies,
827 3223 986 3280 quam
1017 3209 1491 3278 exspectabamus,
1525 3208 1852 3274 invenimus,

403 3294 455 3331 νι
503 3294 662 3332 ιηιιις.

260 3346 436 3421 [Αἰτι]
463 3320 628 3404 licuit
649 3320 936 3405 .Dominus
964 3352 1395 3421 quaaLcogitavit,
1428 3351 1716 3418 complevit
1740 3364 1861 3405 scr-

410 3437 621 3503 monent
656 3436 837 3490 suum,
869 3438 1030 3494 quem
1071 3433 1407 3494 praeceperat
1433 3443 1459 3477 a
1498 3424 1691 3478 diebus
1721 3424 1861 3477 anti-

451 3506 563 3550 IIIS:

342 3507 631 3646 degs'ltfrlit,
661 3575 715 3620 et
742 3582 850 3622 non
902 3568 1168 3639 pepercit,
1204 3576 1263 3624 et
1290 3568 1587 3623 loctiﬁcavit
1610 3582 1775 3637 super
1806 3576 1859 3621 te

406 3650 699 3703 mumcum,

334 3714 387 3761 et
411 3711 674 3763 cxaitavit
700 3726 871 3766 cornu
898 3710 1136 3766 hostium
1168 3720 1404 3766 tuorum.

255 3776 273 3848 [
287 3776 481 3905 Salia].
495 3778 763 3907 Clgmavit
782 3799 877 3838 cor
901 3799 1090 3838 eorum
1104 3785 1175 3838 ad
1196 3784 1481 3839 Dominum
1500 3796 1664 3854 super
1677 3796 1860 3837 muros

426 3868 440 3905 ι
472 3870 535 3907 ne
602 3869 687 3907 ton
714 3871 727 3907 :

407 3871 535 3907 ltili]:
559 3871 687 3907 DlOﬂ
714 3871 727 3907 ἒ

336 3922 518 3980 Deduc
544 3926 696 3994 quasi
733 3934 1031 3982 torrentem
1060 3926 1347 3997 lacrymas,
1383 3940 1477 3996 per
1504 3926 1648 3982 diem
1681 3934 1736 3981 et
1762 3939 1862 3981 no-

495 4012 587 4051 m:

334 4005 838 4152 nomlgsrequiem
870 4069 989 4139 tibi,
1043 4082 1220 4142 neque
1257 4075 1434 4124 taceat
1470 4069 1675 4140 pupilla
1717 4069 1860 4125 oculi

406 4148 502 4193 tui.

256 4156 814 4335 [CapftflConsurgm
859 4212 1018 4268 lauda
1048 4214 1101 4269 in
1130 4222 1312 4282 nocte,
1343 4214 1396 4269 in
1430 4212 1701 4285 principio
1729 4213 1863 4284 vigi-

429 4299 602 4335 lill'lllll
630 4300 643 4335 Σ

429 4299 602 4337 1111⁵11111
630 4300 643 4337 ἒ

411 4300 643 4339 uarum:

338 4352 558 4481 elfﬂgde
599 4355 740 4438 sicut
782 4373 974 4428 aquam
1004 4372 1103 4414 cor
1141 4368 1293 4413 tuum
1340 4366 1467 4412 ante
1506 4368 1860 4429 conspectum

493 4444 659 4481 mtm:

493 4444 621 4481 1111111
644 4444 659 4481 ἒ

340 4499 458 4553 leva
502 4498 568 4553 ad
607 4514 734 4554 eunt
756 4515 973 4571 ﬁrmantis
1012 4512 1137 4555 tuas
1165 4514 1269 4571 pro
1299 4503 1479 4557 anima
1510 4503 1859 4571 parvulorum

413 4579 647 4651 tuorum,
786 4571 1115 4652 defecerunt
1143 4570 1198 4628 in
1238 4574 1379 4629 fame
1430 4577 1485 4629 in
1517 4570 1713 4645 capite
1737 4589 1859 4628 om-

410 4656 562 4694 nium
595 4651 977 4708 compitorum.

263 4709 441 4783 [Rm]
489 4710 638 4795 Vide,
685 4713 932 4779 Domine,
972 4725 1029 4770 et
1055 4716 1343 4772 considera
1372 4731 1534 4789 quem
1564 4716 1864 4771 vindemia-

409 4798 551 4839 verts
582 4794 650 4839 ita
680 4801 692 4837 :

338 4871 539 4930 ergone
574 4855 877 4930 comedent
906 4857 1159 4913 mulieres
1183 4858 1441 4929 fructum,
1478 4876 1636 4915 suum
1670 4874 1868 4930 parvu-

431 4943 492 4983 os
514 4928 587 4981 ad
622 4944 931 4983 mensarum
962 4931 1187 4996 palmze?

336 5000 384 5055 si
426 5000 714 5125 assignor?
744 5000 798 5055 in
842 5003 1154 5058 sanctuario
1210 5003 1427 5060 Domini
1478 5002 1740 5059 sacerdos
1771 5044 1786 5070 ,
1817 5010 1873 5057 et

410 5086 546 5126 nron
589 5081 676 5126 eta

410 5087 475 5142 PP
477 5086 546 5142 ορ

340 5283 367 5311 ιι
393 5272 714 5329 Observavit
736 5282 870 5330 ante
907 5288 1008 5329 nos
1038 5274 1123 5331 vir
1162 5272 1444 5337 eruditus,
1498 5273 1550 5327 in
1589 5273 1829 5328 secundo
1854 5315 1870 5337 ,

271 5346 468 5415 tertio,
514 5354 569 5399 et
605 5355 800 5414 quarto
842 5345 1020 5413 capite
1049 5346 1522 5400 Lamentationum
1545 5385 1561 5409 ,
1598 5347 1870 5400 inversum

269 5433 391 5473 esse
417 5417 665 5473 ordinem
702 5416 1002 5472 lit-terarum
1034 5419 1134 5483 pile
1165 5428 1221 5474 et
1241 5421 1354 5471 ain.
1382 5417 1516 5470 Nam
1546 5433 1669 5470 cum
1697 5418 1874 5471 soleat

268 5508 292 5542 τι
306 5489 409 5555 pud
454 5488 713 5544 Hebraeos
740 5490 828 5542 ain
860 5489 1196 5558 praecedere,
1216 5489 1324 5557 plac
1356 5490 1536 5556 sequi.
1565 5487 1651 5542 hic
1680 5497 1872 5542 contra

270 5561 362 5625 sit,
388 5569 445 5614 ut
473 5562 572 5633 phe
600 5561 873 5633 prlecedat
898 5602 912 5623 ,
946 5563 1033 5613 ain
1064 5574 1343 5633 sequatur.
1378 5560 1869 5633 lllrlllillllllﬂ-aﬁse-

269 5631 496 5699 quentes
523 5632 731 5685 librarii
756 5642 971 5687 veteres
993 5673 1007 5695 ,
1036 5647 1099 5686 ac
1128 5632 1315 5687 caueri
1353 5632 1652 5701 scriptorcs
1675 5631 1871 5700 lingua:

272 5704 547 5758 Ilebraicae
579 5706 837 5772 imperiti,
869 5705 935 5758 ad
979 5706 1228 5759 ordinem
1266 5704 1425 5766 primi
1456 5703 1727 5770 alphabeti
1758 5720 1873 5757 om-

271 5778 360 5828 nia
397 5774 659 5829 recudere
700 5785 1016 5840 tentarunt,
1047 5785 1420 5845 cxpungentes
1464 5789 1869 5845 nonnumquam

274 5848 507 5901 litteram
541 5848 662 5911 Ain,
691 5848 774 5901 vel
805 5864 923 5901 eam
956 5850 1275 5902 amittentes
1306 5847 1359 5899 in
1392 5848 1537 5901 serie
1571 5846 1868 5914 alphabeti.

271 5916 525 5975 Nonnulli
553 5926 731 5973 tamen
773 5920 993 5977 codices
1021 5928 1237 5979 rectum
1261 5918 1513 5977 ordinem
1545 5930 1871 5989 sequuntur,

2041 543 2280 671 viﬁgincs
2323 562 2477 613 meae,
2512 552 2566 602 et
2588 544 2820 614 juvenes
2857 544 2962 598 mei
2994 543 3310 599 ceciderunt
3345 545 3400 599 in
3431 545 3549 616 gla-

2144 633 2235 671 l0:

2144 633 2235 671 ιοε

2038 688 2353 771 interfecisti
2398 689 2451 744 in
2496 688 2585 746 die
2635 688 2834 745 furoris
2884 686 3007 743 tui:
3060 687 3397 761 percussisti,
3454 704 3553 748 nec

2109 770 2362 815 misertus
2387 776 2466 815 es.

1967 829 2184 904 [Thom]
2218 832 2431 905 Vocasﬁti
2469 832 2620 901 quasi
2648 832 2715 888 ad
2745 831 2886 888 diem
2916 831 3238 901 solemnem,
3268 833 3359 905 qui
3380 841 3556 890 terre-

2106 912 2229 959 rent
2254 920 2340 958 tne
2367 904 2436 958 de
2462 904 2717 970 circuitu,

2036 986 2090 1030 et
2121 993 2228 1051 non
2266 974 2366 1029 fuit
2397 977 2446 1029 in
2471 976 2559 1030 die
2588 975 2786 1031 furoris
2810 974 3024 1030 Domini
3063 976 3152 1051 qui
3180 975 3470 1049 effugeret,
3500 988 3557 1034 et

2110 1048 2530 1116 relinqueretur,

2036 1135 2170 1190 quos
2218 1118 2484 1185 educavi,
2536 1129 2593 1176 et
2637 1118 2895 1187 enutrivi,
2925 1119 3173 1176 inimicus
3223 1135 3376 1177 meus
3416 1134 3556 1179 con-

2107 1192 2338 1260 sumpsit
2365 1205 2478 1248 eos.

1966 1262 2119 1336 [Cap.
2150 1262 2233 1318 lli.
2265 1262 2495 1336 Αιθρήε]
2526 1263 2638 1334 Ego
2652 1264 2734 1317 vir
2758 1262 2947 1336 videns
2974 1273 3350 1336 paupertatem
3373 1280 3552 1323 meam

2109 1335 2161 1389 in
2193 1336 2341 1403 virga
2375 1335 2763 1399 indignationis
2792 1335 2930 1405 ejus.

1965 1406 2048 1461 Me
2081 1407 2325 1472 minavit,
2357 1416 2410 1461 et
2436 1405 2661 1463 adduxit
2680 1407 2733 1461 in
2757 1408 3030 1475 tenebras,
3060 1418 3242 1463 etnon
3269 1409 3325 1463 in
3356 1409 3553 1466 lucem.

1963 1476 2197 1605 Tanthtim
2226 1478 2282 1532 in
2316 1492 2401 1533 me
2432 1482 2616 1547 vertit,
2649 1487 2703 1534 et
2723 1479 2991 1534 convertit
3018 1494 3238 1534 manum
3265 1495 3416 1537 suam
3443 1492 3555 1539 tota

2160 1564 2213 1605 e.

2144 1551 2213 1607 ie.

1962 1620 2159 1695 [BetlL]
2202 1620 2475 1679 Vetustam
2532 1622 2659 1678 fecit
2712 1622 2911 1692 pellem
2965 1637 3169 1693 meam,
3229 1630 3286 1679 et
3328 1636 3550 1682 carnem

2104 1710 2304 1760 incum,
2339 1695 2597 1751 contrivit
2618 1708 2742 1750 ossa
2771 1709 2915 1751 mea.

1962 1763 2276 1821 [Ediﬁcavit
2306 1766 2355 1821 in
2386 1782 2519 1839 gyro
2547 1782 2702 1833 meo,
2742 1775 2799 1822 et
2833 1766 3185 1825 circumdedit
3221 1783 3308 1826 me
3350 1771 3475 1828 felle
3501 1782 3558 1829 et

942 1852 999 1899 et
1053 1844 1379 1899 consolabor
1424 1851 1511 1909 te,
1553 1840 1709 1913 virgo
1747 1841 1854 1896 lilia
1886 1872 2018 1963 BI"
2052 1839 2313 1963 “illam.

2072 1909 2354 1965 enebrosis
2394 1909 2680 1965 collocavit
2720 1924 2828 1976 me,
2879 1911 3033 1981 quasi
3080 1922 3324 1969 mortuos
3355 1915 3556 1986 sempi-

2268 1995 2313 2033 ε.

2105 1990 2313 2035 ternos.

1960 2051 2199 2124 [GimeL]
2255 2051 2769 2108 Circumiediﬁcavit
2817 2052 3100 2108 advers-nm
3153 2071 3279 2125 me,
3336 2065 3395 2112 ut
3442 2072 3553 2113 non

2103 2125 2357 2194 egrediar
2387 2142 2399 2177 :
2430 2128 2739 2195 aggravavit
2765 2126 3081 2196 compedem
3108 2142 3320 2196 meum,

1960 2195 2069 2253 Sed
2099 2210 2147 2251 et
2177 2211 2299 2251 cum
2332 2196 2658 2265 clamavero,
2692 2209 2746 2253 et
2776 2195 3059 2269 rogavero,
3085 2201 3318 2255 exclusit
3344 2203 3552 2259 oratio-

2108 2284 2227 2323 nem
2262 2284 2459 2324 meam.

1960 2339 2242 2395 Conclusit
2304 2341 2419 2415 vias
2477 2353 2625 2415 meas
2682 2339 2951 2411 lapidibus
3000 2342 3271 2415 quadris,
3325 2347 3552 2403 semitas

2104 2427 2250 2467 meas
2294 2413 2581 2466 subvertit.

1962 2482 2413 2610 [Deleth.]dl.irsus
2441 2484 2702 2539 insidians
2726 2484 2902 2540 lactus
2927 2494 3011 2541 est
3030 2488 3161 2542 mihi
3187 2506 3199 2543 :
3231 2490 3315 2543 leo
3347 2490 3401 2543 in
3427 2489 3554 2546 abs-

2103 2572 2203 2610 COll
2250 2574 2262 2609 ι
2294 2569 2359 2610 IS.

2103 2578 2359 2611 CUIIUIIIS.

1959 2627 2192 2753 Semiéas
2221 2641 2369 2753 qteas
2390 2628 2679 2698 subvertit,
2710 2635 2765 2683 et
2784 2628 3051 2701 confregit
3076 2647 3160 2686 me
3194 2649 3208 2685 :
3243 2634 3427 2703 posuit
3460 2648 3548 2690 me

2138 2714 2229 2753 eso
2255 2709 2418 2753 alam.

2178 2709 2418 2753 solutam.

2100 2714 2418 2754 desolatam.

1962 2770 2213 2897 Tetengit
2254 2785 2435 2854 arcum
2486 2784 2665 2839 suum,
2698 2782 2751 2826 ct
2782 2773 2968 2842 posuit
2998 2788 3084 2830 me
3125 2772 3283 2846 quasi
3337 2779 3551 2848 signum

2106 2861 2131 2895 ει
2211 2852 2481 2897 samttam.

2106 2860 2170 2895 ila
2211 2860 2481 2895 εειειιωιη.

2106 2861 2115 2894 :
2242 2862 2250 2873 ο
2274 2852 2317 2883 π’
2468 2882 2481 2895 .

1984 2852 2644 2984 ΗΜΜΜῗέιὶῗιέἱῗίιἾθηὶὺυε
2678 2914 2813 2970 meis
2842 2915 2979 2972 ﬁlias
3013 2916 3280 2985 pharetra:
3310 2934 3443 2973 suae.

2007 2996 2158 3040 actus
2187 3001 2306 3040 sum
2341 2986 2395 3040 in
2422 2986 2660 3041 derisum
2696 2988 2840 3041 omni
2872 2989 3076 3058 portula
3104 3004 3249 3057 meo,
3282 2992 3551 3047 canticum

2102 3073 2288 3113 eorum
2328 3066 2434 3111 tota
2466 3058 2576 3112 die.

1960 3129 2213 3255 Rt'plelvit
2236 3144 2322 3185 me
2350 3128 2822 3197 amaritudinibus,
2868 3131 3161 3188 inebriavit
3214 3149 3300 3189 me
3345 3135 3549 3207 absyn-

2110 3213 2121 3255 l
2148 3218 2241 3255 110.

2110 3213 2241 3255 11110.

1963 3271 2146 3346 [ναῖκι
2195 3272 2260 3356 Et
2293 3272 2449 3344 fregit
2490 3273 2561 3329 ad
2605 3288 2889 3330 numerum
2912 3273 3109 3331 dentes
3134 3291 3319 3347 meos,
3350 3278 3556 3333 cibavit

2074 3362 2159 3400 me
2186 3362 2393 3400 cunere.

2074 3362 2159 3400 me
2186 3360 2393 3401 cunere.

1964 3416 2031 3472 Et
2071 3419 2288 3489 repulsa
2316 3426 2401 3472 est
2429 3430 2456 3471 a
2490 3430 2624 3488 pace
2660 3418 2841 3473 anima
2874 3434 3017 3487 mea,
3059 3420 3261 3475 oblitus
3309 3433 3427 3475 sum
3460 3422 3558 3476 lio-

1963 3561 2032 3616 Et
2056 3506 2411 3616 d«i';t(i)r:"i’noriit
2436 3561 2558 3615 ﬁnis
2581 3574 2754 3626 meus,
2785 3571 2841 3617 et
2865 3576 2991 3631 spes
3016 3577 3135 3618 mea
3166 3578 3195 3618 a
3222 3564 3478 3618 Domino.

1963 3632 2163 3706 [Zain.]
2211 3633 2522 3707 Recordare
2572 3634 2949 3707 paupertatis,
2999 3647 3057 3689 et
3106 3636 3557 3707 transgressionis

2107 3718 2270 3772 meat,
2303 3704 2576 3775 absynthii
2596 3747 2611 3772 ,
2640 3715 2696 3759 et
2720 3705 2884 3759 foliis.

1962 3776 2219 3832 Memoria
2255 3792 2463 3831 memor
2491 3792 2607 3844 ero,
2638 3787 2693 3830 et
2716 3779 2960 3832 tabescet
2991 3778 3044 3832 in
3087 3793 3174 3834 me
3204 3778 3381 3834 anima
3404 3794 3551 3836 mea.

1965 3849 2091 3920 Haec
2119 3849 2367 3920 recolens
2406 3850 2457 3903 in
2494 3850 2664 3902 corde
2701 3863 2849 3911 meo,
2882 3850 3005 3904 ideo
3032 3851 3283 3920 sperabo.

1965 3918 2175 3993 [Hcllt.|
2206 3920 2590 3993 Misericordia:
2624 3920 2835 3993 Domini
2880 3921 3001 3991 quia
3052 3918 3156 3975 non
3196 3937 3385 3977 sumus
3424 3938 3557 3977 con-

2108 3994 2336 4065 sumpti:
2371 3992 2495 4062 quie
2523 4007 2636 4065 Anon
2659 3991 2980 4065 defecerunt
3009 3995 3387 4049 miserationes
3415 3996 3556 4065 ejus.

1962 4062 2096 4118 Novi
2138 4061 2399 4130 diluculo,
2428 4063 2594 4117 multa
2626 4072 2707 4117 est
2738 4062 2873 4117 ﬁdes
2901 4075 3016 4117 tua.

1964 4134 2102 4190 Pars
2134 4149 2251 4189 mea
2297 4135 2586 4203 Dominus,
2639 4136 2773 4189 dixit
2831 4137 3013 4191 anima
3061 4151 3220 4192 mea:
3270 4146 3562 4209 propterea

2110 4209 2440 4276 exspectabo
2481 4222 2626 4262 eum.

1968 4278 2193 4357 [Teth.’|_
2224 4279 2406 4333 Bonus
2456 4290 2542 4334 est
2588 4277 2853 4357 Dominus
2904 4279 3253 4350 sperantibus
3296 4280 3351 4334 in
3414 4296 3557 4346 eum,

2109 4353 2305 4405 attinnt}
2335 4350 2598 4421 qua-renti
2633 4351 2805 4405 illum.

1968 4427 2173 4480 Bonum
2213 4433 2298 4477 est
2326 4423 2627 4493 praestolari
2657 4437 2779 4476 cum
2806 4421 3028 4477 silentio
3058 4422 3299 4478 salutare
3329 4422 3451 4479 Dei.

1970 4500 2173 4553 Bonum
2205 4504 2288 4577 est
2325 4498 2465 4560 viro,
2509 4508 2631 4547 cum
2680 4497 2982 4563 portaverit
3026 4495 3212 4566 jugum
3257 4495 3327 4550 ab
3378 4494 3565 4551 adole-

2110 4579 2317 4622 80811118
2350 4583 2464 4620 Silii.

1891 4638 2149 4717 DlJod.|
2198 4638 2421 4693 Sedebit
2468 4637 2764 4704 solitarius,
2806 4645 2869 4691 et
2911 4637 3157 4692 tacebit:
3207 4639 3331 4707 quia
3369 4638 3569 4693 levavit

2110 4727 2173 4765 su
2248 4726 2275 4763 r
2312 4724 2392 4764 se.

1972 4788 2143 4841 Ponet
2174 4725 2244 4835 ile
2262 4783 2481 4850 pulvere
2503 4796 2563 4836 os
2593 4794 2774 4846 suum,
2798 4782 2849 4834 si
2892 4780 3032 4836 forte
3061 4781 3131 4834 sit
3162 4795 3312 4849 spes.

1972 4855 2133 4938 Dabit
2172 4852 2501 4938 percutienti
2536 4867 2602 4908 se
2645 4852 2945 4918 maxillam,
2989 4852 3328 4909 saturabitur
3371 4868 3569 4925 oppro-

1979 4929 2403 5074 [Cltagltl.l]s.Quia
2435 5010 2543 5053 non
2590 4994 2820 5068 repellet
2859 4995 2915 5052 in
2956 4996 3347 5067 sempiternum
3390 4998 3572 5055 Domi-

2126 5083 2245 5126 nus.

1978 5282 2038 5327 ut
2065 5273 2116 5325 in
2150 5271 2380 5327 Hebraeo
2405 5278 2582 5325 exstat
2611 5268 2841 5340 positus.
2884 5270 3066 5326 MART.

2050 5344 2440 5410 —-Disquirunt
2454 5342 2637 5399 critici
2660 5342 2792 5411 quid
2812 5356 2990 5399 causae
3005 5344 3095 5407 sit,
3120 5359 3218 5399 cur
3240 5343 3458 5401 inverso
3481 5362 3571 5402 or-

1977 5414 2101 5471 dine
2119 5414 2216 5486 phe
2245 5415 2475 5468 litteram
2504 5417 2626 5477 hoc,
2652 5424 2705 5468 et
2727 5414 2962 5488 duobus,
2987 5432 3106 5486 qua:
3144 5417 3568 5488 subsequuntur.

1976 5489 2398 5559 capitibnsante
2441 5487 2528 5541 aiu
2572 5487 2821 5555 posuerit
2847 5487 3137 5559 Jemmias,
3160 5492 3261 5558 qui
3292 5487 3461 5559 priori
3491 5499 3575 5546 ta-

1981 5574 2103 5613 men
2154 5557 2331 5626 capi:e
2373 5566 2645 5630 perpetuo
2674 5568 2937 5612 retentam
2990 5557 3240 5616 Hebraici
3291 5557 3570 5630 alphebeti

1981 5631 2220 5699 regulam
2250 5631 2513 5683 observat.
2552 5628 2719 5681 Nobis
2753 5638 2871 5696 post
2905 5630 3276 5686 Martianzcnm
3303 5628 3435 5686 satis
3464 5644 3565 5699 est,

1977 5702 2239 5756 lectorem
2263 5700 2328 5754 ad
2365 5700 2507 5755 hunc
2536 5703 2711 5755 locum
2761 5700 3060 5768 monuisse,
3088 5716 3335 5758 veterum
3365 5705 3572 5759 scriba-

1975 5789 2095 5829 rum
2114 5787 2234 5825 eam
2259 5787 2382 5827 esse
2412 5771 2463 5825 in
2491 5771 2764 5839 plerisque
2790 5772 2939 5826 libris
2963 5775 3343 5838 temeritatem,
3370 5773 3569 5829 ntdum

1978 5846 2249 5914 vulgatum
2288 5844 2601 5913 alplmbctlti
2650 5844 2898 5899 ordinctn
2952 5846 3266 5913 restituunt,
3313 5861 3572 5917 sensum,

1939 5962 1947 5971 .
1979 5918 2095 5989 ipsa
2122 5925 2456 5989 repugnante
2486 5924 2776 5974 contextus
2803 5917 2969 5988 serie,
2994 5917 3211 5989 penitus
3231 5927 3500 5975 evertant.
