  <div class='ocr_page' id='page_1' title='image "/cluster/home/n/w/nwhite01/storage/ocr_20150623/28/hvd.32044015471410/473.png"; bbox 0 0 4108 6360; ppageno 0'>
   <div class='ocr_carea' id='block_1_1' title="bbox 505 319 611 378">
    <p class='ocr_par' dir='ltr' id='par_1_1' title="bbox 505 319 611 378">
     <span class='ocr_line' id='line_1_1' title="bbox 505 319 611 378; baseline -0.019 0"><span class='ocrx_word' id='word_1_1' title='bbox 505 319 611 378; x_wconf 77' lang='lat'><strong>955</strong></span> 
     </span>
    </p>
   </div>
   <div class='ocr_carea' id='block_1_2' title="bbox 651 507 1564 564">
    <p class='ocr_par' dir='ltr' id='par_1_2' title="bbox 651 507 1564 564">
     <span class='ocr_line' id='line_1_2' title="bbox 651 507 1564 564; baseline -0.007 0"><span class='ocrx_word' id='word_1_2' title='bbox 651 523 772 564; x_wconf 90' lang='lat' dir='ltr'><strong>nem</strong></span> <span class='ocrx_word' id='word_1_3' title='bbox 795 507 1288 563; x_wconf 79' lang='lat' dir='ltr'><strong>misericordiarum</strong></span> <span class='ocrx_word' id='word_1_4' title='bbox 1325 520 1564 560; x_wconf 91' lang='lat' dir='ltr'><strong>suarum.</strong></span> 
     </span>
    </p>
   </div>
   <div class='ocr_carea' id='block_1_3' title="bbox 506 573 2102 646">
    <p class='ocr_par' dir='ltr' id='par_1_3' title="bbox 506 573 2102 646">
     <span class='ocr_line' id='line_1_3' title="bbox 506 573 2102 646; baseline -0.003 -10"><span class='ocrx_word' id='word_1_5' title='bbox 506 579 625 637; x_wconf 84' lang='lat' dir='ltr'><strong>Non</strong></span> <span class='ocrx_word' id='word_1_6' title='bbox 659 581 802 636; x_wconf 91' lang='lat' dir='ltr'><strong>enim</strong></span> <span class='ocrx_word' id='word_1_7' title='bbox 833 579 1135 634; x_wconf 85' lang='lat' dir='ltr'><strong>ltutniliavit</strong></span> <span class='ocrx_word' id='word_1_8' title='bbox 1178 595 1247 634; x_wconf 76' lang='lat' dir='ltr'><strong>ex</strong></span> <span class='ocrx_word' id='word_1_9' title='bbox 1274 576 1438 633; x_wconf 88' lang='lat' dir='ltr'><strong>corde</strong></span> <span class='ocrx_word' id='word_1_10' title='bbox 1485 590 1606 643; x_wconf 83' lang='lat' dir='ltr'><strong>suo,</strong></span> <span class='ocrx_word' id='word_1_11' title='bbox 1640 583 1695 630; x_wconf 91' lang='lat' dir='ltr'><strong>et</strong></span> <span class='ocrx_word' id='word_1_12' title='bbox 1733 573 1932 646; x_wconf 78' lang='lat' dir='ltr'><strong>abjecit</strong></span> <span class='ocrx_word' id='word_1_13' title='bbox 1963 576 2102 632; x_wconf 83' lang='lat' dir='ltr'><strong>ﬁlios</strong></span> 
     </span>
    </p>
   </div>
   <div class='ocr_carea' id='block_1_4' title="bbox 653 651 954 706">
    <p class='ocr_par' dir='ltr' id='par_1_4' title="bbox 653 651 954 706">
     <span class='ocr_line' id='line_1_4' title="bbox 653 651 954 706; baseline 0 0"><span class='ocrx_word' id='word_1_14' title='bbox 653 651 954 706; x_wconf 84' lang='lat' dir='ltr'><strong>hominum.</strong></span> 
     </span>
    </p>
   </div>
   <div class='ocr_carea' id='block_1_5' title="bbox 509 716 2103 798">
    <p class='ocr_par' dir='ltr' id='par_1_5' title="bbox 509 716 2103 798">
     <span class='ocr_line' id='line_1_5' title="bbox 509 716 2103 798; baseline -0.001 -21"><span class='ocrx_word' id='word_1_15' title='bbox 509 720 772 798; x_wconf 83' lang='lat' dir='ltr'><strong>[Lamed.]</strong></span> <span class='ocrx_word' id='word_1_16' title='bbox 810 721 879 778; x_wconf 91' lang='lat' dir='ltr'><strong>Ut</strong></span> <span class='ocrx_word' id='word_1_17' title='bbox 903 730 1218 778; x_wconf 89' lang='lat' dir='ltr'><strong>contereret</strong></span> <span class='ocrx_word' id='word_1_18' title='bbox 1239 720 1340 777; x_wconf 87' lang='lat' dir='ltr'><strong>sub</strong></span> <span class='ocrx_word' id='word_1_19' title='bbox 1369 716 1745 798; x_wconf 30' lang='lat' dir='ltr'><strong>pedibussuis‘</strong></span> <span class='ocrx_word' id='word_1_20' title='bbox 1767 733 1959 777; x_wconf 90' lang='lat' dir='ltr'><strong>omnes</strong></span> <span class='ocrx_word' id='word_1_21' title='bbox 1985 719 2103 776; x_wconf 92' lang='lat' dir='ltr'><strong>vin-</strong></span> 
     </span>
    </p>
   </div>
   <div class='ocr_carea' id='block_1_6' title="bbox 653 805 982 850">
    <p class='ocr_par' dir='ltr' id='par_1_6' title="bbox 653 805 982 850">
     <span class='ocr_line' id='line_1_6' title="bbox 653 805 982 850; baseline -0.009 0"><span class='ocrx_word' id='word_1_22' title='bbox 653 805 771 850; x_wconf 67' lang='grc' dir='ltr'><strong>ϐίος</strong></span> <span class='ocrx_word' id='word_1_23' title='bbox 801 805 982 850; x_wconf 71' lang='lat' dir='ltr'><strong>terrae.</strong></span> 
     </span>
    </p>
   </div>
   <div class='ocr_carea' id='block_1_7' title="bbox 509 863 2103 940">
    <p class='ocr_par' dir='ltr' id='par_1_7' title="bbox 509 863 2103 940">
     <span class='ocr_line' id='line_1_7' title="bbox 509 863 2103 940; baseline -0.003 -17"><span class='ocrx_word' id='word_1_24' title='bbox 509 865 582 923; x_wconf 87' lang='lat' dir='ltr'><strong>Ut</strong></span> <span class='ocrx_word' id='word_1_25' title='bbox 609 866 914 940; x_wconf 77' lang='lat' dir='ltr'><strong>declinaret</strong></span> <span class='ocrx_word' id='word_1_26' title='bbox 947 865 1212 936; x_wconf 86' lang='lat' dir='ltr'><strong>judicium</strong></span> <span class='ocrx_word' id='word_1_27' title='bbox 1246 864 1344 922; x_wconf 86' lang='lat' dir='ltr'><strong>viri</strong></span> <span class='ocrx_word' id='word_1_28' title='bbox 1388 864 1442 920; x_wconf 93' lang='lat' dir='ltr'><strong>in</strong></span> <span class='ocrx_word' id='word_1_29' title='bbox 1471 878 1768 940; x_wconf 89' lang='lat' dir='ltr'><strong>conspectu</strong></span> <span class='ocrx_word' id='word_1_30' title='bbox 1800 864 1979 920; x_wconf 84' lang='lat' dir='ltr'><strong>vultus</strong></span> <span class='ocrx_word' id='word_1_31' title='bbox 2011 863 2103 918; x_wconf 79' lang='lat' dir='ltr'><strong>Al—</strong></span> 
     </span>
    </p>
   </div>
   <div class='ocr_carea' id='block_1_8' title="bbox 655 939 864 993">
    <p class='ocr_par' dir='ltr' id='par_1_8' title="bbox 655 939 864 993">
     <span class='ocr_line' id='line_1_8' title="bbox 655 939 864 993; baseline -0.005 0"><span class='ocrx_word' id='word_1_32' title='bbox 655 939 864 993; x_wconf 86' lang='lat' dir='ltr'><strong>tissimi.</strong></span> 
     </span>
    </p>
   </div>
   <div class='ocr_carea' id='block_1_9' title="bbox 513 1007 2104 1081">
    <p class='ocr_par' dir='ltr' id='par_1_9' title="bbox 513 1007 2104 1081">
     <span class='ocr_line' id='line_1_9' title="bbox 513 1007 2104 1081; baseline -0.004 -15"><span class='ocrx_word' id='word_1_33' title='bbox 513 1007 583 1066; x_wconf 87' lang='lat' dir='ltr'><strong>Ut</strong></span> <span class='ocrx_word' id='word_1_34' title='bbox 622 1019 965 1080; x_wconf 75' lang='lat' dir='ltr'><strong>perverteret</strong></span> <span class='ocrx_word' id='word_1_35' title='bbox 1007 1008 1283 1066; x_wconf 79' lang='lat' dir='ltr'><strong>hominem</strong></span> <span class='ocrx_word' id='word_1_36' title='bbox 1331 1012 1384 1065; x_wconf 93' lang='lat' dir='ltr'><strong>in</strong></span> <span class='ocrx_word' id='word_1_37' title='bbox 1430 1010 1639 1081; x_wconf 89' lang='lat' dir='ltr'><strong>judicio</strong></span> <span class='ocrx_word' id='word_1_38' title='bbox 1685 1028 1808 1078; x_wconf 91' lang='lat' dir='ltr'><strong>suo,</strong></span> <span class='ocrx_word' id='word_1_39' title='bbox 1843 1008 2104 1066; x_wconf 88' lang='lat' dir='ltr'><strong>Dominus</strong></span> 
     </span>
    </p>
   </div>
   <div class='ocr_carea' id='block_1_10' title="bbox 657 1083 942 1152">
    <p class='ocr_par' dir='ltr' id='par_1_10' title="bbox 657 1083 942 1152">
     <span class='ocr_line' id='line_1_10' title="bbox 657 1083 942 1152; baseline 0 -17"><span class='ocrx_word' id='word_1_40' title='bbox 657 1083 942 1152; x_wconf 75' lang='lat' dir='ltr'><strong>ignoravit.</strong></span> 
     </span>
    </p>
   </div>
   <div class='ocr_carea' id='block_1_11' title="bbox 513 1149 2105 1229">
    <p class='ocr_par' dir='ltr' id='par_1_11' title="bbox 513 1149 2105 1229">
     <span class='ocr_line' id='line_1_11' title="bbox 513 1149 2105 1229; baseline -0.001 -23"><span class='ocrx_word' id='word_1_41' title='bbox 513 1149 725 1229; x_wconf 56' lang='lat' dir='ltr'><strong>[Hemi]</strong></span> <span class='ocrx_word' id='word_1_42' title='bbox 769 1152 900 1229; x_wconf 83' lang='lat' dir='ltr'><strong>Quis</strong></span> <span class='ocrx_word' id='word_1_43' title='bbox 944 1163 1046 1229; x_wconf 85' lang='lat' dir='ltr'><strong>est_</strong></span> <span class='ocrx_word' id='word_1_44' title='bbox 1084 1153 1204 1223; x_wconf 90' lang='lat' dir='ltr'><strong>iste,</strong></span> <span class='ocrx_word' id='word_1_45' title='bbox 1249 1156 1338 1226; x_wconf 89' lang='lat' dir='ltr'><strong>qtti</strong></span> <span class='ocrx_word' id='word_1_46' title='bbox 1389 1155 1523 1211; x_wconf 72' lang='lat' dir='ltr'><strong>dixit</strong></span> <span class='ocrx_word' id='word_1_47' title='bbox 1555 1165 1611 1211; x_wconf 94' lang='lat' dir='ltr'><strong>ut</strong></span> <span class='ocrx_word' id='word_1_48' title='bbox 1645 1155 1821 1218; x_wconf 84' lang='lat' dir='ltr'><strong>ﬁeret,</strong></span> <span class='ocrx_word' id='word_1_49' title='bbox 1876 1151 2105 1208; x_wconf 91' lang='lat' dir='ltr'><strong>Domino</strong></span> 
     </span>
    </p>
   </div>
   <div class='ocr_carea' id='block_1_12' title="bbox 656 1225 1051 1296">
    <p class='ocr_par' dir='ltr' id='par_1_12' title="bbox 656 1225 1051 1296">
     <span class='ocr_line' id='line_1_12' title="bbox 656 1225 1051 1296; baseline -0.003 -17"><span class='ocrx_word' id='word_1_50' title='bbox 656 1239 764 1280; x_wconf 91' lang='lat' dir='ltr'><strong>non</strong></span> <span class='ocrx_word' id='word_1_51' title='bbox 788 1225 1051 1296; x_wconf 83' lang='lat' dir='ltr'><strong>jubente?</strong></span> 
     </span>
    </p>
   </div>
   <div class='ocr_carea' id='block_1_13' title="bbox 509 1295 2105 1422">
    <p class='ocr_par' dir='ltr' id='par_1_13' title="bbox 509 1295 2105 1422">
     <span class='ocr_line' id='line_1_13' title="bbox 509 1295 2105 1422; baseline 0 -71"><span class='ocrx_word' id='word_1_52' title='bbox 509 1295 750 1422; x_wconf 57' lang='lat' dir='ltr'><strong>Exiiigre</strong></span> <span class='ocrx_word' id='word_1_53' title='bbox 798 1298 1060 1421; x_wconf 63' lang='lat' dir='ltr'><strong>A?ltissitni</strong></span> <span class='ocrx_word' id='word_1_54' title='bbox 1111 1315 1218 1354; x_wconf 93' lang='lat' dir='ltr'><strong>non</strong></span> <span class='ocrx_word' id='word_1_55' title='bbox 1266 1298 1620 1370; x_wconf 87' lang='lat' dir='ltr'><strong>egredientur</strong></span> <span class='ocrx_word' id='word_1_56' title='bbox 1671 1313 1771 1356; x_wconf 93' lang='lat' dir='ltr'><strong>nec</strong></span> <span class='ocrx_word' id='word_1_57' title='bbox 1819 1295 1960 1352; x_wconf 82' lang='lat' dir='ltr'><strong>mala</strong></span> <span class='ocrx_word' id='word_1_58' title='bbox 2006 1310 2105 1351; x_wconf 88' lang='lat' dir='ltr'><strong>nec</strong></span> 
     </span>
     <span class='ocr_line' id='line_1_14' title="bbox 693 1381 797 1422; baseline 0 0"><span class='ocrx_word' id='word_1_59' title='bbox 693 1381 797 1422; x_wconf 91' lang='lat' dir='ltr'><strong>ona</strong></span> 
     </span>
    </p>
   </div>
   <div class='ocr_carea' id='block_1_14' title="bbox 693 1381 797 1422">
    <p class='ocr_par' dir='ltr' id='par_1_14' title="bbox 693 1381 797 1422">
     <span class='ocr_line' id='line_1_15' title="bbox 693 1381 797 1422; baseline 0 0"><span class='ocrx_word' id='word_1_60' title='bbox 693 1381 797 1422; x_wconf 91' lang='lat' dir='ltr'><strong>ona</strong></span> 
     </span>
    </p>
   </div>
   <div class='ocr_carea' id='block_1_15' title="bbox 509 1439 2104 1513">
    <p class='ocr_par' dir='ltr' id='par_1_15' title="bbox 509 1439 2104 1513">
     <span class='ocr_line' id='line_1_16' title="bbox 509 1439 2104 1513; baseline 0 -19"><span class='ocrx_word' id='word_1_61' title='bbox 509 1439 648 1513; x_wconf 80' lang='lat' dir='ltr'><strong>Quid</strong></span> <span class='ocrx_word' id='word_1_62' title='bbox 674 1441 1029 1513; x_wconf 80' lang='lat' dir='ltr'><strong>murmuravit</strong></span> <span class='ocrx_word' id='word_1_63' title='bbox 1061 1442 1224 1498; x_wconf 86' lang='lat' dir='ltr'><strong>homo</strong></span> <span class='ocrx_word' id='word_1_64' title='bbox 1237 1444 1444 1509; x_wconf 86' lang='lat' dir='ltr'><strong>vivens,</strong></span> <span class='ocrx_word' id='word_1_65' title='bbox 1475 1444 1557 1499; x_wconf 88' lang='lat' dir='ltr'><strong>vir</strong></span> <span class='ocrx_word' id='word_1_66' title='bbox 1572 1458 1670 1512; x_wconf 90' lang='lat' dir='ltr'><strong>pro</strong></span> <span class='ocrx_word' id='word_1_67' title='bbox 1701 1440 1938 1513; x_wconf 87' lang='lat' dir='ltr'><strong>peccatis</strong></span> <span class='ocrx_word' id='word_1_68' title='bbox 1952 1439 2104 1495; x_wconf 88' lang='lat' dir='ltr'><strong>suis?</strong></span> 
     </span>
    </p>
   </div>
   <div class='ocr_carea' id='block_1_16' title="bbox 513 1508 2108 1586">
    <p class='ocr_par' dir='ltr' id='par_1_16' title="bbox 513 1508 2108 1586">
     <span class='ocr_line' id='line_1_17' title="bbox 513 1508 2108 1586; baseline -0.001 -20"><span class='ocrx_word' id='word_1_69' title='bbox 513 1508 713 1585; x_wconf 70' lang='lat' dir='ltr'><strong>[Nam]</strong></span> <span class='ocrx_word' id='word_1_70' title='bbox 751 1511 1068 1568; x_wconf 89' lang='lat' dir='ltr'><strong>Serutemnr</strong></span> <span class='ocrx_word' id='word_1_71' title='bbox 1120 1516 1236 1568; x_wconf 84' lang='lat' dir='ltr'><strong>vias</strong></span> <span class='ocrx_word' id='word_1_72' title='bbox 1287 1508 1521 1582; x_wconf 89' lang='lat' dir='ltr'><strong>nostras,</strong></span> <span class='ocrx_word' id='word_1_73' title='bbox 1573 1508 1628 1571; x_wconf 83' lang='lat' dir='ltr'><strong>et</strong></span> <span class='ocrx_word' id='word_1_74' title='bbox 1679 1508 2012 1586; x_wconf 73' lang='lat' dir='ltr'><strong>qumramus,</strong></span> <span class='ocrx_word' id='word_1_75' title='bbox 2051 1522 2108 1566; x_wconf 89' lang='lat' dir='ltr'><strong>et</strong></span> 
     </span>
    </p>
   </div>
   <div class='ocr_carea' id='block_1_17' title="bbox 660 1585 1434 1641">
    <p class='ocr_par' dir='ltr' id='par_1_17' title="bbox 660 1585 1434 1641">
     <span class='ocr_line' id='line_1_18' title="bbox 660 1585 1434 1641; baseline 0.004 -3"><span class='ocrx_word' id='word_1_76' title='bbox 660 1594 997 1639; x_wconf 82' lang='lat' dir='ltr'><strong>revertamur</strong></span> <span class='ocrx_word' id='word_1_77' title='bbox 1024 1585 1092 1640; x_wconf 89' lang='lat' dir='ltr'><strong>ad</strong></span> <span class='ocrx_word' id='word_1_78' title='bbox 1125 1587 1434 1641; x_wconf 89' lang='lat' dir='ltr'><strong>Dominum.</strong></span> 
     </span>
    </p>
   </div>
   <div class='ocr_carea' id='block_1_18' title="bbox 511 1653 2105 1781">
    <p class='ocr_par' dir='ltr' id='par_1_18' title="bbox 511 1653 2105 1781">
     <span class='ocr_line' id='line_1_19' title="bbox 511 1653 2105 1781; baseline -0.001 -71"><span class='ocrx_word' id='word_1_79' title='bbox 511 1653 781 1739; x_wconf 62' lang='lat' dir='ltr'><strong>Leveinus</strong></span> <span class='ocrx_word' id='word_1_80' title='bbox 811 1654 976 1781; x_wconf 52' lang='lat' dir='ltr'><strong>curda</strong></span> <span class='ocrx_word' id='word_1_81' title='bbox 1027 1667 1209 1712; x_wconf 90' lang='lat' dir='ltr'><strong>nostra</strong></span> <span class='ocrx_word' id='word_1_82' title='bbox 1241 1673 1360 1712; x_wconf 90' lang='lat' dir='ltr'><strong>cum</strong></span> <span class='ocrx_word' id='word_1_83' title='bbox 1401 1655 1651 1713; x_wconf 89' lang='lat' dir='ltr'><strong>manibus</strong></span> <span class='ocrx_word' id='word_1_84' title='bbox 1695 1655 1764 1711; x_wconf 90' lang='lat' dir='ltr'><strong>ad</strong></span> <span class='ocrx_word' id='word_1_85' title='bbox 1816 1654 2105 1710; x_wconf 88' lang='lat' dir='ltr'><strong>Dominum</strong></span> 
     </span>
     <span class='ocr_line' id='line_1_20' title="bbox 655 1741 950 1781; baseline 0.003 -1"><span class='ocrx_word' id='word_1_86' title='bbox 655 1744 708 1781; x_wconf 85' lang='lat' dir='ltr'><strong>tn</strong></span> <span class='ocrx_word' id='word_1_87' title='bbox 761 1741 844 1781; x_wconf 76' lang='lat' dir='ltr'><strong>ere</strong></span> <span class='ocrx_word' id='word_1_88' title='bbox 869 1742 950 1781; x_wconf 87' lang='lat' dir='ltr'><strong>os.</strong></span> 
     </span>
    </p>
   </div>
   <div class='ocr_carea' id='block_1_19' title="bbox 655 1741 950 1782">
    <p class='ocr_par' dir='ltr' id='par_1_19' title="bbox 655 1741 950 1782">
     <span class='ocr_line' id='line_1_21' title="bbox 655 1741 950 1782; baseline 0 0"><span class='ocrx_word' id='word_1_89' title='bbox 655 1744 708 1782; x_wconf 88' lang='lat' dir='ltr'><strong>tn</strong></span> <span class='ocrx_word' id='word_1_90' title='bbox 761 1741 950 1782; x_wconf 77' lang='lat' dir='ltr'><strong>C(BIOS.</strong></span> 
     </span>
    </p>
   </div>
   <div class='ocr_carea' id='block_1_20' title="bbox 511 1796 2107 1869">
    <p class='ocr_par' dir='ltr' id='par_1_20' title="bbox 511 1796 2107 1869">
     <span class='ocr_line' id='line_1_22' title="bbox 511 1796 2107 1869; baseline -0.002 -14"><span class='ocrx_word' id='word_1_91' title='bbox 511 1796 622 1855; x_wconf 85' lang='lat' dir='ltr'><strong>Nos</strong></span> <span class='ocrx_word' id='word_1_92' title='bbox 666 1798 847 1868; x_wconf 92' lang='lat' dir='ltr'><strong>inique</strong></span> <span class='ocrx_word' id='word_1_93' title='bbox 891 1798 1123 1868; x_wconf 82' lang='lat' dir='ltr'><strong>egimus.</strong></span> <span class='ocrx_word' id='word_1_94' title='bbox 1174 1811 1230 1858; x_wconf 90' lang='lat' dir='ltr'><strong>et</strong></span> <span class='ocrx_word' id='word_1_95' title='bbox 1280 1801 1346 1856; x_wconf 92' lang='lat' dir='ltr'><strong>ad</strong></span> <span class='ocrx_word' id='word_1_96' title='bbox 1396 1799 1730 1855; x_wconf 80' lang='lat' dir='ltr'><strong>iracundiam</strong></span> <span class='ocrx_word' id='word_1_97' title='bbox 1789 1797 2107 1869; x_wconf 87' lang='lat' dir='ltr'><strong>provocavi-</strong></span> 
     </span>
    </p>
   </div>
   <div class='ocr_carea' id='block_1_21' title="bbox 656 1871 1672 1928">
    <p class='ocr_par' dir='ltr' id='par_1_21' title="bbox 656 1871 1672 1928">
     <span class='ocr_line' id='line_1_23' title="bbox 656 1871 1672 1928; baseline 0 -4"><span class='ocrx_word' id='word_1_98' title='bbox 656 1886 777 1924; x_wconf 91' lang='lat' dir='ltr'><strong>mns</strong></span> <span class='ocrx_word' id='word_1_99' title='bbox 810 1888 824 1924; x_wconf 93' lang='lat'>:</span> <span class='ocrx_word' id='word_1_100' title='bbox 859 1871 1063 1927; x_wconf 91' lang='lat' dir='ltr'><strong>idcirco</strong></span> <span class='ocrx_word' id='word_1_101' title='bbox 1095 1884 1152 1928; x_wconf 90' lang='lat' dir='ltr'><strong>tu</strong></span> <span class='ocrx_word' id='word_1_102' title='bbox 1192 1874 1552 1928; x_wconf 77' lang='lat' dir='ltr'><strong>inexorabilis</strong></span> <span class='ocrx_word' id='word_1_103' title='bbox 1592 1886 1672 1926; x_wconf 89' lang='lat' dir='ltr'><strong>es.</strong></span> 
     </span>
    </p>
   </div>
   <div class='ocr_carea' id='block_1_22' title="bbox 512 1939 2099 2016">
    <p class='ocr_par' dir='ltr' id='par_1_22' title="bbox 512 1939 2099 2016">
     <span class='ocr_line' id='line_1_24' title="bbox 512 1939 2099 2016; baseline -0.001 -20"><span class='ocrx_word' id='word_1_104' title='bbox 512 1939 1123 2016; x_wconf 18' lang='lat' dir='ltr'><strong>[SameclnjAOperuisti</strong></span> <span class='ocrx_word' id='word_1_105' title='bbox 1172 1946 1224 1998; x_wconf 92' lang='lat' dir='ltr'><strong>in</strong></span> <span class='ocrx_word' id='word_1_106' title='bbox 1257 1944 1459 2016; x_wconf 83' lang='lat' dir='ltr'><strong>furore,</strong></span> <span class='ocrx_word' id='word_1_107' title='bbox 1505 1955 1560 1998; x_wconf 89' lang='lat' dir='ltr'><strong>et</strong></span> <span class='ocrx_word' id='word_1_108' title='bbox 1595 1942 1912 2014; x_wconf 86' lang='lat' dir='ltr'><strong>percussisti</strong></span> <span class='ocrx_word' id='word_1_109' title='bbox 1957 1955 2099 1995; x_wconf 88' lang='lat' dir='ltr'><strong>nos:</strong></span> 
     </span>
    </p>
   </div>
   <div class='ocr_carea' id='block_1_23' title="bbox 657 2013 1403 2086">
    <p class='ocr_par' dir='ltr' id='par_1_23' title="bbox 657 2013 1403 2086">
     <span class='ocr_line' id='line_1_25' title="bbox 657 2013 1403 2086; baseline -0.001 -17"><span class='ocrx_word' id='word_1_110' title='bbox 657 2013 926 2086; x_wconf 89' lang='lat' dir='ltr'><strong>occidisti,</strong></span> <span class='ocrx_word' id='word_1_111' title='bbox 960 2030 1060 2071; x_wconf 90' lang='lat' dir='ltr'><strong>nec</strong></span> <span class='ocrx_word' id='word_1_112' title='bbox 1087 2015 1403 2086; x_wconf 87' lang='lat' dir='ltr'><strong>pepercisti.</strong></span> 
     </span>
    </p>
   </div>
   <div class='ocr_carea' id='block_1_24' title="bbox 511 2085 1814 2155">
    <p class='ocr_par' dir='ltr' id='par_1_24' title="bbox 511 2085 1814 2155">
     <span class='ocr_line' id='line_1_26' title="bbox 511 2085 1814 2155; baseline 0 -15"><span class='ocrx_word' id='word_1_113' title='bbox 511 2085 825 2155; x_wconf 84' lang='lat' dir='ltr'><strong>Opposuisti</strong></span> <span class='ocrx_word' id='word_1_114' title='bbox 863 2087 1059 2142; x_wconf 88' lang='lat' dir='ltr'><strong>nubem</strong></span> <span class='ocrx_word' id='word_1_115' title='bbox 1093 2085 1215 2153; x_wconf 82' lang='lat' dir='ltr'><strong>tibi,</strong></span> <span class='ocrx_word' id='word_1_116' title='bbox 1247 2103 1315 2142; x_wconf 86' lang='lat' dir='ltr'><strong>ne</strong></span> <span class='ocrx_word' id='word_1_117' title='bbox 1347 2097 1593 2143; x_wconf 82' lang='lat' dir='ltr'><strong>transeat</strong></span> <span class='ocrx_word' id='word_1_118' title='bbox 1619 2087 1814 2141; x_wconf 85' lang='lat' dir='ltr'><strong>oratio.</strong></span> 
     </span>
    </p>
   </div>
   <div class='ocr_carea' id='block_1_25' title="bbox 514 2155 2104 2230">
    <p class='ocr_par' dir='ltr' id='par_1_25' title="bbox 514 2155 2104 2230">
     <span class='ocr_line' id='line_1_27' title="bbox 514 2155 2104 2230; baseline -0.001 -18"><span class='ocrx_word' id='word_1_119' title='bbox 514 2157 974 2226; x_wconf 80' lang='lat' dir='ltr'><strong>Eradicationem,</strong></span> <span class='ocrx_word' id='word_1_120' title='bbox 1009 2167 1065 2213; x_wconf 90' lang='lat' dir='ltr'><strong>et</strong></span> <span class='ocrx_word' id='word_1_121' title='bbox 1088 2160 1449 2228; x_wconf 91' lang='lat' dir='ltr'><strong>abjectionem</strong></span> <span class='ocrx_word' id='word_1_122' title='bbox 1479 2161 1709 2230; x_wconf 81' lang='lat' dir='ltr'><strong>posuisti</strong></span> <span class='ocrx_word' id='word_1_123' title='bbox 1728 2175 1816 2213; x_wconf 90' lang='lat' dir='ltr'><strong>me</strong></span> <span class='ocrx_word' id='word_1_124' title='bbox 1845 2157 1898 2212; x_wconf 92' lang='lat' dir='ltr'><strong>in</strong></span> <span class='ocrx_word' id='word_1_125' title='bbox 1923 2155 2104 2212; x_wconf 90' lang='lat' dir='ltr'><strong>medio</strong></span> 
     </span>
    </p>
   </div>
   <div class='ocr_carea' id='block_1_26' title="bbox 657 2233 1000 2300">
    <p class='ocr_par' dir='ltr' id='par_1_26' title="bbox 657 2233 1000 2300">
     <span class='ocr_line' id='line_1_28' title="bbox 657 2233 1000 2300; baseline 0.003 -17"><span class='ocrx_word' id='word_1_126' title='bbox 657 2233 1000 2300; x_wconf 87' lang='lat' dir='ltr'><strong>populorum.</strong></span> 
     </span>
    </p>
   </div>
   <div class='ocr_carea' id='block_1_27' title="bbox 514 2299 2106 2383">
    <p class='ocr_par' dir='ltr' id='par_1_27' title="bbox 514 2299 2106 2383">
     <span class='ocr_line' id='line_1_29' title="bbox 514 2299 2106 2383; baseline 0.001 -28"><span class='ocrx_word' id='word_1_127' title='bbox 514 2299 1070 2383; x_wconf 55' lang='lat' dir='ltr'><strong>[PheQLAperueruut</strong></span> <span class='ocrx_word' id='word_1_128' title='bbox 1107 2317 1274 2374; x_wconf 85' lang='lat' dir='ltr'><strong>super</strong></span> <span class='ocrx_word' id='word_1_129' title='bbox 1315 2317 1415 2358; x_wconf 93' lang='lat' dir='ltr'><strong>nos</strong></span> <span class='ocrx_word' id='word_1_130' title='bbox 1459 2317 1522 2357; x_wconf 91' lang='lat' dir='ltr'><strong>os</strong></span> <span class='ocrx_word' id='word_1_131' title='bbox 1563 2317 1721 2359; x_wconf 91' lang='lat' dir='ltr'><strong>suum</strong></span> <span class='ocrx_word' id='word_1_132' title='bbox 1765 2316 1957 2359; x_wconf 90' lang='lat' dir='ltr'><strong>omnes</strong></span> <span class='ocrx_word' id='word_1_133' title='bbox 2003 2299 2106 2357; x_wconf 91' lang='lat' dir='ltr'><strong>ini-</strong></span> 
     </span>
    </p>
   </div>
   <div class='ocr_carea' id='block_1_28' title="bbox 511 2388 2107 2518">
    <p class='ocr_par' dir='ltr' id='par_1_28' title="bbox 511 2388 2107 2518">
     <span class='ocr_line' id='line_1_30' title="bbox 511 2388 2107 2518; baseline 0 -18"><span class='ocrx_word' id='word_1_134' title='bbox 511 2388 865 2518; x_wconf 45' lang='lat' dir='ltr'><strong>Forniiltighet</strong></span> <span class='ocrx_word' id='word_1_135' title='bbox 905 2445 1129 2518; x_wconf 87' lang='lat' dir='ltr'><strong>laqtteus</strong></span> <span class='ocrx_word' id='word_1_136' title='bbox 1162 2445 1301 2502; x_wconf 80' lang='lat' dir='ltr'><strong>facta</strong></span> <span class='ocrx_word' id='word_1_137' title='bbox 1341 2455 1426 2503; x_wconf 90' lang='lat' dir='ltr'><strong>est</strong></span> <span class='ocrx_word' id='word_1_138' title='bbox 1472 2446 1630 2504; x_wconf 90' lang='lat' dir='ltr'><strong>nobis</strong></span> <span class='ocrx_word' id='word_1_139' title='bbox 1660 2445 1999 2513; x_wconf 85' lang='lat' dir='ltr'><strong>vaticinatio,</strong></span> <span class='ocrx_word' id='word_1_140' title='bbox 2049 2453 2107 2500; x_wconf 87' lang='lat' dir='ltr'><strong>et</strong></span> 
     </span>
    </p>
   </div>
   <div class='ocr_carea' id='block_1_29' title="bbox 650 2516 927 2573">
    <p class='ocr_par' dir='ltr' id='par_1_29' title="bbox 650 2516 927 2573">
     <span class='ocr_line' id='line_1_31' title="bbox 650 2516 927 2573; baseline 0 0"><span class='ocrx_word' id='word_1_141' title='bbox 650 2516 927 2573; x_wconf 84' lang='lat' dir='ltr'><strong>contritio.</strong></span> 
     </span>
    </p>
   </div>
   <div class='ocr_carea' id='block_1_30' title="bbox 517 2589 2105 2716">
    <p class='ocr_par' dir='ltr' id='par_1_30' title="bbox 517 2589 2105 2716">
     <span class='ocr_line' id='line_1_32' title="bbox 517 2589 2105 2716; baseline -0.001 -71"><span class='ocrx_word' id='word_1_142' title='bbox 517 2589 823 2646; x_wconf 85' lang='lat' dir='ltr'><strong>Divisiones</strong></span> <span class='ocrx_word' id='word_1_143' title='bbox 869 2606 1130 2716; x_wconf 50' lang='lat' dir='ltr'><strong>aguarum</strong></span> <span class='ocrx_word' id='word_1_144' title='bbox 1163 2589 1388 2646; x_wconf 77' lang='lat' dir='ltr'><strong>deduxit</strong></span> <span class='ocrx_word' id='word_1_145' title='bbox 1418 2591 1608 2647; x_wconf 88' lang='lat' dir='ltr'><strong>oculus</strong></span> <span class='ocrx_word' id='word_1_146' title='bbox 1650 2604 1826 2655; x_wconf 85' lang='lat' dir='ltr'><strong>meus,</strong></span> <span class='ocrx_word' id='word_1_147' title='bbox 1870 2590 1923 2646; x_wconf 90' lang='lat' dir='ltr'><strong>in</strong></span> <span class='ocrx_word' id='word_1_148' title='bbox 1973 2606 2105 2646; x_wconf 89' lang='lat' dir='ltr'><strong>con-</strong></span> 
     </span>
     <span class='ocr_line' id='line_1_33' title="bbox 653 2660 1406 2716; baseline 0.003 -2"><span class='ocrx_word' id='word_1_149' title='bbox 653 2660 876 2716; x_wconf 91' lang='lat' dir='ltr'><strong>tritione</strong></span> <span class='ocrx_word' id='word_1_150' title='bbox 921 2665 1025 2716; x_wconf 77' lang='lat' dir='ltr'><strong>uiae</strong></span> <span class='ocrx_word' id='word_1_151' title='bbox 1060 2664 1243 2716; x_wconf 89' lang='lat' dir='ltr'><strong>nonuli</strong></span> <span class='ocrx_word' id='word_1_152' title='bbox 1276 2665 1406 2716; x_wconf 89' lang='lat' dir='ltr'><strong>mei.</strong></span> 
     </span>
    </p>
   </div>
   <div class='ocr_carea' id='block_1_31' title="bbox 653 2660 1406 2733">
    <p class='ocr_par' dir='ltr' id='par_1_31' title="bbox 653 2660 1406 2733">
     <span class='ocr_line' id='line_1_34' title="bbox 653 2660 1406 2733; baseline 0.005 -19"><span class='ocrx_word' id='word_1_153' title='bbox 653 2660 876 2716; x_wconf 91' lang='lat' dir='ltr'><strong>tritione</strong></span> <span class='ocrx_word' id='word_1_154' title='bbox 901 2660 1025 2718; x_wconf 72' lang='lat' dir='ltr'><strong>ﬁliae</strong></span> <span class='ocrx_word' id='word_1_155' title='bbox 1060 2664 1243 2733; x_wconf 81' lang='lat' dir='ltr'><strong>papuli</strong></span> <span class='ocrx_word' id='word_1_156' title='bbox 1276 2665 1406 2718; x_wconf 90' lang='lat' dir='ltr'><strong>mei.</strong></span> 
     </span>
    </p>
   </div>
   <div class='ocr_carea' id='block_1_32' title="bbox 510 2732 2102 2806">
    <p class='ocr_par' dir='ltr' id='par_1_32' title="bbox 510 2732 2102 2806">
     <span class='ocr_line' id='line_1_35' title="bbox 510 2732 2102 2806; baseline 0 -18"><span class='ocrx_word' id='word_1_157' title='bbox 510 2732 679 2806; x_wconf 80' lang='lat' dir='ltr'><strong>[Ain.]</strong></span> <span class='ocrx_word' id='word_1_158' title='bbox 707 2733 909 2789; x_wconf 85' lang='lat' dir='ltr'><strong>Oculus</strong></span> <span class='ocrx_word' id='word_1_159' title='bbox 936 2732 1089 2790; x_wconf 86' lang='lat' dir='ltr'><strong>meus</strong></span> <span class='ocrx_word' id='word_1_160' title='bbox 1119 2732 1357 2791; x_wconf 82' lang='lat' dir='ltr'><strong>amictus</strong></span> <span class='ocrx_word' id='word_1_161' title='bbox 1388 2745 1494 2801; x_wconf 91' lang='lat' dir='ltr'><strong>est,</strong></span> <span class='ocrx_word' id='word_1_162' title='bbox 1517 2750 1620 2792; x_wconf 89' lang='lat' dir='ltr'><strong>nec</strong></span> <span class='ocrx_word' id='word_1_163' title='bbox 1649 2735 1839 2799; x_wconf 87' lang='lat' dir='ltr'><strong>tacuit,</strong></span> <span class='ocrx_word' id='word_1_164' title='bbox 1865 2749 1931 2789; x_wconf 92' lang='lat' dir='ltr'><strong>eo</strong></span> <span class='ocrx_word' id='word_1_165' title='bbox 1954 2733 2102 2805; x_wconf 92' lang='lat' dir='ltr'><strong>quod</strong></span> 
     </span>
    </p>
   </div>
   <div class='ocr_carea' id='block_1_33' title="bbox 659 2807 1210 2876">
    <p class='ocr_par' dir='ltr' id='par_1_33' title="bbox 659 2807 1210 2876">
     <span class='ocr_line' id='line_1_36' title="bbox 659 2807 1210 2876; baseline 0.004 -16"><span class='ocrx_word' id='word_1_166' title='bbox 659 2819 766 2860; x_wconf 91' lang='lat' dir='ltr'><strong>non</strong></span> <span class='ocrx_word' id='word_1_167' title='bbox 798 2816 946 2861; x_wconf 91' lang='lat' dir='ltr'><strong>esset</strong></span> <span class='ocrx_word' id='word_1_168' title='bbox 971 2807 1210 2876; x_wconf 81' lang='lat' dir='ltr'><strong>requies.</strong></span> 
     </span>
    </p>
   </div>
   <div class='ocr_carea' id='block_1_34' title="bbox 510 2876 1918 2945">
    <p class='ocr_par' dir='ltr' id='par_1_34' title="bbox 510 2876 1918 2945">
     <span class='ocr_line' id='line_1_37' title="bbox 510 2876 1918 2945; baseline 0 -15"><span class='ocrx_word' id='word_1_169' title='bbox 510 2876 694 2933; x_wconf 86' lang='lat' dir='ltr'><strong>Donec</strong></span> <span class='ocrx_word' id='word_1_170' title='bbox 715 2876 1016 2945; x_wconf 81' lang='lat' dir='ltr'><strong>reSpiceret</strong></span> <span class='ocrx_word' id='word_1_171' title='bbox 1045 2890 1099 2934; x_wconf 92' lang='lat' dir='ltr'><strong>et</strong></span> <span class='ocrx_word' id='word_1_172' title='bbox 1127 2881 1339 2934; x_wconf 83' lang='lat' dir='ltr'><strong>videret</strong></span> <span class='ocrx_word' id='word_1_173' title='bbox 1361 2877 1626 2934; x_wconf 90' lang='lat' dir='ltr'><strong>Dominus</strong></span> <span class='ocrx_word' id='word_1_174' title='bbox 1652 2877 1722 2932; x_wconf 91' lang='lat' dir='ltr'><strong>dc</strong></span> <span class='ocrx_word' id='word_1_175' title='bbox 1743 2877 1918 2933; x_wconf 79' lang='lat' dir='ltr'><strong>caelis.</strong></span> 
     </span>
    </p>
   </div>
   <div class='ocr_carea' id='block_1_35' title="bbox 507 2950 2104 3021">
    <p class='ocr_par' dir='ltr' id='par_1_35' title="bbox 507 2950 2104 3021">
     <span class='ocr_line' id='line_1_38' title="bbox 507 2950 2104 3021; baseline -0.003 -14"><span class='ocrx_word' id='word_1_176' title='bbox 507 2950 711 3007; x_wconf 88' lang='lat' dir='ltr'><strong>Oculus</strong></span> <span class='ocrx_word' id='word_1_177' title='bbox 741 2964 893 3021; x_wconf 82' lang='lat' dir='ltr'><strong>meus</strong></span> <span class='ocrx_word' id='word_1_178' title='bbox 935 2951 1287 3021; x_wconf 66' lang='lat' dir='ltr'><strong>deprazdatus</strong></span> <span class='ocrx_word' id='word_1_179' title='bbox 1313 2961 1398 3005; x_wconf 89' lang='lat' dir='ltr'><strong>est</strong></span> <span class='ocrx_word' id='word_1_180' title='bbox 1425 2951 1662 3006; x_wconf 89' lang='lat' dir='ltr'><strong>animam</strong></span> <span class='ocrx_word' id='word_1_181' title='bbox 1694 2965 1868 3004; x_wconf 88' lang='lat' dir='ltr'><strong>meam</strong></span> <span class='ocrx_word' id='word_1_182' title='bbox 1893 2950 1946 3004; x_wconf 93' lang='lat' dir='ltr'><strong>in</strong></span> <span class='ocrx_word' id='word_1_183' title='bbox 1969 2963 2104 3004; x_wconf 92' lang='lat' dir='ltr'><strong>cun-</strong></span> 
     </span>
    </p>
   </div>
   <div class='ocr_carea' id='block_1_36' title="bbox 648 3019 1356 3078">
    <p class='ocr_par' dir='ltr' id='par_1_36' title="bbox 648 3019 1356 3078">
     <span class='ocr_line' id='line_1_39' title="bbox 648 3019 1356 3078; baseline 0 -1"><span class='ocrx_word' id='word_1_184' title='bbox 648 3021 750 3077; x_wconf 91' lang='lat' dir='ltr'><strong>ctis</strong></span> <span class='ocrx_word' id='word_1_185' title='bbox 781 3019 1169 3078; x_wconf 79' lang='lat' dir='ltr'><strong>ﬁliabusurbis</strong></span> <span class='ocrx_word' id='word_1_186' title='bbox 1200 3038 1356 3077; x_wconf 71' lang='lat' dir='ltr'><strong>meae.</strong></span> 
     </span>
    </p>
   </div>
   <div class='ocr_carea' id='block_1_37' title="bbox 510 3091 2103 3176">
    <p class='ocr_par' dir='ltr' id='par_1_37' title="bbox 510 3091 2103 3176">
     <span class='ocr_line' id='line_1_40' title="bbox 510 3091 2103 3176; baseline -0.004 -24"><span class='ocrx_word' id='word_1_187' title='bbox 510 3092 722 3170; x_wconf 80' lang='lat' dir='ltr'><strong>[_Sade.J</strong></span> <span class='ocrx_word' id='word_1_188' title='bbox 750 3093 1049 3176; x_wconf 73' lang='lat' dir='ltr'><strong>Venatione</strong></span> <span class='ocrx_word' id='word_1_189' title='bbox 1091 3103 1360 3165; x_wconf 88' lang='lat' dir='ltr'><strong>ceperunt</strong></span> <span class='ocrx_word' id='word_1_190' title='bbox 1388 3111 1474 3152; x_wconf 88' lang='lat' dir='ltr'><strong>me</strong></span> <span class='ocrx_word' id='word_1_191' title='bbox 1513 3095 1669 3167; x_wconf 88' lang='lat' dir='ltr'><strong>quasi</strong></span> <span class='ocrx_word' id='word_1_192' title='bbox 1700 3108 1856 3150; x_wconf 84' lang='lat' dir='ltr'><strong>avem</strong></span> <span class='ocrx_word' id='word_1_193' title='bbox 1898 3091 2103 3148; x_wconf 90' lang='lat' dir='ltr'><strong>inimici</strong></span> 
     </span>
    </p>
   </div>
   <div class='ocr_carea' id='block_1_38' title="bbox 657 3177 984 3235">
    <p class='ocr_par' dir='ltr' id='par_1_38' title="bbox 657 3177 984 3235">
     <span class='ocr_line' id='line_1_41' title="bbox 657 3177 984 3235; baseline -0.009 -11"><span class='ocrx_word' id='word_1_194' title='bbox 657 3181 764 3223; x_wconf 87' lang='lat' dir='ltr'><strong>met</strong></span> <span class='ocrx_word' id='word_1_195' title='bbox 796 3177 984 3235; x_wconf 82' lang='lat' dir='ltr'><strong>gratis.</strong></span> 
     </span>
    </p>
   </div>
   <div class='ocr_carea' id='block_1_39' title="bbox 508 3236 2173 3314">
    <p class='ocr_par' dir='ltr' id='par_1_39' title="bbox 508 3236 2173 3314">
     <span class='ocr_line' id='line_1_42' title="bbox 508 3236 2173 3314; baseline -0.003 -18"><span class='ocrx_word' id='word_1_196' title='bbox 508 3238 682 3312; x_wconf 83' lang='lat' dir='ltr'><strong>Lapsa</strong></span> <span class='ocrx_word' id='word_1_197' title='bbox 711 3245 796 3294; x_wconf 90' lang='lat' dir='ltr'><strong>est</strong></span> <span class='ocrx_word' id='word_1_198' title='bbox 821 3238 877 3293; x_wconf 91' lang='lat' dir='ltr'><strong>in</strong></span> <span class='ocrx_word' id='word_1_199' title='bbox 917 3239 1092 3294; x_wconf 88' lang='lat' dir='ltr'><strong>lacum</strong></span> <span class='ocrx_word' id='word_1_200' title='bbox 1133 3238 1241 3294; x_wconf 84' lang='lat' dir='ltr'><strong>vita</strong></span> <span class='ocrx_word' id='word_1_201' title='bbox 1271 3253 1410 3308; x_wconf 88' lang='lat' dir='ltr'><strong>mea,</strong></span> <span class='ocrx_word' id='word_1_202' title='bbox 1456 3249 1511 3297; x_wconf 90' lang='lat' dir='ltr'><strong>et</strong></span> <span class='ocrx_word' id='word_1_203' title='bbox 1539 3245 1840 3311; x_wconf 89' lang='lat' dir='ltr'><strong>posuerunt</strong></span> <span class='ocrx_word' id='word_1_204' title='bbox 1868 3236 2100 3306; x_wconf 89' lang='lat' dir='ltr'><strong>lapidem</strong></span> <span class='ocrx_word' id='word_1_205' title='bbox 2129 3250 2173 3314; x_wconf 73' lang='grc' dir='ltr'><strong>ρ</strong></span> 
     </span>
    </p>
   </div>
   <div class='ocr_carea' id='block_1_40' title="bbox 652 3324 953 3367">
    <p class='ocr_par' dir='ltr' id='par_1_40' title="bbox 652 3324 953 3367">
     <span class='ocr_line' id='line_1_43' title="bbox 652 3324 953 3367; baseline -0.007 0"><span class='ocrx_word' id='word_1_206' title='bbox 652 3324 816 3367; x_wconf 81' lang='lat' dir='ltr'><strong>super</strong></span> <span class='ocrx_word' id='word_1_207' title='bbox 846 3325 953 3367; x_wconf 90' lang='lat' dir='ltr'><strong>me.</strong></span> 
     </span>
    </p>
   </div>
   <div class='ocr_carea' id='block_1_41' title="bbox 506 3327 1879 3512">
    <p class='ocr_par' dir='ltr' id='par_1_41' title="bbox 506 3327 1879 3512">
     <span class='ocr_line' id='line_1_44' title="bbox 506 3327 1879 3512; baseline -0.005 -69"><span class='ocrx_word' id='word_1_208' title='bbox 506 3327 1120 3512; x_wconf 35' lang='lat' dir='ltr'><strong>lnunigseetfu&#39;tiieoaqum</strong></span> <span class='ocrx_word' id='word_1_209' title='bbox 1195 3399 1363 3455; x_wconf 88' lang='lat' dir='ltr'><strong>super</strong></span> <span class='ocrx_word' id='word_1_210' title='bbox 1417 3393 1580 3456; x_wconf 89' lang='lat' dir='ltr'><strong>caput</strong></span> <span class='ocrx_word' id='word_1_211' title='bbox 1645 3397 1822 3438; x_wconf 89' lang='lat' dir='ltr'><strong>memn</strong></span> <span class='ocrx_word' id='word_1_212' title='bbox 1865 3399 1879 3436; x_wconf 90' lang='lat'><strong>:</strong></span> 
     </span>
     <span class='ocr_line' id='line_1_45' title="bbox 695 3473 818 3512; baseline -0.016 0"><span class='ocrx_word' id='word_1_213' title='bbox 695 3473 818 3512; x_wconf 75' lang='lat' dir='ltr'><strong>erit.</strong></span> 
     </span>
    </p>
   </div>
   <div class='ocr_carea' id='block_1_42' title="bbox 695 3473 818 3513">
    <p class='ocr_par' dir='ltr' id='par_1_42' title="bbox 695 3473 818 3513">
     <span class='ocr_line' id='line_1_46' title="bbox 695 3473 818 3513; baseline -0.024 0"><span class='ocrx_word' id='word_1_214' title='bbox 695 3473 818 3513; x_wconf 78' lang='grc' dir='ltr'><strong>ΘΙΊΙ.</strong></span> 
     </span>
    </p>
   </div>
   <div class='ocr_carea' id='block_1_43' title="bbox 512 3525 2104 3615">
    <p class='ocr_par' dir='ltr' id='par_1_43' title="bbox 512 3525 2104 3615">
     <span class='ocr_line' id='line_1_47' title="bbox 512 3525 2104 3615; baseline -0.006 -29"><span class='ocrx_word' id='word_1_215' title='bbox 512 3528 722 3615; x_wconf 59' lang='lat' dir='ltr'><strong>[Copln&#39;]</strong></span> <span class='ocrx_word' id='word_1_216' title='bbox 747 3529 997 3615; x_wconf 67' lang='lat' dir='ltr'><strong>invocavi</strong></span> <span class='ocrx_word' id='word_1_217' title='bbox 1033 3544 1234 3586; x_wconf 90' lang='lat' dir='ltr'><strong>nomen</strong></span> <span class='ocrx_word' id='word_1_218' title='bbox 1268 3537 1444 3594; x_wconf 90' lang='lat' dir='ltr'><strong>tuum,</strong></span> <span class='ocrx_word' id='word_1_219' title='bbox 1471 3526 1720 3593; x_wconf 88' lang='lat' dir='ltr'><strong>Domine,</strong></span> <span class='ocrx_word' id='word_1_220' title='bbox 1751 3525 1821 3582; x_wconf 89' lang='lat' dir='ltr'><strong>de</strong></span> <span class='ocrx_word' id='word_1_221' title='bbox 1855 3525 1979 3580; x_wconf 91' lang='lat' dir='ltr'><strong>lacu</strong></span> <span class='ocrx_word' id='word_1_222' title='bbox 2009 3539 2104 3579; x_wconf 77' lang='lat' dir='ltr'><strong>no-</strong></span> 
     </span>
    </p>
   </div>
   <div class='ocr_carea' id='block_1_44' title="bbox 650 3618 890 3658">
    <p class='ocr_par' dir='ltr' id='par_1_44' title="bbox 650 3618 890 3658">
     <span class='ocr_line' id='line_1_48' title="bbox 650 3618 890 3658; baseline -0.008 0"><span class='ocrx_word' id='word_1_223' title='bbox 650 3618 890 3658; x_wconf 79' lang='lat' dir='ltr'><strong>VISSImO.</strong></span> 
     </span>
    </p>
   </div>
   <div class='ocr_carea' id='block_1_45' title="bbox 511 3671 2108 3732">
    <p class='ocr_par' dir='ltr' id='par_1_45' title="bbox 511 3671 2108 3732">
     <span class='ocr_line' id='line_1_49' title="bbox 511 3671 2108 3732; baseline -0.008 0"><span class='ocrx_word' id='word_1_224' title='bbox 511 3674 713 3732; x_wconf 90' lang='lat' dir='ltr'><strong>Vocem</strong></span> <span class='ocrx_word' id='word_1_225' title='bbox 756 3689 934 3731; x_wconf 87' lang='lat' dir='ltr'><strong>meam</strong></span> <span class='ocrx_word' id='word_1_226' title='bbox 983 3671 1228 3732; x_wconf 89' lang='lat' dir='ltr'><strong>audisti:</strong></span> <span class='ocrx_word' id='word_1_227' title='bbox 1275 3687 1342 3729; x_wconf 86' lang='lat' dir='ltr'><strong>ne</strong></span> <span class='ocrx_word' id='word_1_228' title='bbox 1384 3678 1603 3727; x_wconf 87' lang='lat' dir='ltr'><strong>avertas</strong></span> <span class='ocrx_word' id='word_1_229' title='bbox 1649 3684 1840 3725; x_wconf 88' lang='lat' dir='ltr'><strong>aurem</strong></span> <span class='ocrx_word' id='word_1_230' title='bbox 1895 3679 2043 3724; x_wconf 92' lang='lat' dir='ltr'><strong>tuam</strong></span> <span class='ocrx_word' id='word_1_231' title='bbox 2075 3682 2108 3720; x_wconf 90' lang='lat' dir='ltr'><strong>a</strong></span> 
     </span>
    </p>
   </div>
   <div class='ocr_carea' id='block_1_46' title="bbox 651 3745 2061 3824">
    <p class='ocr_par' dir='ltr' id='par_1_46' title="bbox 651 3745 2061 3824">
     <span class='ocr_line' id='line_1_50' title="bbox 651 3745 2061 3824; baseline 0.004 -22"><span class='ocrx_word' id='word_1_232' title='bbox 651 3749 889 3819; x_wconf 74' lang='lat' dir='ltr'><strong>singultu</strong></span> <span class='ocrx_word' id='word_1_233' title='bbox 921 3761 1068 3824; x_wconf 69' lang='lat' dir='ltr'><strong>meo,</strong></span> <span class='ocrx_word' id='word_1_234' title='bbox 1093 3756 1150 3824; x_wconf 79' lang='lat' dir='ltr'><strong>et</strong></span> <span class='ocrx_word' id='word_1_235' title='bbox 1171 3745 1529 3824; x_wconf 68' lang='lat' dir='ltr'><strong>clamoribus.</strong></span> <span class='ocrx_word' id='word_1_236' title='bbox 1711 3811 1723 3824; x_wconf 45' lang='lat'><em>.</em></span> <span class='ocrx_word' id='word_1_237' title='bbox 1762 3823 1768 3824; x_wconf 13' lang='grc' dir='ltr'>ί</span> <span class='ocrx_word' id='word_1_238' title='bbox 1899 3811 1932 3824; x_wconf 54' lang='grc' dir='ltr'>η</span> <span class='ocrx_word' id='word_1_239' title='bbox 1977 3810 1988 3822; x_wconf 69' lang='grc'><em>,</em></span> <span class='ocrx_word' id='word_1_240' title='bbox 2030 3811 2061 3824; x_wconf 52' lang='lat'><strong>_,</strong></span> 
     </span>
    </p>
   </div>
   <div class='ocr_carea' id='block_1_47' title="bbox 509 3811 2103 3892">
    <p class='ocr_par' dir='ltr' id='par_1_47' title="bbox 509 3811 2103 3892">
     <span class='ocr_line' id='line_1_51' title="bbox 509 3811 2103 3892; baseline -0.007 -16"><span class='ocrx_word' id='word_1_241' title='bbox 509 3811 980 3892; x_wconf 72' lang='lat' dir='ltr'><strong>Appropinquasti</strong></span> <span class='ocrx_word' id='word_1_242' title='bbox 1004 3818 1058 3873; x_wconf 92' lang='lat' dir='ltr'><strong>in</strong></span> <span class='ocrx_word' id='word_1_243' title='bbox 1095 3818 1205 3885; x_wconf 90' lang='lat' dir='ltr'><strong>die,</strong></span> <span class='ocrx_word' id='word_1_244' title='bbox 1234 3815 1454 3889; x_wconf 88' lang='lat' dir='ltr'><strong>quando</strong></span> <span class='ocrx_word' id='word_1_245' title='bbox 1477 3811 1726 3872; x_wconf 83' lang='lat' dir='ltr'><strong>invocavi</strong></span> <span class='ocrx_word' id='word_1_246' title='bbox 1757 3823 1844 3870; x_wconf 89' lang='lat' dir='ltr'><strong>te:</strong></span> <span class='ocrx_word' id='word_1_247' title='bbox 1880 3811 2103 3867; x_wconf 78' lang='lat' dir='ltr'><strong>dixisti:</strong></span> 
     </span>
    </p>
   </div>
   <div class='ocr_carea' id='block_1_48' title="bbox 654 3891 979 3948">
    <p class='ocr_par' dir='ltr' id='par_1_48' title="bbox 654 3891 979 3948">
     <span class='ocr_line' id='line_1_52' title="bbox 654 3891 979 3948; baseline -0.012 0"><span class='ocrx_word' id='word_1_248' title='bbox 654 3909 724 3948; x_wconf 89' lang='lat' dir='ltr'><strong>ne</strong></span> <span class='ocrx_word' id='word_1_249' title='bbox 759 3891 979 3948; x_wconf 86' lang='lat' dir='ltr'><strong>timeas.</strong></span> 
     </span>
    </p>
   </div>
   <div class='ocr_carea' id='block_1_49' title="bbox 510 3957 2108 4037">
    <p class='ocr_par' dir='ltr' id='par_1_49' title="bbox 510 3957 2108 4037">
     <span class='ocr_line' id='line_1_53' title="bbox 510 3957 2108 4037; baseline -0.006 -17"><span class='ocrx_word' id='word_1_250' title='bbox 510 3963 686 4037; x_wconf 77' lang='lat' dir='ltr'><strong>[Res.|</strong></span> <span class='ocrx_word' id='word_1_251' title='bbox 727 3963 1020 4037; x_wconf 85' lang='lat' dir='ltr'><strong>Judicasti,</strong></span> <span class='ocrx_word' id='word_1_252' title='bbox 1060 3961 1315 4027; x_wconf 89' lang='lat' dir='ltr'><strong>Domine,</strong></span> <span class='ocrx_word' id='word_1_253' title='bbox 1348 3973 1569 4016; x_wconf 87' lang='lat' dir='ltr'><strong>causam</strong></span> <span class='ocrx_word' id='word_1_254' title='bbox 1601 3957 1796 4014; x_wconf 66' lang='lat' dir='ltr'><strong>animae</strong></span> <span class='ocrx_word' id='word_1_255' title='bbox 1825 3971 1981 4023; x_wconf 73' lang='lat' dir='ltr'><strong>mem,</strong></span> <span class='ocrx_word' id='word_1_256' title='bbox 2018 3971 2108 4012; x_wconf 88' lang='lat' dir='ltr'><strong>re-</strong></span> 
     </span>
    </p>
   </div>
   <div class='ocr_carea' id='block_1_50' title="bbox 655 4036 1243 4106">
    <p class='ocr_par' dir='ltr' id='par_1_50' title="bbox 655 4036 1243 4106">
     <span class='ocr_line' id='line_1_54' title="bbox 655 4036 1243 4106; baseline -0.007 -15"><span class='ocrx_word' id='word_1_257' title='bbox 655 4039 904 4106; x_wconf 90' lang='lat' dir='ltr'><strong>demptor</strong></span> <span class='ocrx_word' id='word_1_258' title='bbox 935 4036 1058 4089; x_wconf 74' lang='lat' dir='ltr'><strong>vita:</strong></span> <span class='ocrx_word' id='word_1_259' title='bbox 1083 4049 1243 4088; x_wconf 81' lang='lat' dir='ltr'><strong>meae.</strong></span> 
     </span>
    </p>
   </div>
   <div class='ocr_carea' id='block_1_51' title="bbox 509 4101 2103 4176">
    <p class='ocr_par' dir='ltr' id='par_1_51' title="bbox 509 4101 2103 4176">
     <span class='ocr_line' id='line_1_55' title="bbox 509 4101 2103 4176; baseline -0.007 -12"><span class='ocrx_word' id='word_1_260' title='bbox 509 4107 725 4175; x_wconf 86' lang='lat' dir='ltr'><strong>Vidisti,</strong></span> <span class='ocrx_word' id='word_1_261' title='bbox 771 4101 1020 4171; x_wconf 86' lang='lat' dir='ltr'><strong>Domine,</strong></span> <span class='ocrx_word' id='word_1_262' title='bbox 1055 4106 1398 4176; x_wconf 88' lang='lat' dir='ltr'><strong>iniquitatem</strong></span> <span class='ocrx_word' id='word_1_263' title='bbox 1429 4117 1624 4159; x_wconf 90' lang='lat' dir='ltr'><strong>eorum</strong></span> <span class='ocrx_word' id='word_1_264' title='bbox 1657 4101 1944 4157; x_wconf 88' lang='lat' dir='ltr'><strong>adversum</strong></span> <span class='ocrx_word' id='word_1_265' title='bbox 1979 4115 2103 4155; x_wconf 85' lang='lat' dir='ltr'><strong>me:</strong></span> 
     </span>
    </p>
   </div>
   <div class='ocr_carea' id='block_1_52' title="bbox 655 4179 1834 4256">
    <p class='ocr_par' dir='ltr' id='par_1_52' title="bbox 655 4179 1834 4256">
     <span class='ocr_line' id='line_1_56' title="bbox 655 4179 1834 4256; baseline 0.007 -24"><span class='ocrx_word' id='word_1_266' title='bbox 655 4179 838 4250; x_wconf 87' lang='lat' dir='ltr'><strong>judica</strong></span> <span class='ocrx_word' id='word_1_267' title='bbox 864 4179 1130 4256; x_wconf 75' lang='lat' dir='ltr'><strong>judicium</strong></span> <span class='ocrx_word' id='word_1_268' title='bbox 1158 4192 1374 4256; x_wconf 86' lang='lat' dir='ltr'><strong>tnettm._</strong></span> <span class='ocrx_word' id='word_1_269' title='bbox 1720 4243 1754 4256; x_wconf 25' lang='grc' dir='ltr'><strong>,Α</strong></span> <span class='ocrx_word' id='word_1_270' title='bbox 1802 4244 1834 4256; x_wconf 84' lang='lat'><strong>__</strong></span> 
     </span>
    </p>
   </div>
   <div class='ocr_carea' id='block_1_53' title="bbox 511 4248 2108 4316">
    <p class='ocr_par' dir='ltr' id='par_1_53' title="bbox 511 4248 2108 4316">
     <span class='ocr_line' id='line_1_57' title="bbox 511 4248 2108 4316; baseline -0.008 -6"><span class='ocrx_word' id='word_1_271' title='bbox 511 4248 700 4310; x_wconf 83' lang='lat' dir='ltr'><strong>Vidisti</strong></span> <span class='ocrx_word' id='word_1_272' title='bbox 732 4248 948 4307; x_wconf 83' lang='lat' dir='ltr'><strong>omnem</strong></span> <span class='ocrx_word' id='word_1_273' title='bbox 991 4249 1250 4316; x_wconf 80' lang='lat' dir='ltr'><strong>furorem,</strong></span> <span class='ocrx_word' id='word_1_274' title='bbox 1286 4248 1569 4304; x_wconf 89' lang='lat' dir='ltr'><strong>universas</strong></span> <span class='ocrx_word' id='word_1_275' title='bbox 1613 4248 1974 4316; x_wconf 77' lang='lat' dir='ltr'><strong>cogitationes</strong></span> <span class='ocrx_word' id='word_1_276' title='bbox 2011 4257 2108 4298; x_wconf 79' lang='lat' dir='ltr'><strong>eo-</strong></span> 
     </span>
    </p>
   </div>
   <div class='ocr_carea' id='block_1_54' title="bbox 652 4323 1246 4380">
    <p class='ocr_par' dir='ltr' id='par_1_54' title="bbox 652 4323 1246 4380">
     <span class='ocr_line' id='line_1_58' title="bbox 652 4323 1246 4380; baseline -0.008 -1"><span class='ocrx_word' id='word_1_277' title='bbox 652 4341 772 4380; x_wconf 90' lang='lat' dir='ltr'><strong>rum</strong></span> <span class='ocrx_word' id='word_1_278' title='bbox 803 4323 1096 4379; x_wconf 90' lang='lat' dir='ltr'><strong>adversum</strong></span> <span class='ocrx_word' id='word_1_279' title='bbox 1137 4336 1246 4375; x_wconf 92' lang='lat' dir='ltr'><strong>me.</strong></span> 
     </span>
    </p>
   </div>
   <div class='ocr_carea' id='block_1_55' title="bbox 513 4388 2105 4470">
    <p class='ocr_par' dir='ltr' id='par_1_55' title="bbox 513 4388 2105 4470">
     <span class='ocr_line' id='line_1_59' title="bbox 513 4388 2105 4470; baseline -0.008 -17"><span class='ocrx_word' id='word_1_280' title='bbox 513 4397 678 4470; x_wconf 83' lang='lat' dir='ltr'><strong>|Sin.|</strong></span> <span class='ocrx_word' id='word_1_281' title='bbox 709 4397 923 4452; x_wconf 81' lang='lat' dir='ltr'><strong>Audisti</strong></span> <span class='ocrx_word' id='word_1_282' title='bbox 959 4393 1569 4470; x_wconf 89' lang='lat' dir='ltr'><strong>opprobrium_eorum,</strong></span> <span class='ocrx_word' id='word_1_283' title='bbox 1617 4388 1866 4453; x_wconf 81' lang='lat' dir='ltr'><strong>Domine,</strong></span> <span class='ocrx_word' id='word_1_284' title='bbox 1914 4401 2105 4442; x_wconf 87' lang='lat' dir='ltr'><strong>omnes</strong></span> 
     </span>
    </p>
   </div>
   <div class='ocr_carea' id='block_1_56' title="bbox 654 4465 1705 4540">
    <p class='ocr_par' dir='ltr' id='par_1_56' title="bbox 654 4465 1705 4540">
     <span class='ocr_line' id='line_1_60' title="bbox 654 4465 1705 4540; baseline -0.01 -16"><span class='ocrx_word' id='word_1_285' title='bbox 654 4465 1023 4540; x_wconf 82' lang='lat' dir='ltr'><strong>cogitationes</strong></span> <span class='ocrx_word' id='word_1_286' title='bbox 1047 4481 1236 4521; x_wconf 90' lang='lat' dir='ltr'><strong>eorum</strong></span> <span class='ocrx_word' id='word_1_287' title='bbox 1254 4465 1566 4540; x_wconf 73' lang='lat' dir='ltr'><strong>adversum</strong></span> <span class='ocrx_word' id='word_1_288' title='bbox 1594 4478 1705 4540; x_wconf 72' lang='lat' dir='ltr'><strong>me.</strong></span> 
     </span>
    </p>
   </div>
   <div class='ocr_carea' id='block_1_57' title="bbox 512 4532 2101 4609">
    <p class='ocr_par' dir='ltr' id='par_1_57' title="bbox 512 4532 2101 4609">
     <span class='ocr_line' id='line_1_61' title="bbox 512 4532 2101 4609; baseline -0.008 -14"><span class='ocrx_word' id='word_1_289' title='bbox 512 4539 675 4596; x_wconf 78' lang='lat' dir='ltr'><strong>Laliia</strong></span> <span class='ocrx_word' id='word_1_290' title='bbox 724 4532 1120 4609; x_wconf 63' lang='lat' dir='ltr'><strong>insurgentium</strong></span> <span class='ocrx_word' id='word_1_291' title='bbox 1175 4537 1331 4598; x_wconf 88' lang='lat' dir='ltr'><strong>mihi,</strong></span> <span class='ocrx_word' id='word_1_292' title='bbox 1375 4545 1430 4591; x_wconf 92' lang='lat' dir='ltr'><strong>et</strong></span> <span class='ocrx_word' id='word_1_293' title='bbox 1485 4532 1868 4590; x_wconf 79' lang='lat' dir='ltr'><strong>meditationes</strong></span> <span class='ocrx_word' id='word_1_294' title='bbox 1911 4545 2101 4585; x_wconf 87' lang='lat' dir='ltr'><strong>eorum</strong></span> 
     </span>
    </p>
   </div>
   <div class='ocr_carea' id='block_1_58' title="bbox 652 4610 1350 4667">
    <p class='ocr_par' dir='ltr' id='par_1_58' title="bbox 652 4610 1350 4667">
     <span class='ocr_line' id='line_1_62' title="bbox 652 4610 1350 4667; baseline -0.007 0"><span class='ocrx_word' id='word_1_295' title='bbox 652 4614 940 4667; x_wconf 69' lang='lat' dir='ltr'><strong>adversum</strong></span> <span class='ocrx_word' id='word_1_296' title='bbox 983 4626 1070 4665; x_wconf 91' lang='lat' dir='ltr'><strong>me</strong></span> <span class='ocrx_word' id='word_1_297' title='bbox 1099 4618 1212 4664; x_wconf 87' lang='lat' dir='ltr'><strong>tota</strong></span> <span class='ocrx_word' id='word_1_298' title='bbox 1243 4610 1350 4665; x_wconf 90' lang='lat' dir='ltr'><strong>die.</strong></span> 
     </span>
    </p>
   </div>
   <div class='ocr_carea' id='block_1_59' title="bbox 509 4673 2104 4747">
    <p class='ocr_par' dir='ltr' id='par_1_59' title="bbox 509 4673 2104 4747">
     <span class='ocr_line' id='line_1_63' title="bbox 509 4673 2104 4747; baseline -0.01 -5"><span class='ocrx_word' id='word_1_299' title='bbox 509 4685 820 4742; x_wconf 88' lang='lat' dir='ltr'><strong>Sessionem</strong></span> <span class='ocrx_word' id='word_1_300' title='bbox 863 4698 1076 4747; x_wconf 89' lang='lat' dir='ltr'><strong>eorum,</strong></span> <span class='ocrx_word' id='word_1_301' title='bbox 1124 4692 1180 4736; x_wconf 92' lang='lat' dir='ltr'><strong>et</strong></span> <span class='ocrx_word' id='word_1_302' title='bbox 1214 4679 1674 4735; x_wconf 87' lang='lat' dir='ltr'><strong>resurrectionem</strong></span> <span class='ocrx_word' id='word_1_303' title='bbox 1719 4691 1932 4744; x_wconf 87' lang='lat' dir='ltr'><strong>eorum,</strong></span> <span class='ocrx_word' id='word_1_304' title='bbox 1961 4673 2104 4736; x_wconf 77' lang='lat' dir='ltr'><strong>vide,</strong></span> 
     </span>
    </p>
   </div>
   <div class='ocr_carea' id='block_1_60' title="bbox 654 4754 1422 4824">
    <p class='ocr_par' dir='ltr' id='par_1_60' title="bbox 654 4754 1422 4824">
     <span class='ocr_line' id='line_1_64' title="bbox 654 4754 1422 4824; baseline -0.008 -12"><span class='ocrx_word' id='word_1_305' title='bbox 654 4771 754 4824; x_wconf 81' lang='lat' dir='ltr'><strong>ego</strong></span> <span class='ocrx_word' id='word_1_306' title='bbox 791 4770 908 4810; x_wconf 91' lang='lat' dir='ltr'><strong>sum</strong></span> <span class='ocrx_word' id='word_1_307' title='bbox 947 4754 1186 4824; x_wconf 83' lang='lat' dir='ltr'><strong>psalmus</strong></span> <span class='ocrx_word' id='word_1_308' title='bbox 1212 4768 1422 4824; x_wconf 88' lang='lat' dir='ltr'><strong>eorum.</strong></span> 
     </span>
    </p>
   </div>
   <div class='ocr_carea' id='block_1_61' title="bbox 513 4821 2106 4903">
    <p class='ocr_par' dir='ltr' id='par_1_61' title="bbox 513 4821 2106 4903">
     <span class='ocr_line' id='line_1_65' title="bbox 513 4821 2106 4903; baseline -0.007 -20"><span class='ocrx_word' id='word_1_309' title='bbox 513 4821 728 4903; x_wconf 51' lang='lat' dir='ltr'><strong>[Thaidi</strong></span> <span class='ocrx_word' id='word_1_310' title='bbox 759 4821 971 4882; x_wconf 78' lang='lat' dir='ltr'><strong>Reddes</strong></span> <span class='ocrx_word' id='word_1_311' title='bbox 993 4823 1077 4879; x_wconf 91' lang='lat' dir='ltr'><strong>eis</strong></span> <span class='ocrx_word' id='word_1_312' title='bbox 1107 4824 1306 4891; x_wconf 89' lang='lat' dir='ltr'><strong>vicem,</strong></span> <span class='ocrx_word' id='word_1_313' title='bbox 1334 4822 1584 4889; x_wconf 91' lang='lat' dir='ltr'><strong>Domine,</strong></span> <span class='ocrx_word' id='word_1_314' title='bbox 1610 4821 1763 4893; x_wconf 79' lang='lat' dir='ltr'><strong>juxta</strong></span> <span class='ocrx_word' id='word_1_315' title='bbox 1793 4834 1958 4890; x_wconf 85' lang='lat' dir='ltr'><strong>Opera</strong></span> <span class='ocrx_word' id='word_1_316' title='bbox 1993 4833 2106 4873; x_wconf 89' lang='lat' dir='ltr'><strong>ma-</strong></span> 
     </span>
    </p>
   </div>
   <div class='ocr_carea' id='block_1_62' title="bbox 657 4913 1098 4955">
    <p class='ocr_par' dir='ltr' id='par_1_62' title="bbox 657 4913 1098 4955">
     <span class='ocr_line' id='line_1_66' title="bbox 657 4913 1098 4955; baseline -0.011 0"><span class='ocrx_word' id='word_1_317' title='bbox 657 4915 822 4955; x_wconf 91' lang='lat' dir='ltr'><strong>nuum</strong></span> <span class='ocrx_word' id='word_1_318' title='bbox 854 4913 1073 4954; x_wconf 85' lang='lat' dir='ltr'><strong>suarum</strong></span> <span class='ocrx_word' id='word_1_319' title='bbox 1085 4937 1098 4950; x_wconf 90' lang='lat'><strong>.</strong></span> 
     </span>
    </p>
   </div>
   <div class='ocr_carea' id='block_1_63' title="bbox 514 4967 2037 5044">
    <p class='ocr_par' dir='ltr' id='par_1_63' title="bbox 514 4967 2037 5044">
     <span class='ocr_line' id='line_1_67' title="bbox 514 4967 2037 5044; baseline -0.005 -18"><span class='ocrx_word' id='word_1_320' title='bbox 514 4970 682 5029; x_wconf 89' lang='lat' dir='ltr'><strong>Dabis</strong></span> <span class='ocrx_word' id='word_1_321' title='bbox 701 4975 781 5028; x_wconf 92' lang='lat' dir='ltr'><strong>eis</strong></span> <span class='ocrx_word' id='word_1_322' title='bbox 805 4983 1015 5044; x_wconf 82' lang='lat' dir='ltr'><strong>scutum</strong></span> <span class='ocrx_word' id='word_1_323' title='bbox 1051 4968 1235 5025; x_wconf 89' lang='lat' dir='ltr'><strong>cordis</strong></span> <span class='ocrx_word' id='word_1_324' title='bbox 1261 4968 1286 4996; x_wconf 76' lang='lat'>“</span> <span class='ocrx_word' id='word_1_325' title='bbox 1329 4967 1576 5023; x_wconf 86' lang='lat' dir='ltr'><strong>laborem</strong></span> <span class='ocrx_word' id='word_1_326' title='bbox 1610 4975 1781 5020; x_wconf 88' lang='lat' dir='ltr'><strong>tuum.</strong></span> <span class='ocrx_word' id='word_1_327' title='bbox 1835 5036 1847 5044; x_wconf 80' lang='lat'>_</span> <span class='ocrx_word' id='word_1_328' title='bbox 2003 5033 2037 5044; x_wconf 49' lang='grc' dir='ltr'><strong><em>η</em></strong></span> 
     </span>
    </p>
   </div>
   <div class='ocr_carea' id='block_1_64' title="bbox 513 5033 2100 5114">
    <p class='ocr_par' dir='ltr' id='par_1_64' title="bbox 513 5033 2100 5114">
     <span class='ocr_line' id='line_1_68' title="bbox 513 5033 2100 5114; baseline -0.008 -14"><span class='ocrx_word' id='word_1_329' title='bbox 513 5047 862 5114; x_wconf 82' lang='lat' dir='ltr'><strong>l‘crscqneris</strong></span> <span class='ocrx_word' id='word_1_330' title='bbox 894 5047 944 5097; x_wconf 91' lang='lat' dir='ltr'><strong>in</strong></span> <span class='ocrx_word' id='word_1_331' title='bbox 979 5042 1181 5109; x_wconf 79' lang='lat' dir='ltr'><strong>l‘nrorc,</strong></span> <span class='ocrx_word' id='word_1_332' title='bbox 1212 5051 1268 5098; x_wconf 89' lang='lat' dir='ltr'><strong>et</strong></span> <span class='ocrx_word' id='word_1_333' title='bbox 1312 5049 1563 5095; x_wconf 86' lang='lat' dir='ltr'><strong>conteres</strong></span> <span class='ocrx_word' id='word_1_334' title='bbox 1617 5054 1710 5093; x_wconf 89' lang='lat' dir='ltr'><strong>eos</strong></span> <span class='ocrx_word' id='word_1_335' title='bbox 1763 5036 1865 5091; x_wconf 90' lang='lat' dir='ltr'><strong>sub</strong></span> <span class='ocrx_word' id='word_1_336' title='bbox 1911 5033 2100 5098; x_wconf 68' lang='lat' dir='ltr'><strong>caelis,</strong></span> 
     </span>
    </p>
   </div>
   <div class='ocr_carea' id='block_1_65' title="bbox 655 5114 902 5170">
    <p class='ocr_par' dir='ltr' id='par_1_65' title="bbox 655 5114 902 5170">
     <span class='ocr_line' id='line_1_69' title="bbox 655 5114 902 5170; baseline -0.008 0"><span class='ocrx_word' id='word_1_337' title='bbox 655 5114 902 5170; x_wconf 88' lang='lat' dir='ltr'><strong>Domine.</strong></span> 
     </span>
    </p>
   </div>
   <div class='ocr_carea' id='block_1_66' title="bbox 511 5183 2100 5262">
    <p class='ocr_par' dir='ltr' id='par_1_66' title="bbox 511 5183 2100 5262">
     <span class='ocr_line' id='line_1_70' title="bbox 511 5183 2100 5262; baseline -0.007 -21"><span class='ocrx_word' id='word_1_338' title='bbox 511 5188 666 5262; x_wconf 76' lang='lat' dir='ltr'><strong>[(Iap.</strong></span> <span class='ocrx_word' id='word_1_339' title='bbox 699 5187 782 5241; x_wconf 86' lang='lat' dir='ltr'><strong>IV.</strong></span> <span class='ocrx_word' id='word_1_340' title='bbox 814 5183 1024 5259; x_wconf 47' lang='lat' dir='ltr'><strong>Aleph.’|</strong></span> <span class='ocrx_word' id='word_1_341' title='bbox 1051 5183 1335 5262; x_wconf 83' lang='lat' dir='ltr'><strong>Quomodo</strong></span> <span class='ocrx_word' id='word_1_342' title='bbox 1365 5184 1716 5239; x_wconf 89' lang='lat' dir='ltr'><strong>obscuratum</strong></span> <span class='ocrx_word' id='word_1_343' title='bbox 1753 5189 1837 5235; x_wconf 90' lang='lat' dir='ltr'><strong>est</strong></span> <span class='ocrx_word' id='word_1_344' title='bbox 1877 5192 2100 5241; x_wconf 86' lang='lat' dir='ltr'><strong>aurum,</strong></span> 
     </span>
    </p>
   </div>
   <div class='ocr_carea' id='block_1_67' title="bbox 654 5257 1473 5327">
    <p class='ocr_par' dir='ltr' id='par_1_67' title="bbox 654 5257 1473 5327">
     <span class='ocr_line' id='line_1_71' title="bbox 654 5257 1473 5327; baseline -0.007 -11"><span class='ocrx_word' id='word_1_345' title='bbox 654 5269 892 5316; x_wconf 83' lang='lat' dir='ltr'><strong>mutatus</strong></span> <span class='ocrx_word' id='word_1_346' title='bbox 910 5257 1002 5313; x_wconf 59' lang='lat' dir='ltr'><strong>&#39;est</strong></span> <span class='ocrx_word' id='word_1_347' title='bbox 1033 5259 1186 5313; x_wconf 85' lang='lat' dir='ltr'><strong>color</strong></span> <span class='ocrx_word' id='word_1_348' title='bbox 1214 5257 1473 5327; x_wconf 89' lang='lat' dir='ltr'><strong>optimus,</strong></span> 
     </span>
    </p>
   </div>
   <div class='ocr_carea' id='block_1_68' title="bbox 580 5323 2100 5402">
    <p class='ocr_par' dir='ltr' id='par_1_68' title="bbox 580 5323 2100 5402">
     <span class='ocr_line' id='line_1_72' title="bbox 580 5323 2100 5402; baseline -0.007 -15"><span class='ocrx_word' id='word_1_349' title='bbox 580 5332 812 5402; x_wconf 86' lang='lat' dir='ltr'><strong>dispersi</strong></span> <span class='ocrx_word' id='word_1_350' title='bbox 851 5341 986 5402; x_wconf 81' lang='lat' dir='ltr'><strong>sunt</strong></span> <span class='ocrx_word' id='word_1_351' title='bbox 1003 5328 1211 5400; x_wconf 86' lang='lat' dir='ltr'><strong>lapides</strong></span> <span class='ocrx_word' id='word_1_352' title='bbox 1239 5323 1532 5384; x_wconf 77' lang='lat' dir='ltr'><strong>sanctuarii</strong></span> <span class='ocrx_word' id='word_1_353' title='bbox 1563 5325 1616 5382; x_wconf 92' lang='lat' dir='ltr'><strong>in</strong></span> <span class='ocrx_word' id='word_1_354' title='bbox 1655 5323 1833 5395; x_wconf 85' lang='lat' dir='ltr'><strong>capite</strong></span> <span class='ocrx_word' id='word_1_355' title='bbox 1863 5325 2100 5378; x_wconf 91' lang='lat' dir='ltr'><strong>omnium</strong></span> 
     </span>
    </p>
   </div>
   <div class='ocr_carea' id='block_1_69' title="bbox 655 5401 1859 5479">
    <p class='ocr_par' dir='ltr' id='par_1_69' title="bbox 655 5401 1859 5479">
     <span class='ocr_line' id='line_1_73' title="bbox 655 5401 1859 5479; baseline 0.004 -5"><span class='ocrx_word' id='word_1_356' title='bbox 655 5401 995 5479; x_wconf 57' lang='grc' dir='ltr'><strong>βιπεθφευεηῖ</strong></span> <span class='ocrx_word' id='word_1_357' title='bbox 1057 5473 1070 5479; x_wconf 90' lang='grc'><strong>-</strong></span> <span class='ocrx_word' id='word_1_358' title='bbox 1146 5473 1161 5479; x_wconf 89' lang='grc'><strong>-</strong></span> <span class='ocrx_word' id='word_1_359' title='bbox 1227 5471 1242 5479; x_wconf 90' lang='grc'><strong>-</strong></span> <span class='ocrx_word' id='word_1_360' title='bbox 1478 5471 1490 5479; x_wconf 91' lang='grc'><strong>.</strong></span> <span class='ocrx_word' id='word_1_361' title='bbox 1539 5471 1565 5479; x_wconf 65' lang='lat'><strong>,.</strong></span> <span class='ocrx_word' id='word_1_362' title='bbox 1847 5468 1859 5479; x_wconf 94' lang='lat'><strong>.</strong></span> 
     </span>
    </p>
   </div>
   <div class='ocr_carea' id='block_1_70' title="bbox 512 5471 1992 5552">
    <p class='ocr_par' dir='ltr' id='par_1_70' title="bbox 512 5471 1992 5552">
     <span class='ocr_line' id='line_1_74' title="bbox 512 5471 1992 5552; baseline -0.008 -20"><span class='ocrx_word' id='word_1_363' title='bbox 512 5471 712 5552; x_wconf 46' lang='lat' dir='ltr'><strong>[Bethll</strong></span> <span class='ocrx_word' id='word_1_364' title='bbox 742 5474 861 5552; x_wconf 77' lang='lat' dir='ltr'><strong>Filii</strong></span> <span class='ocrx_word' id='word_1_365' title='bbox 891 5474 1023 5530; x_wconf 87' lang='lat' dir='ltr'><strong>Sion</strong></span> <span class='ocrx_word' id='word_1_366' title='bbox 1057 5471 1267 5552; x_wconf 79' lang='lat' dir='ltr'><strong>inclyti,</strong></span> <span class='ocrx_word' id='word_1_367' title='bbox 1299 5481 1358 5552; x_wconf 80' lang='lat' dir='ltr'><strong>et</strong></span> <span class='ocrx_word' id='word_1_368' title='bbox 1385 5471 1567 5527; x_wconf 90' lang='lat' dir='ltr'><strong>amicti</strong></span> <span class='ocrx_word' id='word_1_369' title='bbox 1613 5482 1751 5552; x_wconf 86' lang='lat' dir='ltr'><strong>auro</strong></span> <span class='ocrx_word' id='word_1_370' title='bbox 1779 5471 1992 5540; x_wconf 87' lang='lat' dir='ltr'><strong>primo:</strong></span> 
     </span>
    </p>
   </div>
   <div class='ocr_carea' id='block_1_71' title="bbox 579 5543 1743 5622">
    <p class='ocr_par' dir='ltr' id='par_1_71' title="bbox 579 5543 1743 5622">
     <span class='ocr_line' id='line_1_75' title="bbox 579 5543 1743 5622; baseline -0.007 -16"><span class='ocrx_word' id='word_1_371' title='bbox 579 5543 851 5622; x_wconf 89' lang='lat' dir='ltr'><strong>quomodo</strong></span> <span class='ocrx_word' id='word_1_372' title='bbox 881 5543 1119 5616; x_wconf 88' lang='lat' dir='ltr'><strong>reputati</strong></span> <span class='ocrx_word' id='word_1_373' title='bbox 1149 5543 1276 5601; x_wconf 82' lang='lat' dir='ltr'><strong>sunt</strong></span> <span class='ocrx_word' id='word_1_374' title='bbox 1298 5547 1350 5601; x_wconf 93' lang='lat' dir='ltr'><strong>in</strong></span> <span class='ocrx_word' id='word_1_375' title='bbox 1385 5559 1511 5600; x_wconf 90' lang='lat' dir='ltr'><strong>vasa</strong></span> <span class='ocrx_word' id='word_1_376' title='bbox 1549 5551 1743 5610; x_wconf 89' lang='lat' dir='ltr'><strong>testea,</strong></span> 
     </span>
    </p>
   </div>
   <div class='ocr_carea' id='block_1_72' title="bbox 1925 3380 2102 3437">
    <p class='ocr_par' dir='ltr' id='par_1_72' title="bbox 1925 3380 2102 3437">
     <span class='ocr_line' id='line_1_76' title="bbox 1925 3380 2102 3437; baseline -0.006 -1"><span class='ocrx_word' id='word_1_377' title='bbox 1925 3380 2040 3437; x_wconf 76' lang='lat' dir='ltr'><strong>dixi</strong></span> <span class='ocrx_word' id='word_1_378' title='bbox 2087 3396 2102 3435; x_wconf 87' lang='lat'><strong>:</strong></span> 
     </span>
    </p>
   </div>
   <div class='ocr_carea' id='block_1_73' title="bbox 582 5694 2106 5801">
    <p class='ocr_par' dir='ltr' id='par_1_73' title="bbox 582 5694 2106 5801">
     <span class='ocr_line' id='line_1_77' title="bbox 582 5694 2106 5801; baseline -0.008 -27"><span class='ocrx_word' id='word_1_379' title='bbox 582 5725 606 5754; x_wconf 80' lang='grc'><strong><em>⁸</em></strong></span> <span class='ocrx_word' id='word_1_380' title='bbox 648 5714 909 5773; x_wconf 74' lang='lat' dir='ltr'><strong>Hebrmus</strong></span> <span class='ocrx_word' id='word_1_381' title='bbox 948 5711 1115 5769; x_wconf 89' lang='lat' dir='ltr'><strong>habet</strong></span> <span class='ocrx_word' id='word_1_382' title='bbox 1140 5694 1370 5801; x_wconf 55' lang='lat' dir='ltr'><strong>qn&#39;vun,</strong></span> <span class='ocrx_word' id='word_1_383' title='bbox 1399 5727 1520 5783; x_wconf 69' lang='lat' dir='ltr'><strong>quae</strong></span> <span class='ocrx_word' id='word_1_384' title='bbox 1547 5725 1648 5766; x_wconf 80' lang='lat' dir='ltr'><strong>vox</strong></span> <span class='ocrx_word' id='word_1_385' title='bbox 1687 5709 1907 5782; x_wconf 88' lang='lat' dir='ltr'><strong>proprie</strong></span> <span class='ocrx_word' id='word_1_386' title='bbox 1947 5716 2106 5763; x_wconf 89' lang='lat' dir='ltr'><strong>sonat</strong></span> 
     </span>
    </p>
   </div>
   <div class='ocr_carea' id='block_1_74' title="bbox 509 5802 2102 5876">
    <p class='ocr_par' dir='ltr' id='par_1_74' title="bbox 509 5802 2102 5876">
     <span class='ocr_line' id='line_1_78' title="bbox 509 5802 2102 5876; baseline -0.01 -4"><span class='ocrx_word' id='word_1_387' title='bbox 509 5812 910 5872; x_wconf 70' lang='lat' dir='ltr'><strong>exsecrationem</strong></span> <span class='ocrx_word' id='word_1_388' title='bbox 938 5816 1079 5863; x_wconf 80' lang='lat' dir='ltr'><strong>tuam</strong></span> <span class='ocrx_word' id='word_1_389' title='bbox 1113 5823 1131 5861; x_wconf 89' lang='lat'><strong><em>:</em></strong></span> <span class='ocrx_word' id='word_1_390' title='bbox 1162 5807 1378 5862; x_wconf 88' lang='lat' dir='ltr'><strong>videtur</strong></span> <span class='ocrx_word' id='word_1_391' title='bbox 1405 5821 1535 5862; x_wconf 90' lang='lat' dir='ltr'><strong>vero</strong></span> <span class='ocrx_word' id='word_1_392' title='bbox 1565 5805 1625 5861; x_wconf 85' lang='lat' dir='ltr'><strong>S.</strong></span> <span class='ocrx_word' id='word_1_393' title='bbox 1661 5805 2022 5876; x_wconf 76' lang='lat' dir='ltr'><strong>Hieronymus</strong></span> <span class='ocrx_word' id='word_1_394' title='bbox 2047 5802 2102 5857; x_wconf 89' lang='lat' dir='ltr'><strong>in</strong></span> 
     </span>
    </p>
   </div>
   <div class='ocr_carea' id='block_1_75' title="bbox 511 5883 2103 5986">
    <p class='ocr_par' dir='ltr' id='par_1_75' title="bbox 511 5883 2103 5986">
     <span class='ocr_line' id='line_1_79' title="bbox 511 5883 2103 5986; baseline -0.009 -17"><span class='ocrx_word' id='word_1_395' title='bbox 511 5922 614 5970; x_wconf 82' lang='lat' dir='ltr'><strong>suo</strong></span> <span class='ocrx_word' id='word_1_396' title='bbox 655 5901 953 5975; x_wconf 74' lang='lat' dir='ltr'><strong>exemplari</strong></span> <span class='ocrx_word' id='word_1_397' title='bbox 1003 5901 1198 5975; x_wconf 73' lang='lat' dir='ltr'><strong>legisse</strong></span> <span class='ocrx_word' id='word_1_398' title='bbox 1243 5883 1462 5986; x_wconf 50' lang='grc' dir='ltr'><strong>πηκὲη,</strong></span> <span class='ocrx_word' id='word_1_399' title='bbox 1510 5913 1632 5971; x_wconf 79' lang='lat' dir='ltr'><strong>quae</strong></span> <span class='ocrx_word' id='word_1_400' title='bbox 1668 5897 1825 5955; x_wconf 87' lang='lat' dir='ltr'><strong>unius</strong></span> <span class='ocrx_word' id='word_1_401' title='bbox 1847 5897 2103 5958; x_wconf 78' lang='lat' dir='ltr'><strong>litterulae</strong></span> 
     </span>
    </p>
   </div>
   <div class='ocr_carea' id='block_1_76' title="bbox 1477 315 2738 378">
    <p class='ocr_par' dir='ltr' id='par_1_76' title="bbox 1477 315 2738 378">
     <span class='ocr_line' id='line_1_80' title="bbox 1477 315 2738 378; baseline 0 -4"><span class='ocrx_word' id='word_1_402' title='bbox 1477 317 1534 374; x_wconf 88' lang='lat' dir='ltr'><strong>S.</strong></span> <span class='ocrx_word' id='word_1_403' title='bbox 1575 315 1958 372; x_wconf 75' lang='lat' dir='ltr'><strong>HIERONYMI</strong></span> <span class='ocrx_word' id='word_1_404' title='bbox 1999 315 2226 373; x_wconf 81' lang='lat' dir='ltr'><strong>DlVlNA</strong></span> <span class='ocrx_word' id='word_1_405' title='bbox 2267 316 2738 378; x_wconf 83' lang='lat' dir='ltr'><strong>BIBLIOTIIECA.</strong></span> 
     </span>
    </p>
   </div>
   <div class='ocr_carea' id='block_1_77' title="bbox 506 431 2179 507">
    <p class='ocr_par' dir='ltr' id='par_1_77' title="bbox 506 431 2179 507">
     <span class='ocr_line' id='line_1_81' title="bbox 506 431 2179 507; baseline -0.002 -14"><span class='ocrx_word' id='word_1_406' title='bbox 506 436 642 507; x_wconf 85' lang='lat' dir='ltr'><strong>Quia</strong></span> <span class='ocrx_word' id='word_1_407' title='bbox 669 435 712 492; x_wconf 85' lang='lat' dir='ltr'><strong>si</strong></span> <span class='ocrx_word' id='word_1_408' title='bbox 740 433 960 506; x_wconf 67' lang='lat' dir='ltr'><strong>abjedt,</strong></span> <span class='ocrx_word' id='word_1_409' title='bbox 992 443 1049 490; x_wconf 89' lang='lat' dir='ltr'><strong>et</strong></span> <span class='ocrx_word' id='word_1_410' title='bbox 1089 433 1437 490; x_wconf 85' lang='lat' dir='ltr'><strong>miserebitur</strong></span> <span class='ocrx_word' id='word_1_411' title='bbox 1475 431 1776 487; x_wconf 83' lang='lat' dir='ltr'><strong>secundum</strong></span> <span class='ocrx_word' id='word_1_412' title='bbox 1806 431 2104 489; x_wconf 79' lang='lat' dir='ltr'><strong>multitudi-</strong></span> <span class='ocrx_word' id='word_1_413' title='bbox 2130 439 2179 499; x_wconf 84' lang='grc' dir='ltr'><strong>Α</strong></span> 
     </span>
    </p>
   </div>
   <div class='ocr_carea' id='block_1_78' title="bbox 2134 4643 2275 4750">
    <p class='ocr_par' dir='ltr' id='par_1_78' title="bbox 2134 4643 2275 4750">
     <span class='ocr_line' id='line_1_82' title="bbox 2134 4643 2275 4750; baseline 0 -47"><span class='ocrx_word' id='word_1_414' title='bbox 2134 4643 2275 4750; x_wconf 65' lang='lat' dir='ltr'><strong>Dls</strong></span> 
     </span>
    </p>
   </div>
   <div class='ocr_carea' id='block_1_79' title="bbox 3695 313 3806 375">
    <p class='ocr_par' dir='ltr' id='par_1_79' title="bbox 3695 313 3806 375">
     <span class='ocr_line' id='line_1_83' title="bbox 3695 313 3806 375; baseline -0.009 0"><span class='ocrx_word' id='word_1_415' title='bbox 3695 313 3806 375; x_wconf 75' lang='lat'><strong>956</strong></span> 
     </span>
    </p>
   </div>
   <div class='ocr_carea' id='block_1_80' title="bbox 2280 438 2906 511">
    <p class='ocr_par' dir='ltr' id='par_1_80' title="bbox 2280 438 2906 511">
     <span class='ocr_line' id='line_1_84' title="bbox 2280 438 2906 511; baseline 0.005 -22"><span class='ocrx_word' id='word_1_416' title='bbox 2280 451 2414 511; x_wconf 84' lang='lat' dir='ltr'><strong>opus</strong></span> <span class='ocrx_word' id='word_1_417' title='bbox 2429 453 2696 511; x_wconf 1' lang='lat' dir='ltr'><strong>untanuum</strong></span> <span class='ocrx_word' id='word_1_418' title='bbox 2725 438 2906 511; x_wconf 80' lang='lat' dir='ltr'><strong>ﬁguli?</strong></span> 
     </span>
    </p>
   </div>
   <div class='ocr_carea' id='block_1_81' title="bbox 2212 505 3592 579">
    <p class='ocr_par' dir='ltr' id='par_1_81' title="bbox 2212 505 3592 579">
     <span class='ocr_line' id='line_1_85' title="bbox 2212 505 3592 579; baseline 0.005 -19"><span class='ocrx_word' id='word_1_419' title='bbox 2212 505 2445 579; x_wconf 58' lang='grc' dir='ltr'><strong>[ϐἱήιριέι</strong></span> <span class='ocrx_word' id='word_1_420' title='bbox 2476 509 2581 565; x_wconf 88' lang='lat' dir='ltr'><strong>Sed</strong></span> <span class='ocrx_word' id='word_1_421' title='bbox 2611 519 2666 565; x_wconf 93' lang='lat' dir='ltr'><strong>ct</strong></span> <span class='ocrx_word' id='word_1_422' title='bbox 2691 505 2868 566; x_wconf 67' lang='lat' dir='ltr'><strong>latitia:</strong></span> <span class='ocrx_word' id='word_1_423' title='bbox 2897 509 3235 569; x_wconf 82' lang='lat' dir='ltr'><strong>nudaverant</strong></span> <span class='ocrx_word' id='word_1_424' title='bbox 3265 525 3556 568; x_wconf 89' lang='lat' dir='ltr'><strong>mammam</strong></span> <span class='ocrx_word' id='word_1_425' title='bbox 3575 551 3592 577; x_wconf 91' lang='lat'><strong>,</strong></span> 
     </span>
    </p>
   </div>
   <div class='ocr_carea' id='block_1_82' title="bbox 2277 581 3052 640">
    <p class='ocr_par' dir='ltr' id='par_1_82' title="bbox 2277 581 3052 640">
     <span class='ocr_line' id='line_1_86' title="bbox 2277 581 3052 640; baseline 0.008 -6"><span class='ocrx_word' id='word_1_426' title='bbox 2277 581 2614 636; x_wconf 87' lang='lat' dir='ltr'><strong>lactavernnt</strong></span> <span class='ocrx_word' id='word_1_427' title='bbox 2641 583 2852 638; x_wconf 88' lang='lat' dir='ltr'><strong>catulos</strong></span> <span class='ocrx_word' id='word_1_428' title='bbox 2880 598 3007 639; x_wconf 87' lang='lat' dir='ltr'><strong>suos</strong></span> <span class='ocrx_word' id='word_1_429' title='bbox 3037 603 3052 640; x_wconf 89' lang='lat'><strong>:</strong></span> 
     </span>
    </p>
   </div>
   <div class='ocr_carea' id='block_1_83' title="bbox 2279 653 3810 728">
    <p class='ocr_par' dir='ltr' id='par_1_83' title="bbox 2279 653 3810 728">
     <span class='ocr_line' id='line_1_87' title="bbox 2279 653 3810 728; baseline 0.005 -22"><span class='ocrx_word' id='word_1_430' title='bbox 2279 653 2386 706; x_wconf 88' lang='lat' dir='ltr'><strong>lilia</strong></span> <span class='ocrx_word' id='word_1_431' title='bbox 2418 655 2598 722; x_wconf 91' lang='lat' dir='ltr'><strong>populi</strong></span> <span class='ocrx_word' id='word_1_432' title='bbox 2640 655 2747 709; x_wconf 91' lang='lat' dir='ltr'><strong>mei</strong></span> <span class='ocrx_word' id='word_1_433' title='bbox 2796 656 3056 724; x_wconf 90' lang='lat' dir='ltr'><strong>crudelis,</strong></span> <span class='ocrx_word' id='word_1_434' title='bbox 3108 657 3268 728; x_wconf 90' lang='lat' dir='ltr'><strong>quasi</strong></span> <span class='ocrx_word' id='word_1_435' title='bbox 3313 657 3555 713; x_wconf 83' lang='lat' dir='ltr'><strong>struthio</strong></span> <span class='ocrx_word' id='word_1_436' title='bbox 3603 658 3657 713; x_wconf 94' lang='lat' dir='ltr'><strong>in</strong></span> <span class='ocrx_word' id='word_1_437' title='bbox 3705 657 3810 714; x_wconf 66' lang='lat' dir='ltr'><strong>deo</strong></span> 
     </span>
    </p>
   </div>
   <div class='ocr_carea' id='block_1_84' title="bbox 2207 735 3810 880">
    <p class='ocr_par' dir='ltr' id='par_1_84' title="bbox 2207 735 3810 880">
     <span class='ocr_line' id='line_1_88' title="bbox 2207 735 3810 880; baseline 0.004 -31"><span class='ocrx_word' id='word_1_438' title='bbox 2207 735 2746 880; x_wconf 51' lang='grc' dir='ltr'><strong>[Παιρᾷῗΐξὶὰιιωςὶι</strong></span> <span class='ocrx_word' id='word_1_439' title='bbox 2785 797 2966 870; x_wconf 86' lang='lat' dir='ltr'><strong>lingua</strong></span> <span class='ocrx_word' id='word_1_440' title='bbox 3014 800 3267 856; x_wconf 88' lang='lat' dir='ltr'><strong>lactentis</strong></span> <span class='ocrx_word' id='word_1_441' title='bbox 3304 800 3372 856; x_wconf 89' lang='lat' dir='ltr'><strong>ad</strong></span> <span class='ocrx_word' id='word_1_442' title='bbox 3410 801 3651 873; x_wconf 88' lang='lat' dir='ltr'><strong>palatum</strong></span> <span class='ocrx_word' id='word_1_443' title='bbox 3683 801 3810 872; x_wconf 86' lang='lat' dir='ltr'><strong>ejus</strong></span> 
     </span>
    </p>
   </div>
   <div class='ocr_carea' id='block_1_85' title="bbox 2279 877 3038 1013">
    <p class='ocr_par' dir='ltr' id='par_1_85' title="bbox 2279 877 3038 1013">
     <span class='ocr_line' id='line_1_89' title="bbox 2279 877 3038 1013; baseline 0.009 -20"><span class='ocrx_word' id='word_1_444' title='bbox 2279 877 2795 1011; x_wconf 51' lang='lat' dir='ltr'><strong>paigttslliupetierunt</strong></span> <span class='ocrx_word' id='word_1_445' title='bbox 2821 957 3038 1013; x_wconf 90' lang='lat' dir='ltr'><strong>panem,</strong></span> 
     </span>
    </p>
   </div>
   <div class='ocr_carea' id='block_1_86' title="bbox 2279 1012 3149 1085">
    <p class='ocr_par' dir='ltr' id='par_1_86' title="bbox 2279 1012 3149 1085">
     <span class='ocr_line' id='line_1_90' title="bbox 2279 1012 3149 1085; baseline 0.007 -19"><span class='ocrx_word' id='word_1_446' title='bbox 2279 1023 2336 1085; x_wconf 85' lang='lat' dir='ltr'><strong>et</strong></span> <span class='ocrx_word' id='word_1_447' title='bbox 2358 1028 2466 1066; x_wconf 94' lang='lat' dir='ltr'><strong>non</strong></span> <span class='ocrx_word' id='word_1_448' title='bbox 2485 1022 2604 1068; x_wconf 89' lang='lat' dir='ltr'><strong>erat</strong></span> <span class='ocrx_word' id='word_1_449' title='bbox 2623 1015 2712 1083; x_wconf 90' lang='lat' dir='ltr'><strong>qui</strong></span> <span class='ocrx_word' id='word_1_450' title='bbox 2741 1012 3021 1085; x_wconf 78' lang='lat' dir='ltr'><strong>frangeret</strong></span> <span class='ocrx_word' id='word_1_451' title='bbox 3047 1017 3149 1072; x_wconf 89' lang='lat' dir='ltr'><strong>eis.</strong></span> 
     </span>
    </p>
   </div>
   <div class='ocr_carea' id='block_1_87' title="bbox 2207 1082 3692 1155">
    <p class='ocr_par' dir='ltr' id='par_1_87' title="bbox 2207 1082 3692 1155">
     <span class='ocr_line' id='line_1_91' title="bbox 2207 1082 3692 1155; baseline 0.005 -21"><span class='ocrx_word' id='word_1_452' title='bbox 2207 1082 2308 1150; x_wconf 86' lang='lat' dir='ltr'><strong>Qui</strong></span> <span class='ocrx_word' id='word_1_453' title='bbox 2334 1082 2699 1139; x_wconf 85' lang='lat' dir='ltr'><strong>vescebantur</strong></span> <span class='ocrx_word' id='word_1_454' title='bbox 2728 1082 3082 1155; x_wconf 74' lang='lat' dir='ltr'><strong>voluptuose,</strong></span> <span class='ocrx_word' id='word_1_455' title='bbox 3117 1088 3439 1145; x_wconf 84' lang='lat' dir='ltr'><strong>interierunt</strong></span> <span class='ocrx_word' id='word_1_456' title='bbox 3463 1090 3517 1146; x_wconf 93' lang='lat' dir='ltr'><strong>in</strong></span> <span class='ocrx_word' id='word_1_457' title='bbox 3545 1089 3650 1145; x_wconf 87' lang='lat' dir='ltr'><strong>viis</strong></span> <span class='ocrx_word' id='word_1_458' title='bbox 3677 1107 3692 1142; x_wconf 85' lang='lat'>:</span> 
     </span>
    </p>
   </div>
   <div class='ocr_carea' id='block_1_88' title="bbox 2278 1155 3126 1228">
    <p class='ocr_par' dir='ltr' id='par_1_88' title="bbox 2278 1155 3126 1228">
     <span class='ocr_line' id='line_1_92' title="bbox 2278 1155 3126 1228; baseline 0.007 -19"><span class='ocrx_word' id='word_1_459' title='bbox 2278 1155 2369 1226; x_wconf 87' lang='lat' dir='ltr'><strong>qui</strong></span> <span class='ocrx_word' id='word_1_460' title='bbox 2403 1157 2780 1212; x_wconf 88' lang='lat' dir='ltr'><strong>nutriebantur</strong></span> <span class='ocrx_word' id='word_1_461' title='bbox 2813 1159 2866 1212; x_wconf 93' lang='lat' dir='ltr'><strong>in</strong></span> <span class='ocrx_word' id='word_1_462' title='bbox 2896 1164 3126 1228; x_wconf 79' lang='lat' dir='ltr'><strong>croceis,</strong></span> 
     </span>
    </p>
   </div>
   <div class='ocr_carea' id='block_1_89' title="bbox 2280 1228 3022 1290">
    <p class='ocr_par' dir='ltr' id='par_1_89' title="bbox 2280 1228 3022 1290">
     <span class='ocr_line' id='line_1_93' title="bbox 2280 1228 3022 1290; baseline 0.007 -10"><span class='ocrx_word' id='word_1_463' title='bbox 2280 1228 2570 1290; x_wconf 85' lang='lat' dir='ltr'><strong>amplcxati</strong></span> <span class='ocrx_word' id='word_1_464' title='bbox 2601 1238 2730 1282; x_wconf 89' lang='lat' dir='ltr'><strong>sunt</strong></span> <span class='ocrx_word' id='word_1_465' title='bbox 2759 1239 3022 1285; x_wconf 91' lang='lat' dir='ltr'><strong>stercora.</strong></span> 
     </span>
    </p>
   </div>
   <div class='ocr_carea' id='block_1_90' title="bbox 2212 1297 3811 1376">
    <p class='ocr_par' dir='ltr' id='par_1_90' title="bbox 2212 1297 3811 1376">
     <span class='ocr_line' id='line_1_94' title="bbox 2212 1297 3811 1376; baseline 0.002 -22"><span class='ocrx_word' id='word_1_466' title='bbox 2212 1297 2399 1371; x_wconf 51' lang='lat' dir='ltr'><strong>[Vara]</strong></span> <span class='ocrx_word' id='word_1_467' title='bbox 2431 1299 2498 1354; x_wconf 88' lang='lat' dir='ltr'><strong>Et</strong></span> <span class='ocrx_word' id='word_1_468' title='bbox 2526 1299 2700 1367; x_wconf 84' lang='lat' dir='ltr'><strong>major</strong></span> <span class='ocrx_word' id='word_1_469' title='bbox 2735 1301 2940 1376; x_wconf 65' lang='lat' dir='ltr'><strong>cilccta</strong></span> <span class='ocrx_word' id='word_1_470' title='bbox 2983 1313 3070 1359; x_wconf 89' lang='lat' dir='ltr'><strong>est</strong></span> <span class='ocrx_word' id='word_1_471' title='bbox 3123 1305 3378 1375; x_wconf 86' lang='lat' dir='ltr'><strong>iniquitas</strong></span> <span class='ocrx_word' id='word_1_472' title='bbox 3437 1305 3560 1360; x_wconf 70' lang='lat' dir='ltr'><strong>lilia:</strong></span> <span class='ocrx_word' id='word_1_473' title='bbox 3610 1302 3811 1376; x_wconf 82' lang='lat' dir='ltr'><strong>populi</strong></span> 
     </span>
    </p>
   </div>
   <div class='ocr_carea' id='block_1_91' title="bbox 2282 1372 3812 1446">
    <p class='ocr_par' dir='ltr' id='par_1_91' title="bbox 2282 1372 3812 1446">
     <span class='ocr_line' id='line_1_95' title="bbox 2282 1372 3812 1446; baseline 0.003 -21"><span class='ocrx_word' id='word_1_474' title='bbox 2282 1375 2410 1435; x_wconf 86' lang='lat' dir='ltr'><strong>mei,</strong></span> <span class='ocrx_word' id='word_1_475' title='bbox 2452 1380 2671 1441; x_wconf 88' lang='lat' dir='ltr'><strong>peccato</strong></span> <span class='ocrx_word' id='word_1_476' title='bbox 2729 1372 3118 1443; x_wconf 90' lang='lat' dir='ltr'><strong>Sodomorum,</strong></span> <span class='ocrx_word' id='word_1_477' title='bbox 3159 1372 3281 1446; x_wconf 81' lang='lat' dir='ltr'><strong>qua:</strong></span> <span class='ocrx_word' id='word_1_478' title='bbox 3327 1376 3588 1432; x_wconf 89' lang='lat' dir='ltr'><strong>subversa</strong></span> <span class='ocrx_word' id='word_1_479' title='bbox 3613 1372 3717 1430; x_wconf 62' lang='lat' dir='ltr'><strong>&#39;est</strong></span> <span class='ocrx_word' id='word_1_480' title='bbox 3746 1380 3812 1430; x_wconf 90' lang='lat' dir='ltr'><strong>in</strong></span> 
     </span>
    </p>
   </div>
   <div class='ocr_carea' id='block_1_92' title="bbox 2351 1453 2655 1510">
    <p class='ocr_par' dir='ltr' id='par_1_92' title="bbox 2351 1453 2655 1510">
     <span class='ocr_line' id='line_1_96' title="bbox 2351 1453 2655 1510; baseline 0.007 -14"><span class='ocrx_word' id='word_1_481' title='bbox 2351 1453 2626 1498; x_wconf 88' lang='lat' dir='ltr'><strong>momento</strong></span> <span class='ocrx_word' id='word_1_482' title='bbox 2641 1489 2655 1510; x_wconf 86' lang='lat'><strong>,</strong></span> 
     </span>
    </p>
   </div>
   <div class='ocr_carea' id='block_1_93' title="bbox 2280 1517 3186 1581">
    <p class='ocr_par' dir='ltr' id='par_1_93' title="bbox 2280 1517 3186 1581">
     <span class='ocr_line' id='line_1_97' title="bbox 2280 1517 3186 1581; baseline 0.006 -12"><span class='ocrx_word' id='word_1_483' title='bbox 2280 1523 2336 1570; x_wconf 92' lang='lat' dir='ltr'><strong>et</strong></span> <span class='ocrx_word' id='word_1_484' title='bbox 2375 1531 2480 1568; x_wconf 88' lang='lat' dir='ltr'><strong>non</strong></span> <span class='ocrx_word' id='word_1_485' title='bbox 2516 1517 2850 1581; x_wconf 88' lang='lat' dir='ltr'><strong>ceperuntin</strong></span> <span class='ocrx_word' id='word_1_486' title='bbox 2884 1533 2946 1574; x_wconf 88' lang='lat' dir='ltr'><strong>ea</strong></span> <span class='ocrx_word' id='word_1_487' title='bbox 2975 1535 3186 1574; x_wconf 86' lang='lat' dir='ltr'><strong>manus.</strong></span> 
     </span>
    </p>
   </div>
   <div class='ocr_carea' id='block_1_94' title="bbox 2211 1583 3817 1714">
    <p class='ocr_par' dir='ltr' id='par_1_94' title="bbox 2211 1583 3817 1714">
     <span class='ocr_line' id='line_1_98' title="bbox 2211 1583 3817 1714; baseline 0.005 -77"><span class='ocrx_word' id='word_1_488' title='bbox 2211 1583 2808 1714; x_wconf 42' lang='lat' dir='ltr'><strong>[Zairhjctgandidiores</strong></span> <span class='ocrx_word' id='word_1_489' title='bbox 2845 1589 3089 1648; x_wconf 77' lang='lat' dir='ltr'><strong>Nazaraci</strong></span> <span class='ocrx_word' id='word_1_490' title='bbox 3141 1593 3256 1662; x_wconf 84' lang='lat' dir='ltr'><strong>ejus</strong></span> <span class='ocrx_word' id='word_1_491' title='bbox 3317 1593 3470 1662; x_wconf 89' lang='lat' dir='ltr'><strong>nive,</strong></span> <span class='ocrx_word' id='word_1_492' title='bbox 3515 1590 3817 1648; x_wconf 88' lang='lat' dir='ltr'><strong>nitidiores</strong></span> 
     </span>
    </p>
   </div>
   <div class='ocr_carea' id='block_1_95' title="bbox 2282 1694 3172 1807">
    <p class='ocr_par' dir='ltr' id='par_1_95' title="bbox 2282 1694 3172 1807">
     <span class='ocr_line' id='line_1_99' title="bbox 2351 1694 2487 1714; baseline 0.022 -4"><span class='ocrx_word' id='word_1_493' title='bbox 2351 1694 2487 1714; x_wconf 53' lang='lat' dir='ltr'><strong>me...</strong></span> 
     </span>
     <span class='ocr_line' id='line_1_100' title="bbox 2282 1700 3172 1807; baseline 0.006 -22"><span class='ocrx_word' id='word_1_494' title='bbox 2282 1700 2693 1807; x_wconf 66' lang='lat' dir='ltr'><strong>rubicundiores</strong></span> <span class='ocrx_word' id='word_1_495' title='bbox 2706 1734 2888 1807; x_wconf 75' lang='lat' dir='ltr'><strong>ebore</strong></span> <span class='ocrx_word' id='word_1_496' title='bbox 2917 1734 3138 1807; x_wconf 91' lang='lat' dir='ltr'><strong>antiquo</strong></span> <span class='ocrx_word' id='word_1_497' title='bbox 3155 1775 3172 1803; x_wconf 94' lang='lat'><strong>,</strong></span> 
     </span>
    </p>
   </div>
   <div class='ocr_carea' id='block_1_96' title="bbox 2280 1802 2936 1873">
    <p class='ocr_par' dir='ltr' id='par_1_96' title="bbox 2280 1802 2936 1873">
     <span class='ocr_line' id='line_1_101' title="bbox 2280 1802 2936 1873; baseline 0.009 -19"><span class='ocrx_word' id='word_1_498' title='bbox 2280 1802 2533 1873; x_wconf 83' lang='lat' dir='ltr'><strong>sappltiro</strong></span> <span class='ocrx_word' id='word_1_499' title='bbox 2576 1803 2936 1873; x_wconf 86' lang='lat' dir='ltr'><strong>pulchriores.</strong></span> 
     </span>
    </p>
   </div>
   <div class='ocr_carea' id='block_1_97' title="bbox 2132 1849 3802 1948">
    <p class='ocr_par' dir='ltr' id='par_1_97' title="bbox 2132 1849 3802 1948">
     <span class='ocr_line' id='line_1_102' title="bbox 2132 1849 3802 1948; baseline 0.006 -23"><span class='ocrx_word' id='word_1_500' title='bbox 2132 1849 2182 1910; x_wconf 83' lang='grc' dir='ltr'><strong>Β</strong></span> <span class='ocrx_word' id='word_1_501' title='bbox 2208 1849 2420 1945; x_wconf 50' lang='lat' dir='ltr'><strong>[nam]</strong></span> <span class='ocrx_word' id='word_1_502' title='bbox 2449 1849 2732 1944; x_wconf 59' lang='lat' dir='ltr'><strong>Denigraia</strong></span> <span class='ocrx_word' id='word_1_503' title='bbox 2761 1849 3050 1948; x_wconf 61' lang='lat' dir='ltr'><strong>eéi&#39;Ehper</strong></span> <span class='ocrx_word' id='word_1_504' title='bbox 3075 1879 3341 1934; x_wconf 88' lang='lat' dir='ltr'><strong>carbones</strong></span> <span class='ocrx_word' id='word_1_505' title='bbox 3382 1877 3547 1936; x_wconf 76' lang='lat' dir='ltr'><strong>facies</strong></span> <span class='ocrx_word' id='word_1_506' title='bbox 3576 1893 3768 1935; x_wconf 86' lang='lat' dir='ltr'><strong>eorum</strong></span> <span class='ocrx_word' id='word_1_507' title='bbox 3787 1921 3802 1944; x_wconf 95' lang='lat'><strong>,</strong></span> 
     </span>
    </p>
   </div>
   <div class='ocr_carea' id='block_1_98' title="bbox 2349 1949 3332 2020">
    <p class='ocr_par' dir='ltr' id='par_1_98' title="bbox 2349 1949 3332 2020">
     <span class='ocr_line' id='line_1_103' title="bbox 2349 1949 3332 2020; baseline 0.003 -20"><span class='ocrx_word' id='word_1_508' title='bbox 2349 1957 2540 2020; x_wconf 81' lang='lat' dir='ltr'><strong>etnon</strong></span> <span class='ocrx_word' id='word_1_509' title='bbox 2580 1957 2708 2020; x_wconf 89' lang='lat' dir='ltr'><strong>sunt</strong></span> <span class='ocrx_word' id='word_1_510' title='bbox 2747 1949 2950 2018; x_wconf 85' lang='lat' dir='ltr'><strong>cogniti</strong></span> <span class='ocrx_word' id='word_1_511' title='bbox 2994 1952 3046 2004; x_wconf 92' lang='lat' dir='ltr'><strong>in</strong></span> <span class='ocrx_word' id='word_1_512' title='bbox 3092 1951 3332 2020; x_wconf 88' lang='lat' dir='ltr'><strong>plateis:</strong></span> 
     </span>
    </p>
   </div>
   <div class='ocr_carea' id='block_1_99' title="bbox 2279 2017 3195 2077">
    <p class='ocr_par' dir='ltr' id='par_1_99' title="bbox 2279 2017 3195 2077">
     <span class='ocr_line' id='line_1_104' title="bbox 2279 2017 3195 2077; baseline 0.005 -6"><span class='ocrx_word' id='word_1_513' title='bbox 2279 2017 2508 2073; x_wconf 63' lang='lat' dir='ltr'><strong>adhaesit</strong></span> <span class='ocrx_word' id='word_1_514' title='bbox 2532 2019 2672 2074; x_wconf 87' lang='lat' dir='ltr'><strong>cutis</strong></span> <span class='ocrx_word' id='word_1_515' title='bbox 2705 2017 2894 2074; x_wconf 82' lang='lat' dir='ltr'><strong>eorum</strong></span> <span class='ocrx_word' id='word_1_516' title='bbox 2923 2017 3138 2077; x_wconf 67' lang='lat' dir='ltr'><strong>ossibus</strong></span> <span class='ocrx_word' id='word_1_517' title='bbox 3181 2041 3195 2076; x_wconf 90' lang='lat'><strong>:</strong></span> 
     </span>
    </p>
   </div>
   <div class='ocr_carea' id='block_1_100' title="bbox 2279 2089 3254 2163">
    <p class='ocr_par' dir='ltr' id='par_1_100' title="bbox 2279 2089 3254 2163">
     <span class='ocr_line' id='line_1_105' title="bbox 2279 2089 3254 2163; baseline 0.005 -20"><span class='ocrx_word' id='word_1_518' title='bbox 2279 2091 2520 2163; x_wconf 3' lang='lat' dir='ltr'><strong>arjuilt,iet</strong></span> <span class='ocrx_word' id='word_1_519' title='bbox 2560 2089 2700 2163; x_wconf 69' lang='lat' dir='ltr'><strong>facta</strong></span> <span class='ocrx_word' id='word_1_520' title='bbox 2731 2100 2816 2146; x_wconf 89' lang='lat' dir='ltr'><strong>est</strong></span> <span class='ocrx_word' id='word_1_521' title='bbox 2843 2094 2994 2162; x_wconf 87' lang='lat' dir='ltr'><strong>quasi</strong></span> <span class='ocrx_word' id='word_1_522' title='bbox 3029 2095 3254 2163; x_wconf 85' lang='lat' dir='ltr'><strong>lignum.</strong></span> 
     </span>
    </p>
   </div>
   <div class='ocr_carea' id='block_1_101' title="bbox 2209 2159 3794 2288">
    <p class='ocr_par' dir='ltr' id='par_1_101' title="bbox 2209 2159 3794 2288">
     <span class='ocr_line' id='line_1_106' title="bbox 2209 2159 3794 2288; baseline 0.005 -74"><span class='ocrx_word' id='word_1_523' title='bbox 2209 2159 2410 2288; x_wconf 62' lang='lat' dir='ltr'><strong>[Tetth</strong></span> <span class='ocrx_word' id='word_1_524' title='bbox 2446 2162 2633 2288; x_wconf 54' lang='lat' dir='ltr'><strong>béelius</strong></span> <span class='ocrx_word' id='word_1_525' title='bbox 2675 2162 2783 2218; x_wconf 82' lang='lat' dir='ltr'><strong>fuit</strong></span> <span class='ocrx_word' id='word_1_526' title='bbox 2810 2159 3008 2220; x_wconf 87' lang='lat' dir='ltr'><strong>occisis</strong></span> <span class='ocrx_word' id='word_1_527' title='bbox 3041 2159 3256 2236; x_wconf 79' lang='lat' dir='ltr'><strong>gladio.</strong></span> <span class='ocrx_word' id='word_1_528' title='bbox 3290 2182 3450 2238; x_wconf 85' lang='lat' dir='ltr'><strong>quam</strong></span> <span class='ocrx_word' id='word_1_529' title='bbox 3497 2165 3794 2223; x_wconf 77' lang='lat' dir='ltr'><strong>interfectis</strong></span> 
     </span>
     <span class='ocr_line' id='line_1_107' title="bbox 2409 2250 2536 2288; baseline 0 0"><span class='ocrx_word' id='word_1_530' title='bbox 2409 2250 2457 2288; x_wconf 91' lang='lat' dir='ltr'><strong>m</strong></span> <span class='ocrx_word' id='word_1_531' title='bbox 2523 2251 2536 2288; x_wconf 89' lang='lat'><strong>:</strong></span> 
     </span>
    </p>
   </div>
   <div class='ocr_carea' id='block_1_102' title="bbox 2373 2249 2536 2289">
    <p class='ocr_par' dir='ltr' id='par_1_102' title="bbox 2373 2249 2536 2289">
     <span class='ocr_line' id='line_1_108' title="bbox 2373 2249 2536 2289; baseline 0.012 -2"><span class='ocrx_word' id='word_1_532' title='bbox 2373 2249 2494 2289; x_wconf 88' lang='lat' dir='ltr'><strong>ame</strong></span> <span class='ocrx_word' id='word_1_533' title='bbox 2523 2251 2536 2288; x_wconf 75' lang='grc'><strong>2</strong></span> 
     </span>
    </p>
   </div>
   <div class='ocr_carea' id='block_1_103' title="bbox 2279 2305 3365 2382">
    <p class='ocr_par' dir='ltr' id='par_1_103' title="bbox 2279 2305 3365 2382">
     <span class='ocr_line' id='line_1_109' title="bbox 2279 2305 3365 2382; baseline 0.006 -24"><span class='ocrx_word' id='word_1_534' title='bbox 2279 2308 2532 2382; x_wconf 73' lang='lat' dir='ltr'><strong>quoniam</strong></span> <span class='ocrx_word' id='word_1_535' title='bbox 2556 2305 2642 2360; x_wconf 90' lang='lat' dir='ltr'><strong>isti</strong></span> <span class='ocrx_word' id='word_1_536' title='bbox 2672 2307 3033 2365; x_wconf 82' lang='lat' dir='ltr'><strong>extabuerunt</strong></span> <span class='ocrx_word' id='word_1_537' title='bbox 3059 2310 3365 2382; x_wconf 87' lang='lat' dir='ltr'><strong>consumpti</strong></span> 
     </span>
    </p>
   </div>
   <div class='ocr_carea' id='block_1_104' title="bbox 2279 2377 2840 2451">
    <p class='ocr_par' dir='ltr' id='par_1_104' title="bbox 2279 2377 2840 2451">
     <span class='ocr_line' id='line_1_110' title="bbox 2279 2377 2840 2451; baseline 0.005 -22"><span class='ocrx_word' id='word_1_538' title='bbox 2279 2393 2307 2429; x_wconf 93' lang='lat' dir='ltr'><strong>a</strong></span> <span class='ocrx_word' id='word_1_539' title='bbox 2339 2377 2626 2451; x_wconf 75' lang='lat' dir='ltr'><strong>sterilitate</strong></span> <span class='ocrx_word' id='word_1_540' title='bbox 2660 2388 2840 2433; x_wconf 74' lang='lat' dir='ltr'><strong>terrm.</strong></span> 
     </span>
    </p>
   </div>
   <div class='ocr_carea' id='block_1_105' title="bbox 2209 2446 3810 2520">
    <p class='ocr_par' dir='ltr' id='par_1_105' title="bbox 2209 2446 3810 2520">
     <span class='ocr_line' id='line_1_111' title="bbox 2209 2446 3810 2520; baseline 0.006 -17"><span class='ocrx_word' id='word_1_541' title='bbox 2209 2446 2382 2520; x_wconf 62' lang='lat'><strong>[1011.]</strong></span> <span class='ocrx_word' id='word_1_542' title='bbox 2401 2450 2591 2506; x_wconf 85' lang='lat' dir='ltr'><strong>Manus</strong></span> <span class='ocrx_word' id='word_1_543' title='bbox 2612 2451 2899 2508; x_wconf 89' lang='lat' dir='ltr'><strong>mulierum</strong></span> <span class='ocrx_word' id='word_1_544' title='bbox 2917 2452 3355 2512; x_wconf 89' lang='lat' dir='ltr'><strong>misericordium</strong></span> <span class='ocrx_word' id='word_1_545' title='bbox 3375 2465 3646 2512; x_wconf 59' lang='lat' dir='ltr'><strong>coierunt</strong></span> <span class='ocrx_word' id='word_1_546' title='bbox 3663 2455 3810 2512; x_wconf 85' lang='lat' dir='ltr'><strong>lilios</strong></span> 
     </span>
    </p>
   </div>
   <div class='ocr_carea' id='block_1_106' title="bbox 2349 2535 2528 2577">
    <p class='ocr_par' dir='ltr' id='par_1_106' title="bbox 2349 2535 2528 2577">
     <span class='ocr_line' id='line_1_112' title="bbox 2349 2535 2528 2577; baseline 0 -1"><span class='ocrx_word' id='word_1_547' title='bbox 2349 2537 2480 2577; x_wconf 72' lang='lat' dir='ltr'><strong>SUOS</strong></span> <span class='ocrx_word' id='word_1_548' title='bbox 2513 2535 2528 2576; x_wconf 68' lang='grc' dir='ltr'>ἶ</span> 
     </span>
    </p>
   </div>
   <div class='ocr_carea' id='block_1_107' title="bbox 2279 2592 3002 2662">
    <p class='ocr_par' dir='ltr' id='par_1_107' title="bbox 2279 2592 3002 2662">
     <span class='ocr_line' id='line_1_113' title="bbox 2279 2592 3002 2662; baseline 0.01 -16"><span class='ocrx_word' id='word_1_549' title='bbox 2279 2592 2408 2648; x_wconf 76' lang='lat' dir='ltr'><strong>lacti</strong></span> <span class='ocrx_word' id='word_1_550' title='bbox 2441 2602 2569 2648; x_wconf 88' lang='lat' dir='ltr'><strong>sunt</strong></span> <span class='ocrx_word' id='word_1_551' title='bbox 2595 2593 2752 2650; x_wconf 85' lang='lat' dir='ltr'><strong>cibus</strong></span> <span class='ocrx_word' id='word_1_552' title='bbox 2782 2611 2969 2652; x_wconf 88' lang='lat' dir='ltr'><strong>earum</strong></span> <span class='ocrx_word' id='word_1_553' title='bbox 2987 2639 3002 2662; x_wconf 92' lang='lat'><strong>,</strong></span> 
     </span>
    </p>
   </div>
   <div class='ocr_carea' id='block_1_108' title="bbox 2282 2665 3218 2739">
    <p class='ocr_par' dir='ltr' id='par_1_108' title="bbox 2282 2665 3218 2739">
     <span class='ocr_line' id='line_1_114' title="bbox 2282 2665 3218 2739; baseline 0.007 -23"><span class='ocrx_word' id='word_1_554' title='bbox 2282 2665 2332 2739; x_wconf 82' lang='lat' dir='ltr'><strong>in</strong></span> <span class='ocrx_word' id='word_1_555' title='bbox 2364 2665 2693 2739; x_wconf 86' lang='lat' dir='ltr'><strong>contritione</strong></span> <span class='ocrx_word' id='word_1_556' title='bbox 2725 2666 2848 2721; x_wconf 67' lang='lat' dir='ltr'><strong>lilirc</strong></span> <span class='ocrx_word' id='word_1_557' title='bbox 2874 2669 3059 2739; x_wconf 86' lang='lat' dir='ltr'><strong>populi</strong></span> <span class='ocrx_word' id='word_1_558' title='bbox 3091 2668 3218 2723; x_wconf 89' lang='lat' dir='ltr'><strong>mei.</strong></span> 
     </span>
    </p>
   </div>
   <div class='ocr_carea' id='block_1_109' title="bbox 2209 2735 3574 2808">
    <p class='ocr_par' dir='ltr' id='par_1_109' title="bbox 2209 2735 3574 2808">
     <span class='ocr_line' id='line_1_115' title="bbox 2209 2735 3574 2808; baseline 0.005 -19"><span class='ocrx_word' id='word_1_559' title='bbox 2209 2735 2413 2808; x_wconf 84' lang='lat' dir='ltr'><strong>[Cltaph</strong></span> <span class='ocrx_word' id='word_1_560' title='bbox 2452 2737 2461 2806; x_wconf 73' lang='lat' dir='ltr'><strong>l</strong></span> <span class='ocrx_word' id='word_1_561' title='bbox 2494 2739 2800 2808; x_wconf 87' lang='lat' dir='ltr'><strong>Complcvit</strong></span> <span class='ocrx_word' id='word_1_562' title='bbox 2826 2735 3086 2794; x_wconf 80' lang='lat' dir='ltr'><strong>Dominus</strong></span> <span class='ocrx_word' id='word_1_563' title='bbox 3119 2741 3361 2796; x_wconf 75' lang='lat' dir='ltr'><strong>furorem</strong></span> <span class='ocrx_word' id='word_1_564' title='bbox 3389 2756 3574 2806; x_wconf 86' lang='lat' dir='ltr'><strong>suum,</strong></span> 
     </span>
    </p>
   </div>
   <div class='ocr_carea' id='block_1_110' title="bbox 2279 2754 3218 2880">
    <p class='ocr_par' dir='ltr' id='par_1_110' title="bbox 2279 2754 3218 2880">
     <span class='ocr_line' id='line_1_116' title="bbox 2279 2754 3218 2861; baseline 0.004 -73"><span class='ocrx_word' id='word_1_565' title='bbox 2279 2754 2413 2861; x_wconf 63' lang='lat' dir='ltr'><strong>ualpn</strong></span> <span class='ocrx_word' id='word_1_566' title='bbox 2453 2754 2461 2806; x_wconf 89' lang='grc' dir='ltr'>ι</span> <span class='ocrx_word' id='word_1_567' title='bbox 2494 2754 2800 2808; x_wconf 56' lang='lat' dir='ltr'><strong>complevit</strong></span> <span class='ocrx_word' id='word_1_568' title='bbox 2827 2754 3086 2794; x_wconf 84' lang='lat' dir='ltr'><strong>uomtnus</strong></span> <span class='ocrx_word' id='word_1_569' title='bbox 3119 2754 3218 2794; x_wconf 71' lang='lat' dir='ltr'><strong>turi</strong></span> 
     </span>
     <span class='ocr_line' id='line_1_117' title="bbox 2279 2809 3218 2880; baseline 0.005 -19"><span class='ocrx_word' id='word_1_570' title='bbox 2279 2810 2329 2861; x_wconf 88' lang='lat' dir='ltr'><strong>cl</strong></span> <span class='ocrx_word' id='word_1_571' title='bbox 2357 2809 2469 2862; x_wconf 90' lang='lat' dir='ltr'><strong>udit</strong></span> <span class='ocrx_word' id='word_1_572' title='bbox 2495 2813 2624 2863; x_wconf 92' lang='lat' dir='ltr'><strong>iram</strong></span> <span class='ocrx_word' id='word_1_573' title='bbox 2650 2809 3037 2880; x_wconf 81' lang='lat' dir='ltr'><strong>indignationis</strong></span> <span class='ocrx_word' id='word_1_574' title='bbox 3059 2827 3174 2868; x_wconf 74' lang='lat' dir='ltr'><strong>sua:</strong></span> <span class='ocrx_word' id='word_1_575' title='bbox 3205 2827 3218 2866; x_wconf 91' lang='lat'>:</span> 
     </span>
    </p>
   </div>
   <div class='ocr_carea' id='block_1_111' title="bbox 2278 2881 3801 2963">
    <p class='ocr_par' dir='ltr' id='par_1_111' title="bbox 2278 2881 3801 2963">
     <span class='ocr_line' id='line_1_118' title="bbox 2278 2881 3801 2963; baseline 0.002 -27"><span class='ocrx_word' id='word_1_576' title='bbox 2278 2891 2335 2936; x_wconf 88' lang='lat' dir='ltr'><strong>et</strong></span> <span class='ocrx_word' id='word_1_577' title='bbox 2375 2881 2659 2963; x_wconf 79' lang='lat' dir='ltr'><strong>succendit</strong></span> <span class='ocrx_word' id='word_1_578' title='bbox 2697 2883 2873 2952; x_wconf 88' lang='lat' dir='ltr'><strong>ignem</strong></span> <span class='ocrx_word' id='word_1_579' title='bbox 2906 2883 2960 2938; x_wconf 90' lang='lat' dir='ltr'><strong>in</strong></span> <span class='ocrx_word' id='word_1_580' title='bbox 3007 2884 3162 2951; x_wconf 87' lang='lat' dir='ltr'><strong>Sion,</strong></span> <span class='ocrx_word' id='word_1_581' title='bbox 3193 2893 3248 2940; x_wconf 92' lang='lat' dir='ltr'><strong>et</strong></span> <span class='ocrx_word' id='word_1_582' title='bbox 3288 2883 3566 2940; x_wconf 86' lang='lat' dir='ltr'><strong>devoravit</strong></span> <span class='ocrx_word' id='word_1_583' title='bbox 3595 2883 3801 2939; x_wconf 78' lang='lat' dir='ltr'><strong>funda-</strong></span> 
     </span>
    </p>
   </div>
   <div class='ocr_carea' id='block_1_112' title="bbox 2351 2963 2701 3022">
    <p class='ocr_par' dir='ltr' id='par_1_112' title="bbox 2351 2963 2701 3022">
     <span class='ocr_line' id='line_1_119' title="bbox 2351 2963 2701 3022; baseline 0 -16"><span class='ocrx_word' id='word_1_584' title='bbox 2351 2963 2532 3007; x_wconf 85' lang='lat' dir='ltr'><strong>menta</strong></span> <span class='ocrx_word' id='word_1_585' title='bbox 2565 2968 2701 3022; x_wconf 81' lang='lat' dir='ltr'><strong>ejus.</strong></span> 
     </span>
    </p>
   </div>
   <div class='ocr_carea' id='block_1_113' title="bbox 2210 3021 3440 3099">
    <p class='ocr_par' dir='ltr' id='par_1_113' title="bbox 2210 3021 3440 3099">
     <span class='ocr_line' id='line_1_120' title="bbox 2210 3021 3440 3099; baseline 0.007 -22"><span class='ocrx_word' id='word_1_586' title='bbox 2210 3021 2474 3099; x_wconf 75' lang='lat' dir='ltr'><strong>[Lamed.l</strong></span> <span class='ocrx_word' id='word_1_587' title='bbox 2515 3021 2633 3099; x_wconf 81' lang='lat' dir='ltr'><strong>Non</strong></span> <span class='ocrx_word' id='word_1_588' title='bbox 2660 3024 3010 3099; x_wconf 79' lang='lat' dir='ltr'><strong>crediderunt</strong></span> <span class='ocrx_word' id='word_1_589' title='bbox 3046 3041 3204 3099; x_wconf 83' lang='lat' dir='ltr'><strong>reges</strong></span> <span class='ocrx_word' id='word_1_590' title='bbox 3242 3037 3440 3094; x_wconf 69' lang='lat' dir='ltr'><strong>terrm,</strong></span> 
     </span>
    </p>
   </div>
   <div class='ocr_carea' id='block_1_114' title="bbox 2279 3096 3196 3167">
    <p class='ocr_par' dir='ltr' id='par_1_114' title="bbox 2279 3096 3196 3167">
     <span class='ocr_line' id='line_1_121' title="bbox 2279 3096 3196 3167; baseline 0.004 -17"><span class='ocrx_word' id='word_1_591' title='bbox 2279 3106 2333 3151; x_wconf 90' lang='lat' dir='ltr'><strong>et</strong></span> <span class='ocrx_word' id='word_1_592' title='bbox 2365 3096 2604 3152; x_wconf 78' lang='lat' dir='ltr'><strong>universi</strong></span> <span class='ocrx_word' id='word_1_593' title='bbox 2646 3096 2974 3152; x_wconf 85' lang='lat' dir='ltr'><strong>habitatores</strong></span> <span class='ocrx_word' id='word_1_594' title='bbox 3015 3098 3196 3167; x_wconf 89' lang='lat' dir='ltr'><strong>orbis,</strong></span> 
     </span>
    </p>
   </div>
   <div class='ocr_carea' id='block_1_115' title="bbox 2279 3168 3809 3241">
    <p class='ocr_par' dir='ltr' id='par_1_115' title="bbox 2279 3168 3809 3241">
     <span class='ocr_line' id='line_1_122' title="bbox 2279 3168 3809 3241; baseline 0.003 -19"><span class='ocrx_word' id='word_1_595' title='bbox 2279 3169 2536 3239; x_wconf 86' lang='lat' dir='ltr'><strong>quoniam</strong></span> <span class='ocrx_word' id='word_1_596' title='bbox 2568 3168 2939 3237; x_wconf 86' lang='lat' dir='ltr'><strong>ingrederetur</strong></span> <span class='ocrx_word' id='word_1_597' title='bbox 2967 3170 3138 3226; x_wconf 91' lang='lat' dir='ltr'><strong>hostis</strong></span> <span class='ocrx_word' id='word_1_598' title='bbox 3167 3181 3224 3225; x_wconf 87' lang='lat' dir='ltr'><strong>ct.</strong></span> <span class='ocrx_word' id='word_1_599' title='bbox 3259 3170 3513 3227; x_wconf 90' lang='lat' dir='ltr'><strong>inimicus</strong></span> <span class='ocrx_word' id='word_1_600' title='bbox 3541 3184 3638 3241; x_wconf 89' lang='lat' dir='ltr'><strong>per</strong></span> <span class='ocrx_word' id='word_1_601' title='bbox 3671 3183 3809 3240; x_wconf 85' lang='lat' dir='ltr'><strong>por-</strong></span> 
     </span>
    </p>
   </div>
   <div class='ocr_carea' id='block_1_116' title="bbox 2353 3241 2796 3296">
    <p class='ocr_par' dir='ltr' id='par_1_116' title="bbox 2353 3241 2796 3296">
     <span class='ocr_line' id='line_1_123' title="bbox 2353 3241 2796 3296; baseline 0.005 -2"><span class='ocrx_word' id='word_1_602' title='bbox 2353 3249 2435 3295; x_wconf 88' lang='lat' dir='ltr'><strong>tas</strong></span> <span class='ocrx_word' id='word_1_603' title='bbox 2468 3241 2796 3296; x_wconf 84' lang='lat' dir='ltr'><strong>Jerusalem.</strong></span> 
     </span>
    </p>
   </div>
   <div class='ocr_carea' id='block_1_117' title="bbox 2210 3309 3542 3386">
    <p class='ocr_par' dir='ltr' id='par_1_117' title="bbox 2210 3309 3542 3386">
     <span class='ocr_line' id='line_1_124' title="bbox 2210 3309 3542 3386; baseline 0.005 -20"><span class='ocrx_word' id='word_1_604' title='bbox 2210 3309 2426 3386; x_wconf 67' lang='lat' dir='ltr'><strong>[Hemi</strong></span> <span class='ocrx_word' id='word_1_605' title='bbox 2454 3313 2680 3386; x_wconf 88' lang='lat' dir='ltr'><strong>Propter</strong></span> <span class='ocrx_word' id='word_1_606' title='bbox 2709 3321 2928 3381; x_wconf 88' lang='lat' dir='ltr'><strong>peccata</strong></span> <span class='ocrx_word' id='word_1_607' title='bbox 2969 3314 3354 3384; x_wconf 85' lang='lat' dir='ltr'><strong>prophetarum</strong></span> <span class='ocrx_word' id='word_1_608' title='bbox 3393 3316 3542 3386; x_wconf 88' lang='lat' dir='ltr'><strong>ejus,</strong></span> 
     </span>
    </p>
   </div>
   <div class='ocr_carea' id='block_1_118' title="bbox 2280 3385 3226 3455">
    <p class='ocr_par' dir='ltr' id='par_1_118' title="bbox 2280 3385 3226 3455">
     <span class='ocr_line' id='line_1_125' title="bbox 2280 3385 3226 3455; baseline 0.001 -16"><span class='ocrx_word' id='word_1_609' title='bbox 2280 3394 2334 3439; x_wconf 93' lang='lat' dir='ltr'><strong>et</strong></span> <span class='ocrx_word' id='word_1_610' title='bbox 2361 3385 2668 3452; x_wconf 89' lang='lat' dir='ltr'><strong>iniquitates</strong></span> <span class='ocrx_word' id='word_1_611' title='bbox 2700 3387 3042 3441; x_wconf 89' lang='lat' dir='ltr'><strong>sacerdotum</strong></span> <span class='ocrx_word' id='word_1_612' title='bbox 3074 3386 3191 3455; x_wconf 91' lang='lat' dir='ltr'><strong>ejus</strong></span> <span class='ocrx_word' id='word_1_613' title='bbox 3211 3427 3226 3452; x_wconf 92' lang='lat'><strong>,</strong></span> 
     </span>
    </p>
   </div>
   <div class='ocr_carea' id='block_1_119' title="bbox 2279 3455 3804 3532">
    <p class='ocr_par' dir='ltr' id='par_1_119' title="bbox 2279 3455 3804 3532">
     <span class='ocr_line' id='line_1_126' title="bbox 2279 3455 3804 3532; baseline 0.003 -22"><span class='ocrx_word' id='word_1_614' title='bbox 2279 3456 2371 3532; x_wconf 78' lang='lat' dir='ltr'><strong>qui</strong></span> <span class='ocrx_word' id='word_1_615' title='bbox 2391 3456 2709 3532; x_wconf 49' lang='grc' dir='ltr'><strong>⁸ςξίιῖιιίίεξνιιηῑ</strong></span> <span class='ocrx_word' id='word_1_616' title='bbox 2733 3455 2786 3510; x_wconf 90' lang='lat' dir='ltr'><strong>in</strong></span> <span class='ocrx_word' id='word_1_617' title='bbox 2814 3456 2994 3532; x_wconf 90' lang='lat' dir='ltr'><strong>medio</strong></span> <span class='ocrx_word' id='word_1_618' title='bbox 3021 3459 3140 3528; x_wconf 88' lang='lat' dir='ltr'><strong>ejus</strong></span> <span class='ocrx_word' id='word_1_619' title='bbox 3157 3461 3476 3532; x_wconf 89' lang='lat' dir='ltr'><strong>sanguinem</strong></span> <span class='ocrx_word' id='word_1_620' title='bbox 3493 3459 3804 3532; x_wconf 89' lang='lat' dir='ltr'><strong>justorum.</strong></span> 
     </span>
    </p>
   </div>
   <div class='ocr_carea' id='block_1_120' title="bbox 2210 3526 3295 3602">
    <p class='ocr_par' dir='ltr' id='par_1_120' title="bbox 2210 3526 3295 3602">
     <span class='ocr_line' id='line_1_127' title="bbox 2210 3526 3295 3602; baseline 0.006 -21"><span class='ocrx_word' id='word_1_621' title='bbox 2210 3526 2410 3602; x_wconf 58' lang='lat' dir='ltr'><strong>[Num]</strong></span> <span class='ocrx_word' id='word_1_622' title='bbox 2443 3529 2780 3602; x_wconf 79' lang='lat' dir='ltr'><strong>Erraverunt</strong></span> <span class='ocrx_word' id='word_1_623' title='bbox 2813 3531 2943 3602; x_wconf 66' lang='lat' dir='ltr'><strong>caeci</strong></span> <span class='ocrx_word' id='word_1_624' title='bbox 2977 3531 3029 3583; x_wconf 91' lang='lat' dir='ltr'><strong>in</strong></span> <span class='ocrx_word' id='word_1_625' title='bbox 3052 3526 3295 3602; x_wconf 16' lang='lat' dir='ltr'><strong>iplateis&#39;,</strong></span> 
     </span>
    </p>
   </div>
   <div class='ocr_carea' id='block_1_121' title="bbox 2282 3600 3033 3670">
    <p class='ocr_par' dir='ltr' id='par_1_121' title="bbox 2282 3600 3033 3670">
     <span class='ocr_line' id='line_1_128' title="bbox 2282 3600 3033 3670; baseline 0 -17"><span class='ocrx_word' id='word_1_626' title='bbox 2282 3600 2472 3669; x_wconf 90' lang='lat' dir='ltr'><strong>polluti</strong></span> <span class='ocrx_word' id='word_1_627' title='bbox 2503 3608 2629 3654; x_wconf 90' lang='lat' dir='ltr'><strong>sunt</strong></span> <span class='ocrx_word' id='word_1_628' title='bbox 2649 3600 2701 3654; x_wconf 93' lang='lat' dir='ltr'><strong>in</strong></span> <span class='ocrx_word' id='word_1_629' title='bbox 2731 3601 2993 3670; x_wconf 81' lang='lat' dir='ltr'><strong>sanguine</strong></span> <span class='ocrx_word' id='word_1_630' title='bbox 3019 3617 3033 3653; x_wconf 90' lang='lat'><strong>:</strong></span> 
     </span>
    </p>
   </div>
   <div class='ocr_carea' id='block_1_122' title="bbox 2279 3673 3698 3740">
    <p class='ocr_par' dir='ltr' id='par_1_122' title="bbox 2279 3673 3698 3740">
     <span class='ocr_line' id='line_1_129' title="bbox 2279 3673 3698 3740; baseline 0.004 -15"><span class='ocrx_word' id='word_1_631' title='bbox 2279 3686 2509 3739; x_wconf 90' lang='lat' dir='ltr'><strong>cumque</strong></span> <span class='ocrx_word' id='word_1_632' title='bbox 2548 3686 2654 3725; x_wconf 92' lang='lat' dir='ltr'><strong>non</strong></span> <span class='ocrx_word' id='word_1_633' title='bbox 2682 3681 2928 3740; x_wconf 84' lang='lat' dir='ltr'><strong>possent,</strong></span> <span class='ocrx_word' id='word_1_634' title='bbox 2962 3682 3255 3730; x_wconf 83' lang='lat' dir='ltr'><strong>tenuerunt</strong></span> <span class='ocrx_word' id='word_1_635' title='bbox 3281 3673 3508 3730; x_wconf 89' lang='lat' dir='ltr'><strong>lacinias</strong></span> <span class='ocrx_word' id='word_1_636' title='bbox 3539 3691 3698 3732; x_wconf 90' lang='lat' dir='ltr'><strong>suas.</strong></span> 
     </span>
    </p>
   </div>
   <div class='ocr_carea' id='block_1_123' title="bbox 2209 3741 3799 3815">
    <p class='ocr_par' dir='ltr' id='par_1_123' title="bbox 2209 3741 3799 3815">
     <span class='ocr_line' id='line_1_130' title="bbox 2209 3741 3799 3815; baseline 0.004 -16"><span class='ocrx_word' id='word_1_637' title='bbox 2209 3741 2502 3815; x_wconf 79' lang='lat' dir='ltr'><strong>[Santeclt.]</strong></span> <span class='ocrx_word' id='word_1_638' title='bbox 2532 3741 2814 3815; x_wconf 70' lang='lat' dir='ltr'><strong>Beceuite,</strong></span> <span class='ocrx_word' id='word_1_639' title='bbox 2847 3744 3062 3814; x_wconf 88' lang='lat' dir='ltr'><strong>polluti,</strong></span> <span class='ocrx_word' id='word_1_640' title='bbox 3086 3747 3462 3803; x_wconf 83' lang='lat' dir='ltr'><strong>clamaverunt</strong></span> <span class='ocrx_word' id='word_1_641' title='bbox 3481 3751 3563 3804; x_wconf 87' lang='lat' dir='ltr'><strong>eis</strong></span> <span class='ocrx_word' id='word_1_642' title='bbox 3591 3765 3607 3802; x_wconf 91' lang='lat'><strong>:</strong></span> <span class='ocrx_word' id='word_1_643' title='bbox 3643 3761 3799 3805; x_wconf 83' lang='lat' dir='ltr'><strong>rece—</strong></span> 
     </span>
    </p>
   </div>
   <div class='ocr_carea' id='block_1_124' title="bbox 2350 3813 3179 3887">
    <p class='ocr_par' dir='ltr' id='par_1_124' title="bbox 2350 3813 3179 3887">
     <span class='ocr_line' id='line_1_131' title="bbox 2350 3813 3179 3887; baseline 0.006 -19"><span class='ocrx_word' id='word_1_644' title='bbox 2350 3813 2481 3875; x_wconf 87' lang='lat' dir='ltr'><strong>dite,</strong></span> <span class='ocrx_word' id='word_1_645' title='bbox 2513 3813 2678 3887; x_wconf 89' lang='lat' dir='ltr'><strong>abite,</strong></span> <span class='ocrx_word' id='word_1_646' title='bbox 2713 3818 2880 3870; x_wconf 87' lang='lat' dir='ltr'><strong>nolite</strong></span> <span class='ocrx_word' id='word_1_647' title='bbox 2911 3813 3134 3887; x_wconf 84' lang='lat' dir='ltr'><strong>tangere</strong></span> <span class='ocrx_word' id='word_1_648' title='bbox 3165 3835 3179 3872; x_wconf 91' lang='lat'><strong>:</strong></span> 
     </span>
    </p>
   </div>
   <div class='ocr_carea' id='block_1_125' title="bbox 2275 3885 2895 3958">
    <p class='ocr_par' dir='ltr' id='par_1_125' title="bbox 2275 3885 2895 3958">
     <span class='ocr_line' id='line_1_132' title="bbox 2275 3885 2895 3958; baseline 0.005 -19"><span class='ocrx_word' id='word_1_649' title='bbox 2275 3885 2477 3956; x_wconf 79' lang='lat' dir='ltr'><strong>jurgati</strong></span> <span class='ocrx_word' id='word_1_650' title='bbox 2505 3886 2704 3958; x_wconf 84' lang='lat' dir='ltr'><strong>quippe</strong></span> <span class='ocrx_word' id='word_1_651' title='bbox 2740 3896 2895 3951; x_wconf 92' lang='lat' dir='ltr'><strong>sunt,</strong></span> 
     </span>
    </p>
   </div>
   <div class='ocr_carea' id='block_1_126' title="bbox 2279 3956 3804 4032">
    <p class='ocr_par' dir='ltr' id='par_1_126' title="bbox 2279 3956 3804 4032">
     <span class='ocr_line' id='line_1_133' title="bbox 2279 3956 3804 4032; baseline 0.002 -19"><span class='ocrx_word' id='word_1_652' title='bbox 2279 3968 2335 4013; x_wconf 89' lang='lat' dir='ltr'><strong>et</strong></span> <span class='ocrx_word' id='word_1_653' title='bbox 2391 3956 2650 4032; x_wconf 76' lang='lat' dir='ltr'><strong>commoti</strong></span> <span class='ocrx_word' id='word_1_654' title='bbox 2684 3958 2950 4032; x_wconf 75' lang='lat' dir='ltr'><strong>dixerunt</strong></span> <span class='ocrx_word' id='word_1_655' title='bbox 2996 3959 3142 4016; x_wconf 88' lang='lat' dir='ltr'><strong>inter</strong></span> <span class='ocrx_word' id='word_1_656' title='bbox 3181 3970 3370 4032; x_wconf 89' lang='lat' dir='ltr'><strong>gentes</strong></span> <span class='ocrx_word' id='word_1_657' title='bbox 3411 3981 3427 4021; x_wconf 87' lang='lat'><strong>:</strong></span> <span class='ocrx_word' id='word_1_658' title='bbox 3464 3963 3583 4019; x_wconf 87' lang='lat' dir='ltr'><strong>Non</strong></span> <span class='ocrx_word' id='word_1_659' title='bbox 3633 3961 3804 4017; x_wconf 85' lang='lat' dir='ltr'><strong>addet</strong></span> 
     </span>
    </p>
   </div>
   <div class='ocr_carea' id='block_1_127' title="bbox 2351 4028 3052 4103">
    <p class='ocr_par' dir='ltr' id='par_1_127' title="bbox 2351 4028 3052 4103">
     <span class='ocr_line' id='line_1_134' title="bbox 2351 4028 3052 4103; baseline 0.004 -19"><span class='ocrx_word' id='word_1_660' title='bbox 2351 4031 2492 4103; x_wconf 64' lang='lat' dir='ltr'><strong>ultra</strong></span> <span class='ocrx_word' id='word_1_661' title='bbox 2530 4040 2587 4085; x_wconf 92' lang='lat' dir='ltr'><strong>ut</strong></span> <span class='ocrx_word' id='word_1_662' title='bbox 2611 4028 2816 4103; x_wconf 67' lang='lat' dir='ltr'><strong>habitet</strong></span> <span class='ocrx_word' id='word_1_663' title='bbox 2843 4032 2921 4103; x_wconf 86' lang='lat' dir='ltr'><strong>in</strong></span> <span class='ocrx_word' id='word_1_664' title='bbox 2951 4032 3052 4087; x_wconf 87' lang='lat' dir='ltr'><strong>eis.</strong></span> 
     </span>
    </p>
   </div>
   <div class='ocr_carea' id='block_1_128' title="bbox 2209 4099 3800 4175">
    <p class='ocr_par' dir='ltr' id='par_1_128' title="bbox 2209 4099 3800 4175">
     <span class='ocr_line' id='line_1_135' title="bbox 2209 4099 3800 4175; baseline 0.002 -19"><span class='ocrx_word' id='word_1_665' title='bbox 2209 4099 2395 4175; x_wconf 57' lang='lat' dir='ltr'><strong>[Plan]</strong></span> <span class='ocrx_word' id='word_1_666' title='bbox 2429 4101 2617 4157; x_wconf 86' lang='lat' dir='ltr'><strong>Facies</strong></span> <span class='ocrx_word' id='word_1_667' title='bbox 2640 4101 2854 4158; x_wconf 90' lang='lat' dir='ltr'><strong>Domini</strong></span> <span class='ocrx_word' id='word_1_668' title='bbox 2875 4103 3062 4159; x_wconf 89' lang='lat' dir='ltr'><strong>divisit</strong></span> <span class='ocrx_word' id='word_1_669' title='bbox 3088 4120 3205 4174; x_wconf 89' lang='lat' dir='ltr'><strong>eos,</strong></span> <span class='ocrx_word' id='word_1_670' title='bbox 3231 4121 3339 4162; x_wconf 93' lang='lat' dir='ltr'><strong>non</strong></span> <span class='ocrx_word' id='word_1_671' title='bbox 3361 4106 3525 4163; x_wconf 91' lang='lat' dir='ltr'><strong>addet</strong></span> <span class='ocrx_word' id='word_1_672' title='bbox 3547 4116 3602 4162; x_wconf 93' lang='lat' dir='ltr'><strong>ut</strong></span> <span class='ocrx_word' id='word_1_673' title='bbox 3624 4105 3800 4175; x_wconf 88' lang='lat' dir='ltr'><strong>respi-</strong></span> 
     </span>
    </p>
   </div>
   <div class='ocr_carea' id='block_1_129' title="bbox 2351 4183 2622 4230">
    <p class='ocr_par' dir='ltr' id='par_1_129' title="bbox 2351 4183 2622 4230">
     <span class='ocr_line' id='line_1_136' title="bbox 2351 4183 2622 4230; baseline -0.004 -2"><span class='ocrx_word' id='word_1_674' title='bbox 2351 4183 2460 4228; x_wconf 71' lang='lat' dir='ltr'><strong>Clal</strong></span> <span class='ocrx_word' id='word_1_675' title='bbox 2488 4189 2583 4230; x_wconf 76' lang='lat' dir='ltr'><strong>COS</strong></span> <span class='ocrx_word' id='word_1_676' title='bbox 2609 4191 2622 4227; x_wconf 73' lang='grc' dir='ltr'><strong>Ξ</strong></span> 
     </span>
    </p>
   </div>
   <div class='ocr_carea' id='block_1_130' title="bbox 2279 4244 3368 4331">
    <p class='ocr_par' dir='ltr' id='par_1_130' title="bbox 2279 4244 3368 4331">
     <span class='ocr_line' id='line_1_137' title="bbox 2279 4244 3368 4331; baseline 0.004 -31"><span class='ocrx_word' id='word_1_677' title='bbox 2279 4245 2444 4301; x_wconf 78' lang='lat' dir='ltr'><strong>facies</strong></span> <span class='ocrx_word' id='word_1_678' title='bbox 2477 4244 2817 4331; x_wconf 71' lang='lat' dir='ltr'><strong>sacerdotum</strong></span> <span class='ocrx_word' id='word_1_679' title='bbox 2848 4262 2955 4331; x_wconf 81' lang='lat' dir='ltr'><strong>non</strong></span> <span class='ocrx_word' id='word_1_680' title='bbox 2997 4248 3368 4317; x_wconf 89' lang='lat' dir='ltr'><strong>erubuerunt,</strong></span> 
     </span>
    </p>
   </div>
   <div class='ocr_carea' id='block_1_131' title="bbox 2281 4321 3080 4388">
    <p class='ocr_par' dir='ltr' id='par_1_131' title="bbox 2281 4321 3080 4388">
     <span class='ocr_line' id='line_1_138' title="bbox 2281 4321 3080 4388; baseline 0.005 -17"><span class='ocrx_word' id='word_1_681' title='bbox 2281 4333 2456 4388; x_wconf 89' lang='lat' dir='ltr'><strong>neque</strong></span> <span class='ocrx_word' id='word_1_682' title='bbox 2482 4334 2671 4374; x_wconf 90' lang='lat' dir='ltr'><strong>senum</strong></span> <span class='ocrx_word' id='word_1_683' title='bbox 2699 4321 2904 4375; x_wconf 91' lang='lat' dir='ltr'><strong>miserti</strong></span> <span class='ocrx_word' id='word_1_684' title='bbox 2927 4330 3080 4375; x_wconf 90' lang='lat' dir='ltr'><strong>sunt.</strong></span> 
     </span>
    </p>
   </div>
   <div class='ocr_carea' id='block_1_132' title="bbox 2209 4389 3804 4462">
    <p class='ocr_par' dir='ltr' id='par_1_132' title="bbox 2209 4389 3804 4462">
     <span class='ocr_line' id='line_1_139' title="bbox 2209 4389 3804 4462; baseline 0.002 -19"><span class='ocrx_word' id='word_1_685' title='bbox 2209 4389 2379 4462; x_wconf 79' lang='grc' dir='ltr'><strong>[Αἰη.ι</strong></span> <span class='ocrx_word' id='word_1_686' title='bbox 2408 4390 2541 4445; x_wconf 90' lang='lat' dir='ltr'><strong>Cum</strong></span> <span class='ocrx_word' id='word_1_687' title='bbox 2571 4390 2746 4446; x_wconf 80' lang='lat' dir='ltr'><strong>adhuc</strong></span> <span class='ocrx_word' id='word_1_688' title='bbox 2792 4391 3249 4460; x_wconf 90' lang='lat' dir='ltr'><strong>subsisteremus,</strong></span> <span class='ocrx_word' id='word_1_689' title='bbox 3290 4393 3613 4449; x_wconf 82' lang='lat' dir='ltr'><strong>defecerunt</strong></span> <span class='ocrx_word' id='word_1_690' title='bbox 3655 4392 3804 4447; x_wconf 91' lang='lat' dir='ltr'><strong>oculi</strong></span> 
     </span>
    </p>
   </div>
   <div class='ocr_carea' id='block_1_133' title="bbox 2350 4462 3443 4530">
    <p class='ocr_par' dir='ltr' id='par_1_133' title="bbox 2350 4462 3443 4530">
     <span class='ocr_line' id='line_1_140' title="bbox 2350 4462 3443 4530; baseline 0.004 -14"><span class='ocrx_word' id='word_1_691' title='bbox 2350 4464 2520 4517; x_wconf 89' lang='lat' dir='ltr'><strong>nostri</strong></span> <span class='ocrx_word' id='word_1_692' title='bbox 2545 4462 2614 4516; x_wconf 90' lang='lat' dir='ltr'><strong>ad</strong></span> <span class='ocrx_word' id='word_1_693' title='bbox 2640 4463 2902 4518; x_wconf 78' lang='lat' dir='ltr'><strong>auxilium</strong></span> <span class='ocrx_word' id='word_1_694' title='bbox 2935 4473 3181 4520; x_wconf 86' lang='lat' dir='ltr'><strong>nostmm</strong></span> <span class='ocrx_word' id='word_1_695' title='bbox 3207 4481 3407 4520; x_wconf 86' lang='lat' dir='ltr'><strong>vanum</strong></span> <span class='ocrx_word' id='word_1_696' title='bbox 3426 4506 3443 4530; x_wconf 89' lang='lat'><strong>,</strong></span> 
     </span>
    </p>
   </div>
   <div class='ocr_carea' id='block_1_134' title="bbox 2277 4534 3435 4607">
    <p class='ocr_par' dir='ltr' id='par_1_134' title="bbox 2277 4534 3435 4607">
     <span class='ocr_line' id='line_1_141' title="bbox 2277 4534 3435 4607; baseline 0.003 -19"><span class='ocrx_word' id='word_1_697' title='bbox 2277 4548 2401 4589; x_wconf 91' lang='lat' dir='ltr'><strong>cum</strong></span> <span class='ocrx_word' id='word_1_698' title='bbox 2433 4534 2830 4607; x_wconf 87' lang='lat' dir='ltr'><strong>respiceremus</strong></span> <span class='ocrx_word' id='word_1_699' title='bbox 2865 4536 3058 4591; x_wconf 88' lang='lat' dir='ltr'><strong>attenti</strong></span> <span class='ocrx_word' id='word_1_700' title='bbox 3094 4535 3163 4592; x_wconf 88' lang='lat' dir='ltr'><strong>ad</strong></span> <span class='ocrx_word' id='word_1_701' title='bbox 3191 4547 3435 4607; x_wconf 87' lang='lat' dir='ltr'><strong>gentem,</strong></span> 
     </span>
    </p>
   </div>
   <div class='ocr_carea' id='block_1_135' title="bbox 2281 4605 3049 4680">
    <p class='ocr_par' dir='ltr' id='par_1_135' title="bbox 2281 4605 3049 4680">
     <span class='ocr_line' id='line_1_142' title="bbox 2281 4605 3049 4680; baseline 0.005 -23"><span class='ocrx_word' id='word_1_702' title='bbox 2281 4605 2643 4680; x_wconf 73' lang='lat' dir='ltr'><strong>qtta:__salvare</strong></span> <span class='ocrx_word' id='word_1_703' title='bbox 2676 4622 2781 4661; x_wconf 92' lang='lat' dir='ltr'><strong>non</strong></span> <span class='ocrx_word' id='word_1_704' title='bbox 2816 4617 3049 4677; x_wconf 89' lang='lat' dir='ltr'><strong>poterat.</strong></span> 
     </span>
    </p>
   </div>
   <div class='ocr_carea' id='block_1_136' title="bbox 2285 4677 3810 4752">
    <p class='ocr_par' dir='ltr' id='par_1_136' title="bbox 2285 4677 3810 4752">
     <span class='ocr_line' id='line_1_143' title="bbox 2285 4677 3810 4752; baseline 0.006 -24"><span class='ocrx_word' id='word_1_705' title='bbox 2285 4677 2427 4745; x_wconf 69' lang='lat' dir='ltr'><strong>ade.&#39;|</strong></span> <span class='ocrx_word' id='word_1_706' title='bbox 2460 4679 2894 4734; x_wconf 85' lang='lat' dir='ltr'><strong>Lubricavcrunt</strong></span> <span class='ocrx_word' id='word_1_707' title='bbox 2917 4679 3148 4750; x_wconf 87' lang='lat' dir='ltr'><strong>vestigia</strong></span> <span class='ocrx_word' id='word_1_708' title='bbox 3173 4690 3358 4736; x_wconf 91' lang='lat' dir='ltr'><strong>nostra</strong></span> <span class='ocrx_word' id='word_1_709' title='bbox 3381 4680 3434 4734; x_wconf 93' lang='lat' dir='ltr'><strong>in</strong></span> <span class='ocrx_word' id='word_1_710' title='bbox 3466 4681 3663 4738; x_wconf 90' lang='lat' dir='ltr'><strong>itinere</strong></span> <span class='ocrx_word' id='word_1_711' title='bbox 3689 4682 3810 4752; x_wconf 83' lang='lat' dir='ltr'><strong>pla-</strong></span> 
     </span>
    </p>
   </div>
   <div class='ocr_carea' id='block_1_137' title="bbox 2359 4758 2939 4817">
    <p class='ocr_par' dir='ltr' id='par_1_137' title="bbox 2359 4758 2939 4817">
     <span class='ocr_line' id='line_1_144' title="bbox 2359 4758 2939 4817; baseline 0.003 -15"><span class='ocrx_word' id='word_1_712' title='bbox 2359 4758 2566 4803; x_wconf 70' lang='lat' dir='ltr'><strong>tuarum</strong></span> <span class='ocrx_word' id='word_1_713' title='bbox 2599 4759 2906 4805; x_wconf 84' lang='lat' dir='ltr'><strong>nostrarum</strong></span> <span class='ocrx_word' id='word_1_714' title='bbox 2925 4794 2939 4817; x_wconf 94' lang='lat'><strong>,</strong></span> 
     </span>
    </p>
   </div>
   <div class='ocr_carea' id='block_1_138' title="bbox 2281 4822 3156 4890">
    <p class='ocr_par' dir='ltr' id='par_1_138' title="bbox 2281 4822 3156 4890">
     <span class='ocr_line' id='line_1_145' title="bbox 2281 4822 3156 4890; baseline 0.007 -16"><span class='ocrx_word' id='word_1_715' title='bbox 2281 4822 2736 4890; x_wconf 80' lang='lat' dir='ltr'><strong>appropinquavit</strong></span> <span class='ocrx_word' id='word_1_716' title='bbox 2779 4823 2907 4876; x_wconf 87' lang='lat' dir='ltr'><strong>linis</strong></span> <span class='ocrx_word' id='word_1_717' title='bbox 2938 4832 3156 4890; x_wconf 89' lang='lat' dir='ltr'><strong>noster;</strong></span> 
     </span>
    </p>
   </div>
   <div class='ocr_carea' id='block_1_139' title="bbox 2282 4893 3809 4967">
    <p class='ocr_par' dir='ltr' id='par_1_139' title="bbox 2282 4893 3809 4967">
     <span class='ocr_line' id='line_1_146' title="bbox 2282 4893 3809 4967; baseline 0.005 -23"><span class='ocrx_word' id='word_1_718' title='bbox 2282 4893 2837 4967; x_wconf 19' lang='lat' dir='ltr'><strong>complcliﬂsunt‘dies</strong></span> <span class='ocrx_word' id='word_1_719' title='bbox 2870 4897 3075 4959; x_wconf 87' lang='lat' dir='ltr'><strong>nostri,</strong></span> <span class='ocrx_word' id='word_1_720' title='bbox 3105 4897 3232 4967; x_wconf 89' lang='lat' dir='ltr'><strong>quia</strong></span> <span class='ocrx_word' id='word_1_721' title='bbox 3263 4897 3408 4953; x_wconf 89' lang='lat' dir='ltr'><strong>venit</strong></span> <span class='ocrx_word' id='word_1_722' title='bbox 3441 4895 3564 4951; x_wconf 86' lang='lat' dir='ltr'><strong>linis</strong></span> <span class='ocrx_word' id='word_1_723' title='bbox 3592 4906 3809 4951; x_wconf 89' lang='lat' dir='ltr'><strong>noster.</strong></span> 
     </span>
    </p>
   </div>
   <div class='ocr_carea' id='block_1_140' title="bbox 2210 4961 3810 5038">
    <p class='ocr_par' dir='ltr' id='par_1_140' title="bbox 2210 4961 3810 5038">
     <span class='ocr_line' id='line_1_147' title="bbox 2210 4961 3810 5038; baseline 0.001 -18"><span class='ocrx_word' id='word_1_724' title='bbox 2210 4961 2428 5037; x_wconf 50' lang='lat' dir='ltr'><strong>[Copia</strong></span> <span class='ocrx_word' id='word_1_725' title='bbox 2473 4961 2487 5033; x_wconf 76' lang='lat' dir='ltr'><strong>l</strong></span> <span class='ocrx_word' id='word_1_726' title='bbox 2533 4962 2846 5038; x_wconf 86' lang='lat' dir='ltr'><strong>Velociores</strong></span> <span class='ocrx_word' id='word_1_727' title='bbox 2904 4961 3138 5024; x_wconf 67' lang='lat' dir='ltr'><strong>fuerunt</strong></span> <span class='ocrx_word' id='word_1_728' title='bbox 3195 4981 3577 5038; x_wconf 89' lang='lat' dir='ltr'><strong>persecutores</strong></span> <span class='ocrx_word' id='word_1_729' title='bbox 3630 4970 3810 5023; x_wconf 89' lang='lat' dir='ltr'><strong>nostri</strong></span> 
     </span>
    </p>
   </div>
   <div class='ocr_carea' id='block_1_141' title="bbox 2353 5037 2754 5106">
    <p class='ocr_par' dir='ltr' id='par_1_141' title="bbox 2353 5037 2754 5106">
     <span class='ocr_line' id='line_1_148' title="bbox 2353 5037 2754 5106; baseline 0.002 -16"><span class='ocrx_word' id='word_1_730' title='bbox 2353 5038 2549 5106; x_wconf 85' lang='lat' dir='ltr'><strong>aquilis</strong></span> <span class='ocrx_word' id='word_1_731' title='bbox 2589 5037 2712 5092; x_wconf 65' lang='lat' dir='ltr'><strong>caeli</strong></span> <span class='ocrx_word' id='word_1_732' title='bbox 2743 5055 2754 5091; x_wconf 92' lang='lat'>:</span> 
     </span>
    </p>
   </div>
   <div class='ocr_carea' id='block_1_142' title="bbox 2282 5111 3334 5180">
    <p class='ocr_par' dir='ltr' id='par_1_142' title="bbox 2282 5111 3334 5180">
     <span class='ocr_line' id='line_1_149' title="bbox 2282 5111 3334 5180; baseline 0.006 -18"><span class='ocrx_word' id='word_1_733' title='bbox 2282 5124 2446 5179; x_wconf 87' lang='lat' dir='ltr'><strong>super</strong></span> <span class='ocrx_word' id='word_1_734' title='bbox 2476 5121 2690 5164; x_wconf 91' lang='lat' dir='ltr'><strong>montes</strong></span> <span class='ocrx_word' id='word_1_735' title='bbox 2733 5111 3008 5178; x_wconf 89' lang='lat' dir='ltr'><strong>persecuti</strong></span> <span class='ocrx_word' id='word_1_736' title='bbox 3047 5121 3172 5167; x_wconf 86' lang='lat' dir='ltr'><strong>sunt</strong></span> <span class='ocrx_word' id='word_1_737' title='bbox 3201 5126 3334 5180; x_wconf 90' lang='lat' dir='ltr'><strong>nos,</strong></span> 
     </span>
    </p>
   </div>
   <div class='ocr_carea' id='block_1_143' title="bbox 2283 5180 3216 5254">
    <p class='ocr_par' dir='ltr' id='par_1_143' title="bbox 2283 5180 3216 5254">
     <span class='ocr_line' id='line_1_150' title="bbox 2283 5180 3216 5254; baseline 0.003 -21"><span class='ocrx_word' id='word_1_738' title='bbox 2283 5180 2335 5234; x_wconf 93' lang='lat' dir='ltr'><strong>in</strong></span> <span class='ocrx_word' id='word_1_739' title='bbox 2360 5180 2576 5254; x_wconf 83' lang='lat' dir='ltr'><strong>deserto</strong></span> <span class='ocrx_word' id='word_1_740' title='bbox 2603 5181 2840 5236; x_wconf 89' lang='lat' dir='ltr'><strong>insidiati</strong></span> <span class='ocrx_word' id='word_1_741' title='bbox 2879 5195 3002 5238; x_wconf 85' lang='lat' dir='ltr'><strong>sunt</strong></span> <span class='ocrx_word' id='word_1_742' title='bbox 3040 5185 3216 5238; x_wconf 92' lang='lat' dir='ltr'><strong>nobis.</strong></span> 
     </span>
    </p>
   </div>
   <div class='ocr_carea' id='block_1_144' title="bbox 2213 5250 3553 5326">
    <p class='ocr_par' dir='ltr' id='par_1_144' title="bbox 2213 5250 3553 5326">
     <span class='ocr_line' id='line_1_151' title="bbox 2213 5250 3553 5326; baseline 0.001 -18"><span class='ocrx_word' id='word_1_743' title='bbox 2213 5250 2387 5326; x_wconf 66' lang='lat'><strong>[805.]</strong></span> <span class='ocrx_word' id='word_1_744' title='bbox 2415 5253 2652 5326; x_wconf 88' lang='lat' dir='ltr'><strong>Spiritus</strong></span> <span class='ocrx_word' id='word_1_745' title='bbox 2683 5254 2796 5307; x_wconf 87' lang='lat' dir='ltr'><strong>oris</strong></span> <span class='ocrx_word' id='word_1_746' title='bbox 2828 5254 2998 5309; x_wconf 88' lang='lat' dir='ltr'><strong>nostri</strong></span> <span class='ocrx_word' id='word_1_747' title='bbox 3019 5254 3268 5310; x_wconf 82' lang='lat' dir='ltr'><strong>Christus</strong></span> <span class='ocrx_word' id='word_1_748' title='bbox 3293 5256 3553 5310; x_wconf 90' lang='lat' dir='ltr'><strong>Dominus</strong></span> 
     </span>
    </p>
   </div>
   <div class='ocr_carea' id='block_1_145' title="bbox 2281 5325 3229 5393">
    <p class='ocr_par' dir='ltr' id='par_1_145' title="bbox 2281 5325 3229 5393">
     <span class='ocr_line' id='line_1_152' title="bbox 2281 5325 3229 5393; baseline 0.002 -15"><span class='ocrx_word' id='word_1_749' title='bbox 2281 5335 2472 5393; x_wconf 87' lang='lat' dir='ltr'><strong>captus</strong></span> <span class='ocrx_word' id='word_1_750' title='bbox 2501 5335 2585 5378; x_wconf 89' lang='lat' dir='ltr'><strong>est</strong></span> <span class='ocrx_word' id='word_1_751' title='bbox 2625 5325 2675 5377; x_wconf 92' lang='lat' dir='ltr'><strong>in</strong></span> <span class='ocrx_word' id='word_1_752' title='bbox 2710 5327 2950 5393; x_wconf 87' lang='lat' dir='ltr'><strong>peccatis</strong></span> <span class='ocrx_word' id='word_1_753' title='bbox 2981 5327 3183 5382; x_wconf 90' lang='lat' dir='ltr'><strong>nostris</strong></span> <span class='ocrx_word' id='word_1_754' title='bbox 3216 5343 3229 5380; x_wconf 91' lang='lat'>:</span> 
     </span>
    </p>
   </div>
   <div class='ocr_carea' id='block_1_146' title="bbox 2281 5395 3803 5468">
    <p class='ocr_par' dir='ltr' id='par_1_146' title="bbox 2281 5395 3803 5468">
     <span class='ocr_line' id='line_1_153' title="bbox 2281 5395 3803 5468; baseline 0.003 -19"><span class='ocrx_word' id='word_1_755' title='bbox 2281 5397 2369 5450; x_wconf 89' lang='lat' dir='ltr'><strong>cui</strong></span> <span class='ocrx_word' id='word_1_756' title='bbox 2395 5395 2629 5468; x_wconf 76' lang='lat' dir='ltr'><strong>diximus</strong></span> <span class='ocrx_word' id='word_1_757' title='bbox 2662 5412 2676 5451; x_wconf 88' lang='lat'><strong>:</strong></span> <span class='ocrx_word' id='word_1_758' title='bbox 2710 5395 2768 5468; x_wconf 86' lang='lat' dir='ltr'><strong>in</strong></span> <span class='ocrx_word' id='word_1_759' title='bbox 2796 5399 2987 5451; x_wconf 89' lang='lat' dir='ltr'><strong>umbra</strong></span> <span class='ocrx_word' id='word_1_760' title='bbox 3032 5407 3118 5453; x_wconf 89' lang='lat' dir='ltr'><strong>tua</strong></span> <span class='ocrx_word' id='word_1_761' title='bbox 3155 5399 3401 5453; x_wconf 87' lang='lat' dir='ltr'><strong>vivemus</strong></span> <span class='ocrx_word' id='word_1_762' title='bbox 3436 5399 3488 5453; x_wconf 92' lang='lat' dir='ltr'><strong>in</strong></span> <span class='ocrx_word' id='word_1_763' title='bbox 3525 5397 3803 5468; x_wconf 84' lang='lat' dir='ltr'><strong>gentibus.</strong></span> 
     </span>
    </p>
   </div>
   <div class='ocr_carea' id='block_1_147' title="bbox 2211 5467 3804 5594">
    <p class='ocr_par' dir='ltr' id='par_1_147' title="bbox 2211 5467 3804 5594">
     <span class='ocr_line' id='line_1_154' title="bbox 2211 5467 3804 5594; baseline 0.001 -71"><span class='ocrx_word' id='word_1_764' title='bbox 2211 5467 2703 5594; x_wconf 51' lang='lat' dir='ltr'><strong>[Siii.jeG:;u;lie,set</strong></span> <span class='ocrx_word' id='word_1_765' title='bbox 2730 5467 2938 5536; x_wconf 68' lang='lat' dir='ltr'><strong>ltetare,</strong></span> <span class='ocrx_word' id='word_1_766' title='bbox 2977 5471 3085 5524; x_wconf 84' lang='lat' dir='ltr'><strong>lilia</strong></span> <span class='ocrx_word' id='word_1_767' title='bbox 3116 5470 3308 5538; x_wconf 89' lang='lat' dir='ltr'><strong>Edom,</strong></span> <span class='ocrx_word' id='word_1_768' title='bbox 3349 5485 3471 5541; x_wconf 77' lang='lat' dir='ltr'><strong>qua:</strong></span> <span class='ocrx_word' id='word_1_769' title='bbox 3504 5467 3720 5526; x_wconf 86' lang='lat' dir='ltr'><strong>habitas</strong></span> <span class='ocrx_word' id='word_1_770' title='bbox 3750 5471 3804 5525; x_wconf 93' lang='lat' dir='ltr'><strong>in</strong></span> 
     </span>
     <span class='ocr_line' id='line_1_155' title="bbox 2412 5554 2682 5594; baseline -0.004 0"><span class='ocrx_word' id='word_1_771' title='bbox 2412 5554 2465 5594; x_wconf 92' lang='lat' dir='ltr'><strong>rr</strong></span> <span class='ocrx_word' id='word_1_772' title='bbox 2575 5555 2605 5594; x_wconf 95' lang='lat' dir='ltr'><strong>u</strong></span> <span class='ocrx_word' id='word_1_773' title='bbox 2669 5556 2682 5593; x_wconf 94' lang='lat'>:</span> 
     </span>
    </p>
   </div>
   <div class='ocr_carea' id='block_1_148' title="bbox 2356 5549 2682 5595">
    <p class='ocr_par' dir='ltr' id='par_1_148' title="bbox 2356 5549 2682 5595">
     <span class='ocr_line' id='line_1_156' title="bbox 2356 5549 2682 5595; baseline -0.003 -1"><span class='ocrx_word' id='word_1_774' title='bbox 2356 5549 2500 5594; x_wconf 87' lang='lat' dir='ltr'><strong>terra</strong></span> <span class='ocrx_word' id='word_1_775' title='bbox 2527 5549 2637 5595; x_wconf 78' lang='lat' dir='ltr'><strong>HUS</strong></span> <span class='ocrx_word' id='word_1_776' title='bbox 2669 5556 2682 5593; x_wconf 74' lang='grc' dir='ltr'>Ζ</span> 
     </span>
    </p>
   </div>
   <div class='ocr_carea' id='block_1_149' title="bbox 2211 5705 3798 5782">
    <p class='ocr_par' dir='ltr' id='par_1_149' title="bbox 2211 5705 3798 5782">
     <span class='ocr_line' id='line_1_157' title="bbox 2211 5705 3798 5782; baseline 0.002 -19"><span class='ocrx_word' id='word_1_777' title='bbox 2211 5705 2497 5782; x_wconf 86' lang='lat' dir='ltr'><strong>metathesi</strong></span> <span class='ocrx_word' id='word_1_778' title='bbox 2521 5706 2589 5762; x_wconf 90' lang='lat' dir='ltr'><strong>ab</strong></span> <span class='ocrx_word' id='word_1_779' title='bbox 2611 5721 2672 5762; x_wconf 91' lang='lat' dir='ltr'><strong>ea</strong></span> <span class='ocrx_word' id='word_1_780' title='bbox 2702 5707 2902 5782; x_wconf 74' lang='lat' dir='ltr'><strong>diiiert,</strong></span> <span class='ocrx_word' id='word_1_781' title='bbox 2935 5709 3308 5782; x_wconf 81' lang='lat' dir='ltr'><strong>signiﬁcatque</strong></span> <span class='ocrx_word' id='word_1_782' title='bbox 3335 5725 3526 5768; x_wconf 88' lang='lat' dir='ltr'><strong>revera</strong></span> <span class='ocrx_word' id='word_1_783' title='bbox 3555 5711 3798 5780; x_wconf 72' lang='lat' dir='ltr'><strong>laborem,</strong></span> 
     </span>
    </p>
   </div>
   <div class='ocr_carea' id='block_1_150' title="bbox 2211 5780 3065 5852">
    <p class='ocr_par' dir='ltr' id='par_1_150' title="bbox 2211 5780 3065 5852">
     <span class='ocr_line' id='line_1_158' title="bbox 2211 5780 3065 5852; baseline 0.005 -17"><span class='ocrx_word' id='word_1_784' title='bbox 2211 5781 2515 5850; x_wconf 82' lang='lat' dir='ltr'><strong>molestiam,</strong></span> <span class='ocrx_word' id='word_1_785' title='bbox 2541 5787 2703 5852; x_wconf 82' lang='lat' dir='ltr'><strong>atque</strong></span> <span class='ocrx_word' id='word_1_786' title='bbox 2734 5780 2819 5837; x_wconf 83' lang='lat' dir='ltr'><strong>liis</strong></span> <span class='ocrx_word' id='word_1_787' title='bbox 2850 5780 3065 5839; x_wconf 87' lang='lat' dir='ltr'><strong>similia.</strong></span> 
     </span>
    </p>
   </div>
  </div>
