2054 3180
129 191 183 221 937

167 251 201 278 ad
217 256 242 278 te
254 256 361 286 quoque
375 251 516 286 perveniet
531 251 600 279 calix
610 273 617 282 .
637 262 643 270 ι

167 287 351 315 inebriaberis
363 308 371 320 ,
388 292 471 322 atque
486 287 644 315 nudaberis.

132 322 245 360 [Tltau.]
260 323 400 359 Complcla
417 329 458 351 est
475 323 603 359 iniquitas
625 328 680 356 tua,
702 323 757 352 tilia
772 325 853 360 Sion,
878 333 932 355 non

167 359 250 386 addet
264 359 333 386 ultra
353 364 381 386 ut
399 360 575 394 transmigret
591 363 616 386 te
632 367 639 388 :

168 395 287 432 visitavit
301 395 471 431 iniquitatem
491 400 575 429 tuam,
591 395 645 423 ﬁlia
660 396 745 425 Edom
756 417 765 432 ,

130 464 132 467 τ
167 431 355 467 discooperuit
367 437 478 467 peccata
496 434 552 458 tua.

468 499 586 527 INCIPIT

249 578 262 593 -
289 560 514 604 ORATIO
541 560 813 604 JEREMLE

406 629 646 662 PROPHET/E.

130 683 211 720 [Capt
224 681 457 720 7V.'|7llecordare,
474 682 598 720 Domine,
617 681 680 720 quid
696 681 827 720 acciderit

169 718 257 751 nobis,
280 719 399 752 intuere,
415 722 444 745 et
458 718 566 752 respice
581 718 758 752 opprobrium
778 724 912 746 nostrum.

129 754 283 782 Ila-reditas
295 759 386 782 nostra
399 761 478 781 versa
491 758 534 781 est
549 754 582 781 ad
593 754 708 787 alienos,
721 753 819 782 domus
832 760 934 782 nostr-te

204 790 237 817 ad
253 795 408 818 extraneos.

129 826 229 862 Popilli
253 826 318 853 facti
343 833 438 854 sumus
462 825 566 861 absque
592 830 688 861 patre,
709 831 812 854 matres
832 830 934 854 nostra:

201 863 278 896 qttasi
294 862 393 889 viduae.

129 898 236 933 Aquam
252 904 372 925 nosu-am
389 897 503 932 pecunia
521 897 638 925 bibimus
653 906 659 924 :
676 897 747 934 ligna
763 903 856 926 nostra
872 905 935 933 pre-

206 935 243 961 tio
253 933 481 967 comparavimus.

130 970 289 1012 Cervicibus
315 970 416 998 nostris
440 969 623 1003 minabamur,
644 969 723 997 lassis
743 977 798 997 non
817 969 934 998 dabatur

203 1013 326 1042 requies.

128 1041 252 1078 [Egypto
261 1042 387 1070 dedimus
397 1049 519 1076 manum,
535 1045 564 1070 et
577 1041 697 1078 Assyriis
708 1046 737 1069 ut
747 1045 934 1071 saturaremur

203 1086 283 1113 pane.

129 1114 225 1143 Patres
240 1114 327 1155 nostri
343 1118 526 1149 peccaverunt
537 1134 548 1155 ,_
562 1118 592 1141 et
607 1121 660 1141 non
675 1118 738 1142 sunt
751 1136 758 1149 ,
775 1119 802 1142 et
817 1122 866 1143 nos
882 1113 934 1142 inl-

202 1150 320 1186 quitatcs
332 1158 427 1178 eorum
446 1150 622 1184 portavimus.

127 1187 207 1215 Servi
228 1186 358 1214 dominati
374 1191 436 1213 sunt
452 1186 539 1214 nostri
557 1195 563 1212 :
584 1194 639 1214 non
654 1185 706 1214 fuit
726 1186 772 1222 qui
787 1186 934 1216 redimeret

203 1222 238 1251 de
252 1230 332 1250 manu
346 1230 453 1250 eorum.

171 1309 183 1323 ιι
199 1302 335 1332 Orationis
358 1303 485 1332 Ieremia:
511 1303 635 1332 meminit
654 1303 684 1332 S.
705 1303 887 1339 llieronymtts
909 1302 936 1331 in

137 1335 254 1374 Prologo
276 1340 490 1376 Scripturarum,
515 1339 593 1368 libris
608 1339 712 1374 Regqu
731 1335 859 1376 prteii'xo,
874 1347 937 1375 pro-

134 1377 205 1404 bans
218 1376 313 1409 viginti
328 1375 355 1403 et
376 1376 444 1403 duas
460 1375 565 1403 litteras
580 1384 643 1403 esse
665 1375 737 1409 apud
753 1375 882 1403 Hebraeos
901 1383 935 1403 ex

133 1412 231 1447 viginti
243 1412 348 1440 duabus
364 1412 555 1443 incisionibus,
569 1419 630 1446 quin
644 1416 826 1446 supputantur
844 1411 870 1438 in
885 1410 936 1439 bac

130 1448 227 1476 eadem
242 1448 378 1476 oratione.
396 1447 481 1475 Porro
500 1447 607 1475 numeri
623 1447 709 1475 Graeci
723 1447 820 1482 quibus
835 1447 936 1475 utimur

131 1485 160 1511 in
177 1484 303 1518 pratsenti
323 1484 458 1518 editione,
479 1483 574 1511 eodem
593 1483 674 1510 modo
694 1483 870 1518 reperiuntur
887 1483 936 1511 de-

131 1519 226 1583 ;friini
242 1521 268 1547 in
283 1520 487 1555 excrnplaribus
502 1519 621 1548 Canouis
644 1518 786 1547 Ilebraicze
800 1518 935 1546 veritatis.

159 1564 222 1583 ART.

159 1564 222 1583 AliT.

167 1591 287 1620 —-Visus
295 1596 335 1618 cst
347 1591 435 1620 doctis
446 1591 512 1618 viris
520 1591 549 1619 S.
562 1590 675 1619 Paterin
687 1591 800 1627 prologo
807 1590 841 1618 ad
852 1590 938 1618 libros

134 1627 237 1663 Ilcgum
268 1629 339 1654 hanc
366 1635 474 1662 quoque
500 1627 603 1654 dixisse
627 1627 756 1655 Jeremite
779 1626 937 1654 Orationem

132 1663 293 1691 acrostielio
307 1663 414 1695 ortline,
434 1664 467 1689 ad
482 1663 714 1691 Lamentationum
727 1664 814 1689 instar
826 1668 942 1689 contex-

136 1705 192 1726 tam
205 1707 276 1730 esse.
292 1699 335 1725 ubi
352 1698 485 1730 Jeremiar,
499 1699 597 1731 inquit,
611 1698 820 1725 Lamentationes
834 1703 858 1724 et
874 1697 942 1724 Ora-

603 191 789 221 PRIEFATIO
809 188 999 220 HIERONYMI
1018 189 1052 219 IN
1071 189 1304 219 EZECHIELEM.

1730 187 1784 217 938
1803 214 1809 218 .

897 256 899 260 '
946 252 972 282 Α
986 249 1014 276 1η
1037 250 1179 276 animabus
1202 250 1302 276 nostris
1324 248 1506 276 aiiercbamtts
1527 254 1624 284 panem
1645 247 1742 281 nobis,
1767 255 1784 276 ι

1058 286 1127 312 facie
1141 286 1223 319 gladii
1238 286 1264 312 in
1280 287 1413 312 deserto.»

984 320 1069 349 Pellis
1084 327 1186 355 nostra,
1201 322 1278 354 quasi
1296 320 1418 355 clibanus
1431 326 1528 349 exusta
1540 324 1584 349 est
1597 327 1612 348 a
1628 319 1697 349 tacie
1713 324 1784 348 tem-

1056 361 1191 392 pestatum
1209 357 1297 384 famis.

984 391 1111 456 Mulier-ﬁs
1126 394 1155 456 inJ
1162 393 1227 456 Stijon
1239 393 1461 428 lmmiliaverunt,
1477 397 1506 423 et
1515 393 1636 429 virgines
1647 392 1674 421 in
1685 391 1785 422 civita-

1058 435 1075 456 ΙΙ
1098 437 1128 456 IIS
1160 437 1175 455 u
1197 437 1221 456 ξι.

1058 435 1128 456 IIIJIIS
1143 435 1221 456 JUUII.

984 465 1124 502 Principes
1145 473 1225 492 manu
1245 465 1370 502 suspensi
1388 470 1451 495 sunt
1473 474 1481 494 :
1504 465 1589 495 facies
1612 472 1707 494 senum
1728 469 1786 493 nou

1057 501 1234 530 erubuerunt.

986 537 1211 566 Adolescentihus
1236 538 1372 571 impudice
1396 538 1473 567 abusi
1494 542 1577 573 sunt,
1601 542 1630 567 et
1648 535 1729 575 pueri
1753 535 1784 564 in

1059 574 1132 608 ligno
1146 581 1318 602 corruerunt.

986 610 1073 672 Seneis
1087 611 1123 651 de
1135 610 1222 645 portis
1237 611 1397 639 defecerunt
1409 632 1416 644 ,
1433 611 1548 646 juvenes
1562 609 1596 639 de
1610 610 1698 639 choro
1710 608 1785 645 psal-

1069 652 1184 672 CIIIIUHI.

1069 652 1184 673 CIIllUlll.

987 682 1091 710 Deiecit
1104 682 1231 718 gaudium
1244 683 1335 711 cordis
1351 683 1437 712 nostri
1455 693 1460 709 :
1476 689 1572 712 versus
1586 682 1667 711 estin
1680 681 1785 710 luctum

1058 719 1159 745 chorus
1180 724 1284 746 noster.

986 754 1092 782 Cecidit
1107 762 1208 796 corona
1225 755 1322 791 capitis
1336 756 1422 784 nostri
1440 764 1447 783 :
1463 762 1504 783 va:
1519 753 1598 783 nobis
1611 777 1620 790 ,
1643 753 1708 790 quia
1723 760 1787 790 pec-

1058 798 1192 818 catttmus.

985 825 1134 862 Propterea
1157 832 1284 856 nuestum
1307 827 1407 856 factum
1431 833 1472 856 est
1494 834 1543 855 cor
1563 831 1703 860 nostrum,
1723 825 1789 854 ideo

1057 863 1247 891 contenebrati
1264 868 1328 892 sunt
1341 864 1411 892 oculi
1426 863 1523 891 nostri.

987 896 1104 934 Propter
1112 904 1232 940 montem
1244 899 1322 933 Sion,
1335 901 1398 935 quia
1409 898 1650 936 disperiit,vu|pes
1661 896 1788 927 ambula-

1059 939 1157 962 verunt
1176 939 1203 961 111
1220 942 1263 963 εο-

988 968 1029 998 Tu
1042 975 1144 1003 autem,
1159 970 1287 1005 Domine,
1304 972 1331 998 in
1346 975 1479 999 mternum
1492 970 1678 1006 permanebis,
1688 969 1788 998 solium

1059 1011 1135 1034 tuum
1152 1006 1179 1034 in
1194 1007 1399 1042 generationem
1415 1011 1444 1034 et
1454 1006 1659 1041 generationem
1674 1015 1680 1032 :

988 1042 1078 1077 Quare
1092 1042 1118 1070 in
1131 1041 1291 1078 perpetuum
1307 1042 1478 1071 oblivisceris
1493 1042 1602 1071 nostri?
1614 1041 1789 1078 derelinquas

1062 1086 1113 1106 nos
1126 1079 1153 1106 in
1170 1078 1340 1106 lontzitudine
1353 1078 1483 1106 dierum?

988 1114 1125 1143 Converte
1142 1122 1203 1147 nos,
1223 1113 1349 1148 Domine,
1367 1114 1402 1141 ad
1418 1120 1455 1146 te.
1471 1119 1500 1142 et
1513 1118 1707 1142 convertemur
1722 1122 1728 1140 :
1745 1113 1789 1141 in-

1062 1158 1132 1179 nova
1147 1149 1206 1178 dies
1220 1155 1341 1182 nostros,
1356 1150 1429 1178 sicut
1441 1158 1457 1177 a
1472 1150 1618 1186 principio.

989 1186 1042 1215 Sed
1066 1186 1215 1223 projiciens
1234 1186 1358 1223 repulisti
1376 1194 1444 1222 nos,
1468 1186 1553 1215 iratus
1571 1193 1602 1214 es
1621 1190 1721 1215 contra
1737 1191 1790 1214 nos

1058 1221 1235 1251 vehementer
1248 1221 1274 1250 »ᾧ

990 1303 1107 1340 ejusdem
1122 1303 1222 1332 numeri
1235 1304 1375 1338 alphabeto
1390 1303 1585 1340 comprehendi
1598 1324 1605 1337 ,
1624 1311 1678 1340 quo
1693 1308 1720 1331 et
1735 1302 1791 1331 La-

990 1341 1172 1368 mentationes
1187 1349 1193 1368 :
1210 1341 1450 1376 quamquamistm
1465 1342 1490 1368 id
1509 1346 1642 1376 praeterea
1658 1340 1788 1372 habeant,

990 1376 1062 1411 quod
1075 1377 1150 1410 juxta
1166 1377 1319 1405 litterarum
1333 1377 1432 1405 seriem
1449 1377 1492 1405 vel
1507 1377 1606 1412 singuli
1621 1377 1733 1412 quique,
1746 1377 1790 1403 vel

990 1412 1047 1439 bini
1070 1419 1165 1439 versus
1187 1413 1221 1440 ab
1245 1420 1339 1441 earum
1363 1420 1417 1440 una
1441 1420 1476 1440 ex
1496 1412 1592 1440 ordine
1614 1412 1789 1440 inchoantur.

989 1447 1092 1482 Nempe
1107 1448 1133 1475 id
1146 1449 1196 1476 sibi
1212 1457 1293 1476 untnn
1311 1454 1491 1484 proposuerat
1503 1456 1536 1476 eo
1552 1448 1613 1476 loco
1625 1446 1785 1484 ostendere,

988 1484 1170 1520 vigintiduas
1190 1492 1251 1512 esse
1267 1483 1414 1512 HebraiCas
1432 1485 1553 1517 litteras,
1570 1483 1641 1520 quod
1656 1488 1713 1510 tum
1729 1483 1790 1511 aliis

988 1519 1123 1555 exemplis
1134 1541 1141 1552 ,
1157 1524 1213 1547 tum
1230 1520 1282 1548 hoc
1301 1521 1360 1554 ipso
1380 1520 1616 1548 Lamentationum
1634 1523 1716 1553 atque
1728 1525 1791 1555 ora-

990 1554 1208 1583 tionis’Jeremiaa
1219 1556 1287 1583 satis
1297 1563 1362 1584 vere
1372 1561 1453 1591 atque
1461 1556 1570 1583 erudite
1581 1554 1788 1591 demonstravit.

990 1593 1126 1619 Cazterum
1141 1592 1211 1620 adeo
1228 1596 1335 1620 certum
1353 1590 1414 1625 est,
1429 1600 1483 1619 non
1500 1591 1550 1619 nisi
1567 1590 1791 1624 Lamentationes

991 1627 1145 1655 acrostielio
1161 1627 1209 1655 illo
1225 1628 1341 1655 artilicio
1353 1627 1522 1662 compositas
1534 1628 1666 1660 sensisse,
1683 1630 1712 1653 ut
1722 1633 1791 1660 quo-

992 1664 1045 1690 ties
1058 1662 1124 1690 alibi
1135 1671 1225 1691 sermo
1236 1669 1279 1691 est
1293 1664 1331 1691 illi
1345 1663 1395 1691 hac
1409 1664 1443 1690 tle
1456 1670 1496 1696 re,
1511 1662 1675 1698 quadruplex
1686 1666 1789 1688 tantum

994 1698 1089 1726 laudet
1105 1699 1231 1727 Jeremim
1247 1699 1416 1731 alphabetum
1436 1699 1544 1726 diversis
1556 1698 1660 1731 metris,
1676 1700 1730 1732 quo
1743 1704 1792 1724 no-

135 1736 173 1761 tio
199 1736 313 1771 ejusdem
332 1735 434 1761 numeri
459 1739 581 1771 texuntur
604 1734 757 1771 pulp/iubeto.
782 1733 849 1771 Cum
874 1741 940 1761 vero
954 1737 977 1770 ρ
993 1736 1067 1762 mine
1082 1740 1199 1770 quatuor
1211 1734 1357 1762 dumtaxat
1371 1734 1612 1771 Lamentationum
1624 1732 1791 1771 capitaﬁejus

139 1771 199 1798 lucc
215 1771 302 1802 aliter,
325 1771 351 1798 id
366 1777 422 1802 est,
443 1771 517 1798 nullo
532 1770 566 1797 ad
586 1770 725 1806 alphabeti
751 1770 877 1797 ordinem
893 1777 937 1796 rc-

137 1813 233 1840 Specni
257 1806 365 1840 habito,
383 1806 464 1834 luerit
488 1807 523 1833 ab
547 1812 660 1834 auctore
683 1810 810 1837 exarata,
833 1806 935 1833 erroris

134 1842 168 1870 S.
190 1842 333 1870 Doctorem
354 1842 521 1870 insimulant.
542 1842 643 1869 Verum
666 1850 720 1869 non
741 1847 770 1868 ut
791 1841 830 1868 illi
853 1847 936 1868 autu-

134 1883 224 1910 mant,
241 1878 276 1905 ab
288 1878 426 1912 alpliabeti
440 1879 585 1906 elementis
598 1885 632 1905 ex
644 1877 752 1911 ordine,
768 1882 796 1904 ut
810 1876 934 1904 Lamen-

134 1914 271 1941 tationnm
287 1915 375 1948 capita
385 1935 392 1946 ,
407 1914 493 1949 ipsam
510 1921 617 1949 quoque
628 1914 785 1949 orationem
796 1913 882 1948 digeri
897 1913 936 1940 ait

134 1950 169 1977 S.
184 1949 264 1977 Pater
278 1957 285 1976 τ
300 1950 349 1977 sed
361 1948 454 1985 viginti
467 1950 573 1977 duobus
584 1957 643 1976 eam
654 1948 788 1977 contineri
799 1949 935 1981 versibus,

133 1990 204 2021 quot
219 1994 334 2014 numero
354 1991 416 2013 sunt
435 1985 533 2013 litterae
551 1986 578 2012 in
592 1985 740 2020 alpbabeto
756 1994 763 2012 :
782 1984 863 2020 idque
878 1989 935 2018 est,

993 1777 1054 1798 esse
1073 1767 1236 1807 scriptionis
1247 1771 1385 1807 designat.
1400 1770 1508 1807 Videsis
1524 1770 1606 1807 epist.
1622 1767 1706 1807 5_3’ad
1721 1767 1792 1807 Pau-

989 1807 1076 1834 linum
1086 1827 1093 1839 ,
1109 1804 1184 1834 εἶδε)
1197 1806 1231 1834 ad
1245 1804 1356 1834 Paulam
1367 1827 1375 1840 ,
1390 1814 1466 1834 num.
1482 1806 1509 1833 ’5.
1524 1804 1610 1833 Porro
1624 1805 1719 1832 Graeca
1732 1804 1792 1832 cle-

990 1847 1084 1870 menta
1096 1843 1210 1878 singulis
1221 1843 1345 1870 versibus
1356 1843 1479 1878 apposita
1492 1849 1526 1868 ex
1537 1840 1650 1878 antiquo
1663 1848 1716 1878 ms.
1729 1844 1792 1874 post

989 1876 1179 1906 Martianaaim
1192 1876 1459 1913 retiuuimus,‘duod
1472 1885 1616 1905 numerum
1629 1876 1788 1912 designent,

990 1921 1044 1950 non
1060 1914 1194 1950 initialem
1209 1913 1350 1950 archetypi
1366 1913 1493 1942 litteram.
1549 1949 1554 1950 γ
1586 1916 1590 1920 ”

1025 1948 1039 1986 1}
1059 1949 1088 1977 In
1107 1946 1400 1986 Palatinoinsfaddit
1420 1949 1590 1986 antiquarios
1609 1956 1617 1977 :
1639 1946 1791 1979 Hieremias

989 1984 1076 2019 habet,
1093 1993 1182 2014 versus
1197 1985 1274 2014 IIII.
1291 1984 1408 2014 CCCCL.

753 2040 871 2076 Explicit
885 2039 1012 2069 Jeremias
1028 2044 1166 2078 propheta.

135 2125 1779 2140 w—W

396 2202 690 2243 PB/EFATIO
716 2199 1046 2239 HIERONYMI
1071 2200 1130 2240 IN
1161 2201 1531 2241 EZECHIELEM.

829 2295 836 2314 l

866 2294 1064 2304 —_~_——

179 2362 307 2394 Ezechiel
318 2361 450 2399 propheta
464 2369 524 2389 cum
535 2358 648 2389 Joacbin
661 2367 725 2395 rege
734 2358 803 2387 Juda
813 2358 938 2394 captivus
952 2357 977 2389 D
990 2358 1232 2394 prophetaverunt.
1251 2360 1349 2391 Sermo
1363 2360 1421 2396 ejus
1443 2368 1494 2390 nec
1511 2359 1577 2389 satis
1590 2358 1719 2395 disertus,
1743 2364 1794 2389 nec

140 2415 242 2443 ductus
255 2415 299 2439 cst
312 2411 338 2438 in
354 2409 520 2445 Babylonem
538 2417 544 2434 τ
561 2407 653 2442 ibique
666 2406 700 2434 iis
713 2406 759 2442 qui
773 2413 834 2434 cum
848 2412 882 2433 eo
895 2413 940 2432 ca-

140 2461 184 2498 pti
198 2458 252 2496 [AL
268 2457 378 2494 captivi]
397 2457 520 2488 fuerant,
535 2453 725 2490 prophetavit,
744 2452 941 2489 pmoitcntibus

140 2507 218 2543 quod
230 2505 264 2533 ad
275 2503 403 2533 Jeremiaa
414 2501 571 2531 vaticinium
583 2508 613 2528 se
625 2501 695 2528 ultro
707 2498 874 2527 adversariis
886 2503 942 2525 tra-

141 2555 280 2583 didissent
293 2575 300 2588 ,
324 2557 351 2580 et
372 2551 500 2578 viderent
520 2548 609 2576 adhuc
627 2549 723 2575 urbem
741 2547 943 2581 Jerosolymam

131 2597 159 2620 ³³
173 2607 262 2635 stare,
278 2606 359 2635 quam
376 2598 422 2625 ille
436 2603 563 2625 casuram
580 2603 641 2623 csse
657 2594 832 2630 prtedixerat.
848 2592 944 2628 Trige-

144 2650 217 2676 simo
231 2652 320 2675 autem
333 2645 423 2673 aztatis
433 2652 490 2672 sua:
502 2642 516 2664 δ
528 2651 610 2677 anno,
623 2648 650 2670 et
662 2641 827 2675 captivitatis
839 2641 945 2676 quinto,

133 2702 263 2723 .exorsus
273 2698 317 2722 est
325 2693 359 2721 ad
370 2691 546 2727 concaptivos
558 2690 642 2726 loqui.
658 2690 690 2717 Et
701 2688 799 2717 eodem
811 2694 944 2723 tempore,

146 2742 212 2770 licet
225 2740 374 2778 posterior,
395 2740 439 2768 hic
455 2740 482 2767 in
501 2738 636 2772 Chaldea,
655 2737 791 2767 Jeremias
812 2737 838 2765 in
854 2736 946 2765 Iudam

186 2840 199 2853 η
218 2833 334 2869 Sequior
344 2838 441 2860 manus
453 2831 479 2858 in
493 2828 587 2858 codice
600 2828 725 2857 Palatino
738 2827 824 2855 erasit
838 2825 949 2854 verbum

150 2871 204 2925 ml?
217 2876 357 2933 Ilz'cevero
372 2904 462 2939 ipsum
477 2907 558 2939 negat
572 2902 604 2939 S.
616 2901 698 2939 Pater
711 2900 738 2928 in
754 2897 952 2939 commentario

152 2941 250 2978 primis
263 2941 354 2978 statim
372 2936 465 2978 verbis
481 2947 489 2966 ε
507 2938 676 2978 Tricesjmus,
693 2936 837 2978 inquiens,
855 2941 951 2978 auitas,

154 2969 243 3009 nonut
252 2977 368 3016 plerique
376 2976 517 3007 mtimant,
528 2974 612 3002 matis
623 2969 875 3011 prophetic‘dicitur:
884 2969 956 3002 Tum

356 3024 499 3060 Pauor...
517 3020 669 3058 XXVIII.

994 2406 1140 2435 admodum
1154 2408 1273 2436 rusticus
1289 2414 1330 2437 est
1347 2418 1354 2436 :
1372 2408 1420 2437 sed
1439 2416 1473 2437 ex
1487 2413 1603 2444 utroque
1619 2407 1709 2436 medie
1723 2414 1794 2436 tem-

994 2459 1115 2489 peratus.
1130 2455 1266 2483 Sacerdos
1279 2461 1305 2483 et
1319 2454 1388 2490 ipse,
1402 2455 1473 2483 sicut
1489 2461 1515 2483 et
1526 2452 1661 2485 Jeremias
1674 2464 1681 2482 -:
1696 2455 1796 2490 princi-

997 2502 1040 2537 pia
1054 2502 1202 2530 voluminis
1217 2507 1244 2530 et
1259 2503 1340 2530 linem
1354 2503 1459 2538 magnis
1470 2501 1574 2530 habens
1584 2501 1797 2530 obscuritatibus

998 2540 1201 2577 involutaF—Sed
1213 2554 1242 2577 et
1253 2549 1367 2584 Vulgata
1384 2550 1443 2584 ejus
1457 2549 1542 2577 editio
1558 2555 1612 2576 non
1627 2549 1742 2576 multum
1757 2548 1800 2575 di-

998 2600 1053 2623 stat
1066 2596 1099 2623 ab
1113 2587 1351 2624 Ilebraico.1]nde
1363 2596 1428 2623 satis
1441 2596 1526 2624 miror
1537 2595 1601 2631 quid
1613 2590 1702 2622 causa:
1714 2595 1799 2622 exsti-

999 2642 1074 2677 terit,
1089 2644 1152 2671 utsi
1166 2642 1277 2671 eosdem
1293 2643 1319 2670 in
1334 2642 1469 2670 universis
1484 2636 1562 2670 libris
1573 2641 1704 2669 habemus
1715 2642 1800 2670 inter-

1001 2694 1104 2725 pretes,
1119 2689 1146 2716 in
1160 2689 1222 2717 aliis
1240 2688 1347 2722 eadem,
1364 2688 1390 2715 in
1406 2688 1468 2716 aliis
1482 2688 1590 2716 diversa
1603 2687 1801 2715 transtulerint.

1001 2735 1096 2771 Legite
1115 2735 1196 2779 igitur
1216 2740 1243 2764 et
1262 2738 1332 2763 hunc
1344 2735 1422 2771 juxta
1436 2733 1642 2763 translationem
1660 2738 1803 2766 nostram;

1005 2833 1066 2866 qua}
1080 2824 1192 2861 propior
1204 2824 1237 2852 ad
1251 2824 1332 2866 ﬁdem
1348 2822 1481 2853 sententia
1496 2829 1557 2866 est:
1572 2824 1675 2866 mavult
1686 2822 1744 2866 ipse
1759 2822 1806 2866 t'ri-

1005 2857 1140 2902 desidium
1153 2868 1254 2902 annum
1275 2861 1312 2888 ab
1326 2866 1458 2889 renovato
1472 2859 1620 2902 sub_.losia
1639 2857 1742 2900 foedere
1760 2857 1809 2902 Ju-

1006 2897 1128 2925 daeorum
1139 2904 1200 2925 cum
1214 2896 1271 2924 Deo
1282 2902 1441 2932 supputare.
1452 2904 1516 2926 cum
1524 2896 1582 2933 jam
1592 2902 1679 2927 annos
1688 2896 1811 2932 quinque

1007 2933 1108 2973 egisset
1120 2932 1247 2965 Ezechiel
1259 2932 1288 2962 in
1298 2933 1467 2971 captivitate.

1495 3011 1539 3051 3Q
