4108 6360
259 378 363 440 941

406 566 603 619 bonum
635 564 772 633 ignis
804 564 1136 630 ardentium,

332 646 385 693 et
406 638 557 707 quasi
584 646 833 701 aspectus
863 636 1259 706 lampadarum.

255 709 388 765 Haec
415 718 530 763 erat
558 706 695 762 visio
718 708 1029 763 discurrens
1060 709 1113 763 in
1143 708 1326 764 medio
1356 706 1697 776 animalium,

331 779 596 848 splendor
620 782 777 851 ignis,

334 864 390 908 et
430 854 497 907 de
528 850 659 913 igne
689 850 868 921 fulgur
895 851 1205 921 egrediens.

254 925 327 981 Et
352 923 609 979 animalia
640 926 863 980 ibantet
894 928 1331 986 revertebantur,

331 998 383 1050 in
416 996 830 1052 similitudinem
871 995 1097 1065 fulguris
1127 995 1486 1053 coruscantis.

252 1068 502 1137 Cumque
534 1068 832 1137 aspicerem
861 1067 1139 1133 animalia,

328 1140 587 1209 apparuit
609 1148 725 1195 rota
752 1156 857 1194 una
883 1155 1047 1209 super
1078 1150 1275 1193 terram
1304 1139 1458 1209 juxta
1488 1137 1768 1207 animalia,

330 1158 587 1209 apparuit
609 1158 725 1195 rota
752 1158 857 1194 nua
883 1158 945 1192 su
973 1158 1047 1193 ιρι·
1078 1158 1275 1193 terram
1304 1158 1457 1209 luxu

330 1214 539 1266 habens
566 1210 673 1281 [ΑΙ.
704 1158 976 1282 habentiai
1002 1222 1236 1281 quatuor
1268 1211 1457 1272 facies.

254 1283 327 1339 Et
360 1292 898 1365 aspectusrotartnn,
931 1293 983 1336 et
1016 1298 1151 1353 opus
1180 1298 1393 1354 earum,

331 1371 487 1426 QIIHSI
532 1370 672 1408 VISlﬂ
705 1368 904 1409 maris:

254 1427 328 1484 Et
352 1442 454 1483 una
486 1426 786 1481 similitudo
818 1428 1051 1495 ipsarum
1085 1436 1317 1496 quatuor
1345 1444 1359 1483 :

330 1507 385 1553 et
414 1509 667 1559 aspectus
696 1512 881 1551 earnm
914 1507 969 1551 et
1002 1514 1192 1564 opera,

328 1568 484 1640 quasi
512 1571 581 1623 sit
606 1580 721 1623 rota
746 1571 800 1624 in
830 1570 1010 1623 medio
1042 1581 1195 1623 rotaa.

255 1642 364 1700 Per
388 1654 619 1711 quatuor
648 1652 830 1711 partes
861 1656 1049 1696 carum
1077 1653 1267 1696 euntes
1294 1641 1468 1709 ibant,

329 1726 381 1770 et
407 1729 513 1767 non
543 1712 951 1767 revertebantur
972 1730 1093 1765 cum
1135 1714 1507 1775 ambularent.

258 1786 477 1843 Statura
501 1800 718 1855 quoque
748 1796 863 1841 erat
893 1787 1049 1847 rotis,

330 1868 385 1912 et
413 1858 664 1924 altitudo,
697 1866 753 1909 et
783 1856 1061 1911 horribilis
1093 1867 1351 1925 aSpectus
1383 1876 1395 1910 :

332 1940 387 1985 et
419 1937 587 1983 totum
612 1942 811 2000 corpus
841 1928 1058 1998 plenum
1089 1930 1259 1984 oeulis
1291 1934 1343 1984 itt
1367 1926 1598 1984 circuitu
1625 1928 1867 2001 ipsarum

403 2010 662 2070 quatuor.

263 2074 509 2140 Cumque
536 2072 877 2129 ambularent
909 2070 1184 2138 animalia,

333 2144 690 2200 ambulabant
725 2148 925 2211 pariter
950 2158 1003 2199 et
1035 2154 1168 2198 rotm
1203 2143 1357 2210 juxta
1382 2159 1442 2198 ea
1473 2161 1489 2196 :

259 2217 327 2274 Et
366 2233 488 2271 cum
517 2217 861 2273 eleVaruntur
900 2217 1155 2271 animalia
1196 2218 1263 2271 de
1298 2226 1465 2284 terra,
1518 2214 1873 2273 elevabantur

404 2289 565 2343 simul
595 2298 651 2342 et
691 2296 844 2342 rotae.

262 2362 619 2430 Quocumque
647 2360 758 2415 ibat
786 2357 1035 2427 spiritus,

335 2433 461 2488 illuc
499 2440 664 2486 eunte
715 2432 932 2500 Spiritu,
979 2443 1034 2487 et
1084 2442 1220 2487 rotae
1265 2432 1468 2504 pariter
1527 2430 1870 2501 levabantur,

410 2513 704 2571 sequentes
733 2518 884 2557 eum.

262 2575 509 2657 Spiritus
536 2578 679 2657 enim
717 2578 844 2628 vita:

344 2650 543 2701 eratin
573 2650 729 2701 retis.

264 2721 404 2779 Cum
436 2719 684 2774 euntibus
725 2717 898 2782 ibant,
931 2727 1129 2774 etcum
1163 2719 1431 2775 stantibus
1471 2720 1687 2777 stabant
1728 2736 1743 2773 :

347 2803 546 2848 etcum
579 2789 807 2845 elevatis
833 2807 862 2844 a
896 2802 1059 2859 terra,
1092 2804 1295 2861 pariter
1318 2794 1673 2850 elevabantur
1708 2802 1761 2847 et
1791 2804 1878 2846 ro-

416 2874 503 2931 tm,
550 2875 842 2930 sequentes
874 2877 933 2916 ea
962 2879 975 2915 :

339 2936 464 3007 quia
492 2936 721 3005 spiritus
749 2936 873 2987 vita:
911 2944 1026 3007 erat
1060 2934 1111 3007 in
1137 2935 1289 2990 rutis.

266 3004 671 3089 Et—sintilitudo.
690 3021 854 3078 super
884 3005 1057 3077 capita
1084 3004 1191 3078 [Αἰ.
1220 3006 1405 3080 caput]
1434 3007 1753 3065 animalium
1780 3010 1876 3066 (ir-

414 3088 672 3133 momenti
690 3120 704 3143 ,

340 3154 496 3224 quasi
527 3161 778 3221 aspectus
806 3148 1052 3224 crystalli
1085 3148 1384 3224 horribilis,

340 3220 397 3278 et
424 3220 643 3277 extensi
664 3238 825 3289 super
847 3220 1022 3288 catiita
1052 3235 1236 3276 eorum
1266 3223 1521 3293 desuper.

1339 372 1549 432 LIBER
1586 369 1995 431 EZECllIELlS
2033 369 2452 429 PROPHETZE.

258 493 332 551 Et
356 489 655 566 similitudo
694 490 1031 566 animalium,
1054 499 1308 562 aspectus
1329 509 1519 550 eorum
1552 492 1704 566 quasi
1740 506 1860 548 car-
1885 496 1940 554 Α

3460 373 3571 433 942

2038 502 2122 547 est
2147 490 2313 556 mihi,

2036 576 2090 618 et
2121 562 2310 619 statuit
2334 578 2421 617 me
2456 576 2619 629 supra
2648 562 2813 631 pedes
2842 577 3029 621 meos:

2034 643 2089 689 et
2115 635 2295 689 audivi
2321 636 2633 705 loquentem
2665 635 2733 689 ad
2759 649 2867 706 me,
2893 645 2947 691 et
2967 635 3237 693 dicentem
3269 652 3281 689 :

1962 705 2066 767 Fili
2089 707 2343 771 hominis,

2036 777 2194 834 mitto
2224 794 2325 848 ego
2361 788 2411 831 te
2448 776 2511 830 ad
2546 776 2685 832 filios
2715 778 2899 845 Israel,
2942 779 3008 835 ad
3048 789 3241 852 gentes
3272 781 3569 855 apOSIatri-

2108 866 2223 913 ces,
2254 864 2375 918 qua:
2399 859 2741 905 recesserunt
2768 866 2797 905 a
2831 867 2917 906 me
2944 869 2957 904 :

2038 923 2141 991 ipsi
2186 932 2243 976 et
2304 929 2487 992 patres
2546 937 2739 998 eorum
2791 923 3129 998 praevaricati
3184 934 3312 981 sunt
3356 937 3575 998 pactum

2111 1010 2289 1049 meum
2321 1007 2496 1061 usque
2522 993 2589 1047 ad
2619 994 2761 1049 diem
2790 996 2949 1051 hanc.

1965 1066 2034 1123 Et
2066 1065 2158 1121 lilii
2186 1067 2320 1143 dura
2352 1066 2508 1131 lat-ie,
2541 1074 2594 1119 et
2622 1065 2941 1123 indomabili
2968 1067 3131 1127 corde
3154 1078 3301 1139 sunt,
3342 1071 3411 1128 ad
3436 1086 3576 1143 quos

2110 1153 2210 1204 ego
2237 1139 2392 1191 mitto
2418 1146 2470 1192 te
2501 1154 2513 1188 :

2040 1220 2095 1265 et
2121 1209 2272 1264 dices
2305 1209 2371 1266 ad
2399 1224 2493 1263 eos
2524 1227 2536 1263 :

1968 1282 2095 1345 Hmc
2126 1282 2255 1338 dicit
2289 1280 2547 1335 Dominus
2577 1278 2738 1337 Dens.

1967 1354 2025 1410 Si
2058 1353 2203 1430 forte
2222 1353 2303 1405 vel
2330 1352 2431 1430 ipsi
2456 1352 2703 1420 audiant,
2734 1361 2788 1409 et
2834 1354 2877 1409 si
2914 1353 3054 1412 forte
3086 1357 3392 1430 quiescant,

2041 1424 2295 1495 quoniam
2323 1426 2516 1478 domus
2539 1440 2869 1491 exasperans
2895 1438 3019 1483 est:

2040 1507 2094 1553 et
2118 1499 2291 1551 scient
2315 1497 2437 1566 quia
2462 1498 2725 1565 pr0phela
2765 1495 2926 1555 fuerit
2957 1500 3009 1554 in
3043 1501 3224 1559 medio
3254 1518 3470 1563 eorum.

1968 1568 2050 1624 Tu
2080 1584 2234 1641 ergo,
2266 1569 2340 1622 lili
2365 1568 2620 1632 hominis,
2651 1586 2717 1623 ne
2753 1569 2946 1626 timeas
2975 1588 3094 1642 eos,

2046 1656 2220 1708 neque
2249 1656 2530 1694 sermones
2555 1655 2743 1695 eorum
2774 1651 2986 1698 metuas
3012 1661 3025 1696 :

1972 1711 2239 1779 Quoniam
2274 1712 3004 1791 incredtili__etsubversores
3044 1728 3170 1775 sunt
3212 1726 3415 1791 tecum,

2046 1795 2099 1836 et
2126 1800 2246 1837 cum
2273 1783 2653 1851 scorpionibus
2686 1784 2918 1840 habitas.

1899 1890 1949 1954 Β
1976 1855 2155 1954 Verba
2187 1870 2375 1954 cptum
2406 1870 2473 1909 ne
2504 1854 2718 1954 timeas,

2047 1937 2102 1981 et
2126 1925 2306 1979 vultus
2332 1942 2516 1980 eorum
2549 1942 2615 1981 ne
2644 1927 2927 1997 formides,

2048 1998 2171 2068 quia
2216 1998 2406 2052 domus
2431 2013 2763 2066 eanperans
2796 2012 2901 2056 est.

1974 2069 2237 2151 Loqueris
2271 2084 2400 2151 ergo
2440 2070 2602 2127 verba
2636 2086 2755 2127 mea
2798 2072 2864 2129 ad
2907 2088 3036 2145 eos,
3087 2074 3133 2132 si
3166 2076 3304 2135 forte
3337 2076 3580 2145 audiant,

2121 2149 2175 2197 et
2196 2149 2479 2211 quiescant
2514 2160 2529 2199 :

2049 2216 2305 2283 quoniam
2334 2214 2635 2269 irritatores
2673 2225 2820 2273 sunt.

1977 2284 2059 2342 Tu
2103 2296 2309 2412 audlelm,
2363 2284 2440 2339 fili
2490 2285 2749 2355 hominis,
2795 2288 2922 2347 audi
2966 2306 3329 2366 quiscumque
3395 2294 3588 2365 loquor

2123 2374 2150 2411 a
2252 2373 2317 2412 e.

2123 2373 2188 2412 au
2231 2373 2317 2423 te,

2049 2437 2108 2485 et
2150 2430 2257 2554 npli
2285 2443 2406 2485 esse
2428 2444 2783 2503 exasperans,
2822 2434 2965 2492 sicut
2984 2435 3179 2494 domus
3205 2436 3590 2509 exasperatrix

2124 2517 2181 2554 es
2238 2517 2252 2554 ἒ

2124 2517 2207 2556 est
2238 2517 2252 2559 ἒ

1979 2573 2157 2699 Αρεῗ,
2200 2587 2261 2628 os
2319 2581 2468 2628 tuum
2526 2582 2582 2630 et
2640 2578 2866 2634 comede
2929 2595 3291 2652 qurecumque
3356 2596 3460 2653 ego
3516 2581 3588 2637 do

2091 2663 2099 2697 Ι
2149 2663 2183 2698 Ι.

2091 2663 2183 2698 ΙυΙ.

1979 2717 2047 2775 Ει
2079 2717 2211 2842 vidii
2245 2725 2299 2771 et
2325 2732 2453 2843 etl‘c:
2474 2732 2665 2775 manus
2690 2721 2858 2777 missa
2897 2722 2965 2780 ad
2994 2739 3103 2789 me,
3139 2724 3195 2780 in
3227 2740 3334 2796 qua
3360 2734 3481 2781 erat
3510 2724 3593 2780 ἰη-

2125 2804 2190 2841 vo
2221 2800 2342 2843 utus
2391 2808 2402 2843 ι
2448 2805 2506 2843 er
2540 2809 2549 2843 :

2125 2800 2342 2843 νυιυιυε
2371 2800 2506 2844 Ιιυει*
2540 2809 2549 2843 ξ

2052 2869 2107 2917 et
2131 2860 2382 2986 expandtft
2418 2861 2566 2943 illum
2599 2876 2781 2918 coram
2826 2881 2936 2933 me,
2970 2865 3060 2938 qui
3088 2876 3213 2923 erat
3241 2868 3483 2939 scriptus
3513 2869 3594 2927 in-

2126 2942 2211 2986 tus
2253 2942 2307 2986 et
2373 2948 2520 2986 oris:

2126 2942 2211 2987 tus
2253 2942 2307 2986 et
2349 2942 2520 2987 loris:

2052 3012 2107 3061 et
2135 3003 2355 3129 spripta:
2386 3016 2543 3060 erant
2570 3005 2623 3062 in
2658 3022 2725 3063 eo
2766 3006 3206 3082 lamentationes,
3252 3021 3309 3071 et
3337 3026 3582 3086 carmen,

2123 3091 2155 3129 e
2201 3092 2301 3129 vae.

2123 3091 2179 3131 el
2201 3092 2301 3130 ναξ.

1982 3143 2135 3273 ἔξω).
2169 3145 2279 3229 lll._]
2312 3147 2377 3230 βι
2409 3147 2544 3205 dixit
2572 3149 2638 3206 ad
2670 3166 2756 3209 me
2783 3172 2798 3210 :

2029 3221 2085 3273 ιιι
2121 3219 2377 3273 hominis.

2029 3221 2085 3274 ili
2121 3219 2377 3284 hominis,

273 3295 387 3353 Sub
411 3297 751 3349 lirtttauiento
782 3305 962 3347 autem
995 3309 1190 3363 penna:
1228 3290 1419 3349 eorum
1456 3304 1620 3352 recta:
1650 3295 1876 3354 alterius
1904 3290 1951 3356 C
1992 3361 2022 3367 _
2052 3290 2432 3367 inimicumque
2462 3294 2755 3367 inveneris,
2782 3296 3049 3358 comede:

418 3367 486 3422 ad
517 3367 745 3421 alterum
778 3382 792 3419 :

350 3438 770 3508 unumquodque
797 3436 1008 3509 duabus
1036 3435 1133 3509 alis
1161 3436 1378 3494 velabat
1402 3455 1601 3509 corpus
1624 3456 1805 3508 suum,

356 3522 409 3563 et
433 3510 655 3565 alterum
683 3508 939 3565 similiter
967 3508 1268 3562 velabatur.

277 3582 353 3641 Et
376 3582 659 3656 audiebam
692 3596 885 3636 SUIIUIII
917 3581 1150 3646 alarum,
1190 3582 1347 3653 quasi
1377 3598 1567 3639 sonum
1613 3598 1879 3656 aquarum

425 3654 736 3718 multarum,

351 3726 505 3793 quasi
533 3739 727 3779 sonum
756 3724 1008 3780 sublimis
1041 3723 1134 3779 Dei
1171 3743 1182 3776 :

273 3795 417 3851 Cum
460 3796 824 3861 ambularent,
852 3796 1006 3864 quasi
1038 3812 1205 3852 Sontis
1232 3806 1351 3854 erat
1382 3798 1739 3857 multitudinis

354 3877 413 3923 ut
443 3884 611 3923 sonus
640 3881 970 3923 castrorum.

278 3938 525 4011 Cumque
557 3948 787 4005 starent,

355 4012 786 4069 demittebantur
814 4026 1005 4081 pennae
1034 4025 1246 4066 eorum.

282 4082 417 4141 Nam
446 4099 569 4139 cum
614 4084 769 4137 fleret
794 4096 898 4137 vox
938 4098 1101 4153 supra
1140 4084 1564 4153 ﬁrmamentum,
1597 4083 1740 4158 quod
1770 4095 1887 4142 erat

428 4170 596 4224 super
624 4167 785 4225 caput
816 4172 1039 4222 eorum,

358 4228 593 4294 stabant,
614 4238 668 4283 et
694 4227 1083 4281 submitteliant
1109 4227 1219 4281 alas
1243 4244 1392 4285 suas.

284 4299 360 4358 Et
406 4316 572 4369 super
604 4299 1022 4367 ﬁrmamentum,
1067 4302 1213 4371 quod
1245 4310 1365 4356 erat
1405 4301 1695 4359 imminens
1723 4302 1885 4374 capiti

431 4386 642 4435 eorum,

362 4444 517 4511 quasi
552 4454 803 4512 aspectus
831 4443 1026 4511 lapidis
1055 4443 1297 4514 sapphiri
1330 4444 1629 4503 similitudo
1662 4446 1842 4502 throni
1872 4466 1883 4499 ε

365 4528 418 4567 et
448 4530 610 4582 super
637 4516 1046 4569 similitudinem
1081 4517 1282 4581 throni,

369 4585 667 4660 sittiilttudo
698 4587 851 4654 quasi
874 4598 1119 4660 asttectus
1145 4588 1379 4642 hominis
1408 4587 1665 4660 desuper.

295 4656 366 4712 Et
386 4655 493 4726 vidi
523 4656 672 4726 quasi
701 4660 933 4725 speciem
961 4658 1173 4724 electri,

372 4724 519 4781 velut
544 4724 821 4797 aspectum
864 4727 1023 4798 ignis,
1055 4729 1380 4786 intrinsecus
1407 4730 1526 4803 ejus
1566 4748 1662 4807 per
1689 4732 1884 4789 circui-

444 4810 553 4852 lUlll
587 4817 598 4852 ξ

296 4868 345 4928 Δ
370 4869 567 4925 lumbis
598 4871 715 4940 ejus
754 4878 809 4925 et
835 4868 1095 4940 desuper,

369 4956 421 4996 et
444 4958 473 4996 a
504 4943 694 4998 lumlns
716 4943 833 5012 ejus
861 4959 1031 5013 usque
1053 4946 1331 5013 deorsum,

298 5014 421 5070 Vidi
452 5016 603 5083 quasi
629 5016 865 5083 speciem
899 5015 1039 5084 ignis
1067 5018 1400 5085 Splenth-nlis
1426 5020 1477 5074 in
1510 5018 1739 5075 circuilu
1780 5036 1793 5073 :

372 5087 521 5213 vehit
545 5097 826 5170 aspectum
856 5102 1016 5141 arcus
1056 5103 1179 5143 cum
1219 5088 1384 5145 fuerit
1430 5093 1483 5147 in
1525 5096 1669 5149 nube
1704 5093 1759 5147 in
1805 5089 1893 5148 die

444 5175 474 5213 n
502 5174 663 5213 uvtte.
998 5209 1003 5213 .

502 5174 663 5214 uvae.
998 5209 1003 5213 .

502 5175 568 5212 uv
650 5199 663 5212 .
998 5209 1003 5213 .

300 5228 400 5305 ilic
422 5175 539 5285 eiiiit
562 5175 817 5305 dispectus
841 5230 1150 5305 splendoris
1178 5247 1274 5305 per
1293 5249 1506 5305 gyrum.

302 5301 454 5374 [ϐαρ.
487 5302 575 5374 ιι.]
608 5304 734 5357 iisne
757 5304 891 5357 visio
912 5304 1281 5375 similitudinis
1301 5301 1491 5375 gloria:
1520 5305 1765 5374 Domini,

376 5385 431 5429 et
458 5376 589 5439 vidi,
621 5384 675 5431 et
694 5376 863 5429 cecidi
890 5376 938 5428 in
967 5374 1158 5430 faciem
1182 5374 1382 5444 meam,

377 5456 434 5503 et
461 5448 585 5503 audi
617 5463 805 5503 vocem
837 5448 1128 5518 loquentis.

305 5516 374 5573 Et
399 5519 534 5574 dixit
553 5518 619 5574 ad
653 5536 737 5573 me
766 5536 778 5571 :

306 5588 409 5645 Fili
438 5592 694 5659 hominis,

382 5672 461 5738 sta
484 5679 650 5733 super
680 5662 846 5735 pedes
877 5672 1021 5730 tuos,
1048 5675 1103 5719 et
1130 5664 1321 5738 loquar
1349 5672 1525 5720 tecum
1548 5662 1656 5736 [ΑΙ.
1684 5664 1824 5738 tibi].

309 5734 380 5797 Et
416 5734 693 5807 ingressus
732 5747 816 5793 est
858 5738 910 5792 iii
952 5752 1039 5792 me
1080 5737 1301 5808 spiritus
1348 5734 1632 5809 postquam
1685 5734 1904 5795 locutus

1981 3361 2221 3419 Coinede
2251 3364 2504 3421 volumen
2541 3369 2680 3424 istud
2711 3411 2726 3435 ,

1982 3444 2039 3489 et
2066 3434 2271 3488 vadens
2303 3437 2521 3505 loquere
2549 3441 2615 3494 ad
2659 3440 2798 3496 filios
2824 3440 3011 3497 Israel.

1982 3507 2052 3562 Et
2094 3509 2281 3576 aperui
2308 3522 2369 3561 os
2396 3524 2599 3579 meum,

2057 3588 2109 3633 et
2136 3580 2338 3633 eibavit
2365 3596 2450 3637 me
2480 3584 2752 3641 volumine
2773 3583 2867 3641 illo
2898 3602 2912 3640 :

1984 3648 2056 3705 Et
2086 3649 2219 3703 dixit
2249 3649 2315 3703 ad
2344 3668 2470 3710 me:

1986 3721 2089 3777 Fili
2117 3723 2370 3793 hominis,

2057 3802 2251 3849 venter
2276 3804 2397 3850 tuus
2417 3798 2687 3867 comedet,

2058 3876 2113 3922 et
2132 3867 2488 3993 etgscﬁratilpa
2530 3870 2948 3944 complebantur
2980 3872 3256 3932 volumine
3286 3875 3413 3943 isto,
3446 3874 3588 3948 quod

2200 3953 2231 3991 0
2306 3953 2337 3991 0
2395 3956 2405 3991 Ι
2451 3956 2486 3993 1.

2132 3951 2231 3993 εαο
2268 3948 2337 3991 d0
2369 3948 2486 3993 llbl.

1988 4007 2059 4063 Et
2088 3952 2516 4065 εξιῗῖξεαίῗοίιῑιίῗᾶἐ

2062 4088 2118 4134 et
2148 4080 2344 4135 factum
2380 4091 2463 4137 est
2504 4085 2556 4140 in
2581 4100 2679 4143 ore
2712 4103 2835 4147 meo
2866 4090 3007 4147 sicut
3035 4090 3145 4148 mel
3176 4090 3351 4149 dulce.

1990 4150 2063 4206 Et
2090 4151 2227 4206 dixit
2248 4154 2315 4207 ad
2340 4168 2464 4209 me:

1990 4222 2094 4278 Fili
2127 4224 2381 4291 hominis,

2064 4295 2199 4369 vade
2221 4305 2247 4333 ιι
2279 4297 2345 4351 ad
2374 4296 2591 4353 domum
2618 4299 2807 4369 Israel,

2062 4378 2117 4422 et
2146 4368 2383 4438 loqueris
2414 4372 2579 4425 verba
2614 4390 2730 4427 mea
2757 4368 2822 4428 ad
2848 4391 2964 4431 eos.

1992 4437 2109 4496 Non
2138 4437 2294 4519 (enim
2316 4443 2677 4519 adpopulum
2706 4446 2959 4514 profundi
3002 4449 3274 4504 sermonis
3314 4458 3367 4504 et
3398 4448 3597 4519 ignotm

2173 4512 2572 4637 ldifficilis]
2605 4512 2801 4589 lingua:
2846 4528 2904 4575 tu
2949 4520 3213 4589 mitteris,
3261 4520 3327 4577 ad
3375 4512 3595 4578 domum

2137 4600 2342 4638 israei:

2067 4671 2245 4729 neque
2293 4656 2632 4729 adipopulos
2674 4658 2874 4715 multos
2924 4662 3180 4729 profundi
3228 4664 3500 4720 sermonis
3541 4675 3596 4720 et

2139 4728 2337 4795 ignota:
2370 4728 2592 4806 lingute,
2624 4728 2995 4806 qu_orum__[Al.
3021 4746 3074 4788 et
3106 4736 3275 4804 ignoti
3298 4738 3593 4806 sermonis,

2138 4796 2387 4869 quorum]
2420 4796 2529 4854 non
2558 4796 2734 4869 possis
2757 4796 2947 4862 audire
2982 4796 3301 4869 sermones:

1996 4869 2067 4927 Et
2094 4870 2142 4925 si
2174 4870 2239 4923 ad
2264 4869 2385 4923 illos
2409 4872 2700 4928 mittereris
2717 4914 2733 4941 ,

2069 4942 2173 5012 ipsi
2211 4942 2463 4997 audirent
2493 4956 2564 4999 te.

2000 5015 2205 5071 Domus
2235 5026 2410 5068 autem
2442 5014 2602 5071 Israel
2630 5016 2820 5074 nolunt
2859 5020 3049 5081 audire
3078 5031 3129 5079 te
3156 5042 3170 5079 :

2074 5086 2331 5157 quoniam
2370 5089 2561 5142 nolunt
2585 5091 2773 5146 audire
2806 5107 2911 5148 me.

2000 5158 2189 5237 Omnis
2230 5160 2661 5237 quippe‘domus
2701 5161 2865 5220 Israel
2906 5165 3094 5222 attrita
3137 5164 3318 5225 fronte
3370 5176 3492 5237 est,
3542 5175 3599 5225 et

2142 5232 2282 5285 duro
2318 5232 2501 5286 corde.

2000 5302 2142 5360 Ecce
2186 5302 2309 5356 dedi
2359 5303 2553 5360 faciem
2610 5315 2752 5362 tuam
2798 5308 3157 5369 valentiorem
3221 5311 3465 5370 faciebus
3508 5326 3603 5369 eo-

2146 5390 2287 5443 rum,

2072 5456 2129 5503 et
2151 5448 2387 5502 frontem
2420 5459 2564 5503 tuam
2596 5448 2868 5507 duriorem
2900 5450 3170 5511 frontibus
3200 5471 3418 5512 eorum.

2002 5518 2075 5575 Ut
2115 5520 2475 5586 adamantem,
2505 5532 2560 5575 et
2582 5533 2651 5575 ut
2667 5524 2870 5579 silicem
2900 5526 3025 5581 dedi
3057 5528 3253 5583 faciem
3284 5539 3435 5584 tuam
3468 5544 3485 5583 :

2004 5591 2083 5647 Ne
2106 5592 2294 5646 timeas
2315 5607 2431 5657 eos,
2466 5608 2638 5662 neque
2667 5606 2876 5651 metuas
2903 5613 2935 5654 a
2962 5598 3101 5657 faeie
3131 5615 3331 5658 eorum
3361 5615 3376 5655 :

2078 5663 2419 5736 quiadomus
2451 5679 2782 5736 exasperans
2805 5680 2908 5725 est.

2009 5734 2080 5792 Et
2115 5735 2251 5791 dixit
2288 5735 2357 5791 ad
2389 5750 2478 5793 me
2508 5751 2526 5797 ς

388 5940 421 5984 ι
455 5928 517 5998 ln
537 5935 970 6001 commentario;
1004 5936 1171 6015 Vade,
1199 5947 1247 6002 et
1266 5939 1537 6018 ingredere
1561 5942 1631 6002 ad
1661 5941 1892 6017 domum,
1928 5951 2063 6018 etc.,
2092 5940 2704 6027 prcssiusﬂebraeos:
2735 5954 2833 6039 π).

3098 6122 3103 6127 ρ
3120 6094 3199 6135 λ”γῖ
