4108 6360
586 309 698 376 945

585 436 691 495 Fili
720 430 977 496 hominis,

656 520 848 565 omnes
873 515 1156 559 sermones
1186 513 1360 569 meos,
1391 512 1531 571 quos
1555 498 1751 570 loquor
1772 497 1840 554 ad
1872 504 1944 567 te,
1971 509 2187 554 assume

734 580 786 633 in
818 576 982 631 corde
1012 583 1123 641 tuo,
1158 588 1162 597 ·

659 661 715 708 et
743 648 964 703 auribus
992 650 1098 699 tuis
1119 645 1241 700 audi
1270 663 1283 698 :

586 726 658 781 Et
690 722 826 779 vade
849 766 862 789 ,
906 717 1195 788 ingredere
1238 717 1305 773 ad
1358 715 1920 789 transmigrationem,
1949 713 2017 772 ad
2047 712 2189 772 illius

728 792 914 863 populi
946 792 1045 857 tui,

652 877 707 924 et
731 860 971 932 loqueris
1001 861 1067 916 ad
1097 878 1214 925 eos,
1245 870 1300 917 et
1327 860 1479 919 dices
1512 861 1591 917 eis
1621 878 1635 917 :
1706 918 1721 931 Α

584 939 711 995 Haec
747 937 875 991 dicit
900 935 1162 990 Dominus
1192 936 1335 990 Deus
1360 950 1374 989 :

653 1014 699 1066 si
735 1008 874 1063 forte
901 1006 1152 1074 audiant,
1192 1017 1247 1062 et
1276 1011 1583 1077 quiescant.

583 1080 654 1140 Et
680 1078 969 1149 assumpsit
1002 1095 1089 1133 me
1117 1079 1361 1147 spiritus.

651 1165 708 1208 et
737 1150 918 1224 audivi
948 1159 1068 1224 post
1095 1165 1394 1224 me_vocem
1426 1150 1810 1224 commOtionis
1839 1162 2091 1224 magna:

650 1223 943 1279 Benedicta
970 1222 1143 1293 gloria
1182 1221 1397 1277 Domini
1438 1222 1507 1277 de
1538 1223 1663 1278 loco
1685 1238 1785 1278 suo
1812 1238 1825 1279 :

584 1297 649 1353 Et
676 1312 867 1353 vocem
914 1296 1123 1349 alarum
1164 1294 1476 1350 animalium
1506 1297 1928 1365 percutientium
1957 1294 2188 1350 alteram

725 1366 793 1423 ad
815 1368 1062 1433 alteram,

649 1452 707 1498 et
736 1454 922 1495 vocem
956 1449 1197 1520 rotarum
1227 1437 1571 1520 sequentium
1603 1439 1881 1509 animalia,

645 1522 701 1568 8i.
724 1527 913 1567 vocem
943 1520 1326 1566 COIDHIOllOllIS
1355 1526 1586 1581 magum.

573 1585 812 1656 Spiritus
834 1598 1049 1655 quoque
1080 1583 1276 1656 levavit
1296 1598 1404 1656 me,
1448 1593 1505 1638 et
1534 1583 1832 1652 assumpsit
1862 1598 1950 1638 me
1977 1599 1991 1639 :

647 1666 702 1711 et
741 1654 1093 1709 abii'amarus
1137 1654 1190 1727 in
1222 1655 1594 1723 indignatione
1621 1657 1848 1727 spiritus
1879 1656 1984 1711 mei
2019 1672 2033 1710 :

574 1727 763 1784 Manus
785 1727 926 1783 enim
960 1726 1171 1781 Domini
1201 1735 1320 1782 erat
1348 1742 1585 1796 mecum,

646 1800 962 1855 confortans
990 1813 1103 1862 me,

571 1870 643 1926 Et
667 1874 793 1928 veni
816 1872 881 1926 ad
914 1868 1469 1939 transmigrationem,
1500 1885 1752 1927 acervum
1780 1886 2041 1925 novarttnt
2073 1868 2189 1925 fru-

716 1960 869 2015 gum,
897 1941 964 2015 ad
995 1956 1091 2015 eos
1130 1941 1567 2015 quiltabitabant
1596 1945 1755 2014 juxta
1778 1942 2020 2008 Cltobar,

646 2012 851 2070 et'sedi
883 2014 973 2067 ubi
1004 2013 1080 2067 illi
1103 2012 1367 2067 sedebant
1396 2030 1410 2067 :

642 2098 697 2143 et
725 2086 896 2141 mansi
928 2085 1003 2139 ibi
1032 2094 1243 2155 septem
1285 2085 1477 2141 diebus
1522 2100 1764 2144 mcerens
1792 2086 1847 2143 in
1874 2085 2063 2143 medio
2092 2097 2186 2143 co-

716 2175 857 2214 rum.

568 2230 703 2287 Cum
735 2240 915 2285 autem
949 2229 1371 2299 pertransissent
1401 2241 1611 2301 septem
1638 2230 1777 2299 dies,

641 2303 841 2357 factum
872 2313 957 2356 est
985 2302 1212 2357 verbum
1245 2300 1473 2357 Domini
1492 2304 1559 2358 ad
1583 2318 1695 2372 me,
1725 2305 1917 2360 dicens
1943 2320 1959 2357 :

568 2374 673 2430 Fili
706 2374 965 2438 hominis,

640 2445 1041 2515 speculatorem
1075 2444 1201 2500 dedi
1240 2453 1295 2499 te
1326 2445 1512 2501 domui
1552 2444 1760 2503 Israel:

636 2529 693 2572 et
720 2517 914 2571 audies
934 2516 1016 2589 de
1044 2532 1139 2571 ore
1169 2533 1295 2572 meo
1328 2520 1584 2589 verbum,

639 2598 693 2645 et
722 2587 1070 2644 annuntiabis
1095 2588 1177 2643 eis
1203 2604 1265 2643 ex
1303 2605 1388 2645 nte
1415 2607 1425 2642 :
1456 2598 1459 2603 '

565 2661 624 2718 Si
647 2661 861 2716 dicente
890 2676 976 2714 me
1000 2660 1068 2714 ad
1095 2661 1318 2730 impium
1350 2679 1363 2714 :
1392 2662 1564 2719 Morte
1608 2660 1895 2732 morieris,

638 2748 745 2789 non
794 2733 1199 2786 annuntiaveris
1248 2732 1339 2795 ei,
1405 2750 1583 2803 neqtte
1636 2739 1853 2792 locutus
1905 2732 2077 2790 fueris
2124 2740 2185 2789 ut

710 2815 984 2875 avertatur
1004 2805 1150 2875 avia
1182 2818 1281 2857 sua
1307 2803 1493 2875 impia,
1522 2816 1580 2861 et
1608 2810 1761 2863 vivat
1792 2824 1806 2862 :

563 2875 688 2947 Ipse
718 2876 919 2945 impius
950 2874 1004 2927 in
1034 2874 1320 2943 iniquitate
1352 2870 1451 2931 sua
1474 2880 1765 2946 morietur,
1814 2870 1822 2880 ’

638 2950 956 3018 sanguinem
983 2947 1405 3025 autetnejusde
1438 2964 1599 3025 manu
1632 2965 1723 3007 tua
1754 2951 2054 3025 requiram.

564 3018 621 3076 Si
651 3031 832 3074 autem
858 3029 913 3072 tu
944 3018 1357 3073 annuntiaveris
1382 3021 1569 3089 impio,

634 3100 694 3147 et
718 3090 810 3170 ille
838 3106 943 3170 non
977 3090 1139 3145 fuerit
1166 3104 1469 3170 conversus
1503 3094 1577 3170 ab
1606 3094 1888 3164 impietate
1914 3094 2043 3170 [Αἰ.
2071 3092 2183 3151 ini-

709 3159 938 3233 quitate]
976 3178 1097 3227 sua,
1131 3172 1187 3215 et
1210 3178 1241 3216 a
1274 3163 1359 3216 via
1389 3177 1486 3217 sua
1512 3159 1735 3233 impia':

566 3233 688 3306 Ipse
717 3232 935 3304 quidem
962 3234 1015 3307 in
1044 3232 1335 3302 iniquitate
1365 3249 1462 3307 sua
1494 3232 1783 3307 morietur,

638 3316 693 3360 tu
723 3315 901 3360 autem
929 3306 1163 3359 animam
1200 3314 1345 3359 tuam
1378 3306 1648 3363 liberasti.

562 3377 673 3435 Sed
700 3387 755 3433 et
784 3378 837 3459 _si
865 3392 1161 3432 conversus
1188 3378 1367 3447 justus
1401 3392 1433 3432 a
1466 3380 1680 3451 jusritia
1704 3397 1807 3439 sua
1849 3382 2042 3442 fecerit
2081 3378 2188 3438 ini-

709 3459 970 3519 quitatem
996 3465 1011 3505 ε

635 3536 834 3593 ponam
860 3519 1249 3595 oil‘endiculum
1282 3536 1474 3579 coram
1505 3541 1595 3595 eo,

636 3592 753 3663 ipse
783 3592 1070 3660 morietur,
1105 3596 1229 3664 quia
1270 3610 1377 3649 non
1400 3592 1743 3656 annuntiasti
1782 3602 1834 3657 ei
1862 3620 1875 3655 :

567 3664 626 3721 In
656 3676 882 3736 peccato
912 3679 1012 3719 suo
1059 3666 1343 3730 morietur,
1377 3680 1432 3722 et
1475 3686 1585 3726 non
1616 3684 1784 3729 erunt
1824 3673 1877 3729 in
1919 3670 2187 3732 memoria

704 3736 930 3806 iustitiae
963 3736 1101 3806 ejus,
1137 3752 1270 3806 quas
1298 3736 1429 3795 fecit.
1463 3757 1479 3795 ε

635 3807 961 3877 sanguinem
992 3823 1127 3862 vero
1155 3809 1273 3888 ejus
1294 3810 1361 3888 de
1388 3828 1553 3888 manu
1588 3825 1684 3871 tua
1719 3819 2020 3888 requiram.

563 3880 622 3937 Si
649 3888 831 4006 autfm
861 3890 917 3934 tu
957 3881 1367 3939 aununtiavcris
1389 3884 1570 3957 justo,
1626 3901 1691 3943 ut;
1740 3880 1851 3947 non
1881 3897 2070 3963 peccet
2095 3890 2188 3963 ju-

710 3967 737 4006 s
765 3967 844 4006 us.

710 3967 844 4017 sws,

638 4033 693 4080 et
723 4024 817 4079 ille
844 4040 951 4079 non
978 4027 1287 4095 peccaverit
1317 4045 1330 4081 :

564 4096 773 4151 Vivens
801 4096 964 4171 vivet,
996 4097 1120 4166 quia
1159 4096 1493 4158 annuntiasti
1522 4103 1593 4171 ei,

637 4177 693 4223 et
721 4177 775 4222 tu
805 4170 1042 4223 animam
1075 4181 1219 4226 tuam
1250 4171 1520 4229 liberasti.

563 4240 631 4294 Et
652 4241 789 4323 facta
815 4249 949 4323 est“:
978 4256 1147 4311 super
1166 4259 1254 4300 me
1283 4260 1477 4301 manus
1506 4246 1760 4323 Domini,

635 4322 690 4365 et
719 4312 853 4365 dixit
881 4311 946 4366 ad
970 4328 1057 4368 me
1092 4332 1103 4366 :

561 4384 800 4461 Surgens
815 4384 1082 4461 egredere
1114 4387 1166 4441 in
1197 4401 1473 4461 campum,

634 4461 691 4508 et
719 4453 791 4507 ibi
808 4456 1006 4524 loquar
1037 4467 1234 4514 tecum.

560 4526 630 4581 Et
651 4540 1299 4606 surgens-egressussum
1326 4533 1379 4587 in
1407 4549 1659 4606 campum
1692 4556 1709 4595 :

636 4606 692 4651 et
716 4612 844 4652 ecce
875 4598 948 4651 ibi
972 4600 1143 4668 gloria
1167 4604 1382 4659 Domini
1412 4598 1593 4663 stabat

632 4670 783 4735 quasi
812 4669 1193 4752 gloria,_quatn
1227 4676 1331 4730 vidi
1358 4678 1520 4746 juxta
1547 4682 1776 4740 ﬂuvium
1817 4678 2035 4744 Chobar
2068 4702 2082 4741 :

632 4752 689 4795 et
712 4741 885 4795 cecidi
916 4742 967 4795 in
1002 4743 1191 4801 faciem
1222 4741 1420 4805 meam.

562 4812 631 4867 Et
666 4814 1069 4953 inpgersgsﬁegzt
1100 4817 1151 4872 in
1178 4833 1264 4876 me
1293 4822 1540 4893 Spiritus,
1586 4834 1641 4882 et
1669 4832 1869 4889 statuit
1894 4847 1980 4889 me
2012 4845 2181 4903 super

854 4903 875 4939 s
1072 4907 1085 4943 :

854 4903 875 4939 S
897 4903 1048 4941 meos
1072 4907 1085 4943 ἒ

631 4970 687 5013 et
716 4961 924 5035 locutus
953 4971 1036 5035 est
1063 4962 1217 5035 mihi,
1252 4974 1307 5021 et
1331 4965 1468 5023 dixit
1492 4968 1560 5023 ad
1593 4988 1685 5029 me
1720 4992 1732 5027 :

555 5030 960 5105 Ingrede‘re,get
988 5030 1268 5094 includere
1298 5038 1350 5094 in
1380 5039 1562 5096 medio
1592 5043 1794 5104 domus
1823 5058 1951 5105 tute.

558 5103 628 5157 Et.
658 5114 733 5171 tu,
766 5103 840 5176 ﬁli
883 5102 1139 5176 hominis,

628 5170 757 5263 ecce
800 5174 925 5263 data
953 5189 1098 5247 sunt
1125 5170 1293 5250 super
1336 5190 1389 5238 te
1416 5183 1636 5243 vincula
1665 5230 1684 5258 ,
1716 5200 1774 5247 et
1822 5189 2071 5263 ligabunt
2124 5170 2191 5251 te

706 5262 762 5301 1n
791 5262 869 5301 CIS
897 5265 908 5296 τ

628 5329 684 5402 et
714 5334 823 5374 non
850 5319 1237 5402 egredieris__in
1265 5322 1535 5402 [Alade]
1568 5330 1753 5389 medio
1775 5350 1993 5395 eorum.

555 5392 623 5449 Et
646 5392 882 5519 “11:33:;
915 5402 1062 5449 tuam
1090 5392 1371 5455 adhaerere
1398 5392 1599 5462 faciam
1625 5406 1809 5478 palato
1842 5392 2037 5480 tuo,“et
2060 5408 2187 5469 eris

624 5550 727 5613 nec
756 5538 909 5613 quasi
940 5537 1026 5593 vir
1051 5538 1342 5613 obiurgans
1368 5541 1396 5582 ιι
1429 5558 1444 5600 :

621 5609 756 5683 quia
784 5609 980 5667 domus
1010 5609 1344 5684 exasperatis
1371 5625 1477 5677 est.

621 5818 1345 5929 ‘:..":l§l:2§.‘.§.~.3222'2r£s
1371 5827 1877 5916 ίαξοηιηιθυτατίο»
1903 5826 1997 5909 ibi:
2020 5840 2141 5929 ius
2167 5835 2198 5895 α

544 5903 601 5957 ct
627 5894 684 5957 iu
710 5892 944 5955 Hebraeo
969 5903 1191 5962 resonat
1214 5904 1353 5989 ntrg

1586 309 1645 367 S.
1686 297 2078 365 HIERONYMI
2113 298 2347 362 DlVlNA
2388 293 2868 361 BlBLlOTliECA.

2217 426 2266 488 Α
2295 421 2427 479 Cum
2458 431 2639 477 autem
2673 420 2889 475 locutus
2920 414 3077 471 fuero
3110 407 3226 483 tibi,
3260 408 3501 483 aperiam
3540 422 3602 466 os
3632 419 3806 480 tuum,
3841 422 3898 467 et

2214 1832 2265 1896 B

2188 4640 2275 4719 jD

3784 288 3896 351 θιι

2437 493 2586 549 dices
2617 492 2684 547 ad
2716 504 2845 549 eos:

2295 566 2421 621 Haec
2449 566 2584 620 dicit
2611 564 2873 619 Dominus
2904 560 3058 617 Deus
3086 576 3101 615 :

2292 639 2394 708 Qui
2423 637 2594 708 audit,
2624 635 2837 708 audiat:

2364 720 2420 765 et
2447 707 2543 779 qui
2571 700 2827 778 quiescit,
2856 706 3127 775 quiescat:
3222 700 3231 719 '

2363 782 2489 852 quia
2513 780 2709 852 domus
2736 793 3076 852 exasperans
3095 785 3200 852 est.

2295 850 2449 925 [ϐάν.
2477 851 2589 923 lV.]
2624 852 2690 925 Et
2718 862 2797 918 tu,
2824 851 2899 905 iiIi
2932 850 3199 915 hominis,

2364 940 2519 980 sume
2549 924 2645 977 tibi
2670 925 2918 989 laterem,
2944 932 2999 977 et
3030 938 3197 989 pones
3226 940 3349 981 eum
3371 938 3557 983 coram
3584 933 3637 980 te
3669 941 3683 978 :

2365 1008 2421 1054 et
2447 996 2723 1051 describes
2754 996 2805 1050 in
2838 1011 2903 1050 eo
2925 995 3203 1050 civitatem
3228 998 3557 1054 Jerusalem.

2294 1068 2364 1127 Et
2396 1066 2678 1123 ordinabis
2711 1068 2973 1123 adversus
2995 1082 3116 1122 eam
3142 1068 3504 1136 obsidionem,

2365 1152 2421 1198 et
2450 1140 2745 1214 :edilicabis
2767 1138 3119 1204 munitiones,
3146 1152 3200 1197 et
3222 1141 3589 1214 comportabis
3610 1152 3898 1211 aggerem,

2363 1225 2420 1269 et
2449 1212 2603 1268 dabis
2628 1222 2813 1268 contra
2838 1227 2958 1268 eam
2988 1221 3168 1267 castra
3193 1255 3209 1281 ,

2366 1295 2420 1341 et
2453 1299 2626 1355 pones
2653 1286 2856 1342 arietes
2878 1286 2931 1339 in
2958 1299 3113 1356 gyro.

2291 1357 2362 1415 Et
2390 1369 2475 1425 tu,
2510 1372 2664 1411 sume
2697 1358 2789 1412 tibi
2818 1361 3145 1425 sartaginem
3178 1357 3412 1414 ferream
3438 1398 3453 1423 ,

2365 1438 2419 1486 et
2450 1445 2619 1499 pones
2656 1446 2776 1485 catu
2810 1430 2866 1486 in
2907 1443 3120 1485 murum
3149 1429 3390 1489 ferreum
3418 1433 3559 1487 inter
3586 1437 3638 1485 te
3662 1438 3722 1485 et
3754 1426 3900 1483 inter

2434 1502 2746 1557 civitatem:

2292 1574 2361 1630 Et
2388 1572 2698 1629 obﬁrmabis
2729 1574 2918 1629 faciem
2960 1582 3104 1631 tuam
3135 1574 3202 1631 ad
3230 1589 3349 1631 eam
3372 1618 3388 1643 ,

2366 1654 2422 1701 et
2449 1646 2555 1701 erit
2584 1644 2639 1699 in
2670 1646 3034 1712 obsidionem,
3067 1656 3122 1703 et
3151 1645 3515 1704 circutndabis
3543 1657 3705 1703 eam:

2362 1720 2577 1788 signum
2609 1724 2693 1774 est
2717 1718 2900 1775 domui
2933 1718 3119 1775 Israel.

2293 1790 2361 1847 Et
2382 1799 2439 1845 tu
2470 1790 2708 1846 dormies
2736 1806 2899 1861 super
2924 1791 3067 1847 latus
3093 1801 3242 1848 tuum
3274 1791 3553 1848 sinistrum
3577 1832 3593 1857 ,

2368 1872 2423 1917 et
2450 1877 2621 1932 pones
2651 1864 2962 1934 iniquitates
2993 1863 3186 1919 domus
3216 1864 3380 1920 Israel
3408 1880 3574 1933 super
3600 1878 3669 1919 eo
3696 1906 3714 1930 ,

2368 1949 2597 1990 ttumero
2626 1933 2839 1991 dierum
2867 1934 3063 2005 quibus
3092 1935 3335 1992 dormies
3355 1950 3523 2007 super
3545 1934 3680 1990 illud
3700 1977 3718 2003 ,

2360 2014 2417 2061 et
2446 2021 2695 2063 assumes
2725 2007 3068 2075 iniquitatem
3104 2023 3319 2063 eorum.

2292 2077 2412 2149 Ego
2440 2089 2619 2134 autem
2650 2078 2774 2134 dedi
2806 2079 2899 2134 tibi
2921 2093 3096 2135 annos
3117 2079 3423 2151 iniquitatis
3446 2093 3674 2147 eorum,

2362 2166 2592 2207 numero
2619 2151 2831 2207 dierum
2857 2159 3135 2206 trecentos
3162 2163 3217 2206 et
3248 2152 3545 2221 nonaginta
3578 2151 3724 2206 dies:

2360 2233 2415 2277 et
2445 2224 2693 2292 portabis
2718 2223 3059 2293 iniquitatem
3088 2222 3285 2279 domus
3311 2223 3499 2279 Israel.

2291 2292 2363 2350 Et
2396 2310 2520 2349 cum
2553 2292 2913 2365 compleveris
2944 2293 3061 2350 haec
3082 2336 3097 2363 ,

2362 2366 2605 2422 dormies
2629 2382 2793 2439 super
2816 2366 2963 2439 latus
2994 2376 3143 2423 tuum
3168 2367 3454 2423 dexterum
3478 2364 3728 2424 secundo
3752 2381 3764 2417 :

2359 2446 2417 2494 et
2458 2436 2714 2496 assumes
2757 2437 3096 2510 iniquitatem
3125 2439 3317 2497 donius
3347 2439 3485 2497 Juda
3510 2436 3882 2511 quadraginta

2435 2512 2651 2568 diebus.
3506 2522 3509 2525 ‘

2290 2582 2442 2638 Diem
2476 2598 2575 2653 pro
2600 2600 2744 2640 anno
2770 2627 2787 2653 ,

2363 2655 2529 2723 diem,
2566 2657 2807 2727 inquam,
2839 2673 2939 2725 pro
2974 2671 3117 2715 anno
3146 2656 3274 2713 dedi
3298 2656 3414 2713 tibi.

2290 2726 2361 2781 Et
2390 2728 2455 2781 ad
2482 2726 2821 2784 obsidionem
2845 2728 3148 2787 Jerusalem
3178 2739 3467 2785 convertes
3491 2726 3687 2783 faciem
3713 2735 3892 2790 tuam,

2362 2807 2419 2854 ct
2449 2800 2729 2873 brachium
2764 2813 2914 2855 tuum
2960 2805 3065 2858 erit
3094 2810 3373 2858 extentum
3408 2800 3535 2873 [AL
3562 2808 3817 2856 exertum
3843 2798 3894 2867 j:

2361 2881 2417 2925 et
2441 2872 2790 2940 propltetabis
2820 2875 3087 2930 adversus
3113 2891 3259 2930 eam.

2290 2942 2436 2999 Ecce
2464 2944 2796 2998 circumdedi
2826 2958 2876 2999 te
2907 2946 3168 3002 vinculis:

2360 3024 2417 3069 et
2440 3030 2546 3069 non
2573 3026 2623 3069 te
2653 3029 2942 3072 convertes
2968 3033 2998 3072 a
3026 3021 3195 3074 latere
3228 3027 3320 3072 tuo
3347 3015 3403 3072 in
3428 3016 3557 3072 latus
3586 3013 3732 3070 aliud
3758 3058 3776 3083 ,

2362 3087 2537 3141 donec
2568 3091 2849 3155 compleas
2872 3089 2993 3145 dies
3013 3090 3314 3147 obsidionis
3340 3100 3470 3144 tum.

2292 3160 2362 3216 Et
2383 3169 2439 3213 tu
2455 3175 2614 3238 sume
2636 3160 2731 3214 tibi
2756 3161 3110 3238 frumentum,
3138 3172 3199 3238 et
3225 3162 3527 3238 bordettm_,

2361 3240 2419 3285 et
2448 3232 2649 3297 fabam,
2673 3242 2727 3286 et
2757 3233 2980 3299 lentem,
3007 3243 3064 3290 et
3092 3234 3322 3301 tnilium,
3347 3246 3401 3289 et
3423 3232 3649 3290 victam:

2291 3302 2360 3361 Et
2389 3305 2574 3357 mittes
2602 3319 2664 3358 ea
2693 3306 2744 3358 in
2771 3321 2863 3359 vas
2890 3322 3055 3361 unum
3083 3349 3098 3370 ,

2362 3386 2416 3431 et
2446 3374 2612 3431 facies
2644 3376 2739 3431 tibi
2789 3393 2959 3448 panes
2997 3393 3227 3434 numero
3276 3376 3491 3433 dierum
3535 3376 3740 3448 quibus
3769 3372 3901 3429 dor-

2437 3448 2576 3502 mies
2603 3462 2770 3516 super
2798 3455 2939 3505 latus
2963 3463 3143 3507 tuum:

2365 3521 2623 3575 trecentis
2642 3530 2699 3576 et
2728 3525 3021 3593 nonaginta
3048 3523 3241 3578 diebus
3269 3520 3533 3578 comedes
3564 3518 3727 3574 illud.

2290 3590 2460 3649 Cibus
2502 3602 2685 3647 autem
2725 3604 2847 3650 tuus
2874 3586 2984 3665 quo
3011 3596 3269 3665 vesceris,
3314 3595 3418 3650 erit
3450 3597 3501 3649 in
3535 3593 3783 3664 pondere
3813 3586 3883 3642 vi-

2436 3665 2570 3734 ginti
2595 3674 2829 3721 stateres
2857 3668 2910 3722 in
2936 3668 3055 3723 die:
3386 3720 3389 3725 .

2370 3751 2400 3789 a
2434 3748 2680 3811 tempore
2718 3755 2890 3809 usque
2921 3739 2987 3794 ad
3018 3748 3232 3811 tempus
3258 3736 3515 3795 comedes
3553 3734 3717 3811 illud.

2294 3810 2361 3865 Et
2385 3822 2581 3877 aquam
2610 3808 2663 3862 in
2691 3807 2940 3865 mensura
2975 3807 3150 3875 bibes,
3199 3821 3412 3864 sextam
3445 3819 3658 3874 partem
3695 3807 3826 3861 bin:

2366 3896 2394 3933 τι
2427 3888 2670 3949 tempore
2699 3898 2870 3951 usque
2895 3884 2962 3937 ad
2996 3892 3210 3953 tempus
3232 3884 3388 3936 bibes
3418 3880 3582 3935 illud.

2295 3951 2368 4009 Et
2388 3947 2554 4020 quasi
2580 3947 3000 4009 subciuericiutn
3033 3947 3399 4008 hui-deuecqu
3435 3950 3692 4006 comedes
3724 3947 3899 4003 illud:

2368 4034 2422 4079 et
2468 4031 2735 4173 sterejore,
2786 4026 2931 4098 quod
2966 4028 3249 4097 egreditur
3289 4026 3357 4083 de
3401 4026 3623 4081 nomine
3650 4022 3765 4095 [AL
3808 4022 3903 4075 bu-

2444 4109 2611 4153 mano,
2650 4139 2663 4161 ,

2444 4109 2627 4161 manu]
2650 4139 2663 4161 ,

2359 4169 2578 4241 operies
2610 4169 2745 4225 illud
2775 4170 2826 4226 in
2859 4170 3031 4228 oculis
3058 4183 3272 4226 eorum.

2299 4236 2366 4293 Et
2390 4236 2523 4295 dixit
2549 4243 2840 4302 Dominus:

2297 4312 2389 4369 Sic
2412 4314 2701 4371 comedent
2726 4314 2819 4371 lilii
2855 4316 3018 4374 Israel
3047 4329 3239 4388 panem
3272 4326 3431 4371 suum
3454 4311 3721 4386 pollutum
3753 4316 3906 4372 inter

2442 4396 2633 4456 gentes
2648 4428 2664 4453 ,

2370 4458 2437 4512 ad
2468 4473 2602 4526 quas
2630 4458 2845 4529 ejiciam
2880 4473 2996 4516 eos.

2301 4528 2370 4584 Et
2398 4530 2511 4585 dixi
2544 4547 2557 4583 :
2590 4531 2637 4585 A
2659 4528 2688 4585 a
2719 4549 2770 4599 a,
2809 4534 3033 4589 Domine
3063 4532 3206 4588 Deus
3235 4574 3251 4599 ,

2372 4617 2501 4658 cccc
2528 4603 2708 4657 anima
2733 4618 2854 4660 mea
2889 4622 2995 4660 non
3026 4615 3109 4660 est
3133 4605 3373 4674 polluta;

2375 4684 2432 4731 et
2464 4677 2834 4740 morticinutn,
2869 4688 2924 4733 et
2949 4679 3241 4731 laceratum
3288 4694 3316 4730 a
3346 4675 3531 4733 bestiis
3555 4693 3667 4733 non
3694 4677 3908 4735 comedi

2442 4747 2511 4800 ab
2544 4745 2771 4801 infantia
2805 4764 2922 4803 mea
2948 4764 3119 4819 usque
3160 4764 3338 4815 nunc,

2371 4828 2427 4874 et
2456 4834 2565 4871 non
2607 4830 2693 4874 est
2729 4821 2973 4891 ingressa
3017 4823 3070 4876 in
3113 4838 3174 4877 os
3210 4836 3386 4877 tneutu
3418 4821 3599 4877 omnis
3630 4837 3767 4879 caro
3811 4825 3896 4880 itu-

2444 4891 2667 4945 munda.

2298 4962 2368 5019 Et
2391 4961 2527 5018 dixit
2556 4962 2623 5017 ad
2654 4979 2740 5020 me
2766 4982 2777 5019 :

2299 5049 2443 5104 Ecce
2488 5045 2614 5103 dedi
2648 5048 2746 5103 tibi
2798 5045 2984 5104 fimum
3035 5046 3235 5105 bonum
3278 5064 3379 5121 pro
3420 5049 3767 5107 stercoribus
3805 5051 3900 5107 bu-

2450 5144 2655 5183 matus:

2375 5218 2431 5265 ct
2454 5210 2618 5266 facies
2647 5226 2840 5281 panem
2871 5218 3023 5267 tuum
3052 5209 3107 5267 in
3133 5225 3220 5268 eo.

2301 5293 2373 5350 Et
2394 5292 2530 5347 dixit
2552 5292 2620 5347 ad
2644 5307 2730 5349 me
2752 5310 2763 5345 :

2303 5374 2407 5430 Fili
2437 5374 2701 5427 hominis:

2303 5455 2446 5510 Ecce
2477 5469 2577 5525 ego
2601 5458 2879 5509 conteram
2910 5453 3157 5509 baculum
3192 5453 3346 5522 panis
3373 5452 3426 5509 in
3453 5452 3758 5510 Jerusalem
3784 5471 3798 5509 :

2379 5536 2445 5591 Et
2468 5535 2754 5591 comedent
2777 5551 2968 5607 patient
2989 5535 3042 5590 in
3065 5536 3326 5605 pondere,
3349 5548 3403 5590 et
3430 5538 3481 5590 itt
3503 5538 3874 5594 sollicitudine
3898 5555 3914 5593 :

2379 5618 2448 5673 Et
2476 5633 2637 5689 quam
2670 5616 2724 5674 in
2748 5632 3025 5685 mensura,
3055 5624 3112 5672 et
3133 5616 3186 5673 in
3218 5619 3465 5688 angustia
3495 5619 3683 5675 bibent
3708 5636 3722 5671 :

2384 5822 2413 5867 ι’
2457 5826 2555 5883 llic
2584 5841 2798 5900 quoque
2835 5823 3058 5901 propius
3104 5820 3173 5882 ad
3220 5820 3507 5886 Hebraeum
3537 5828 3759 5895 additur
3787 5846 3921 5909 pro-

2313 5916 2659 5979 99"1¢",9P‘.«.
2860 5922 2861 5925 ‘
