4108 6360
260 342 374 402 9ιὸ

1321 333 1530 395 LIBER
1565 334 1973 404 EZECHIELIS
2010 340 2424 401 PROPHETJE.

3466 331 3573 393 946

265 458 354 530 Ut,
384 457 763 536 deficientibus
805 472 946 532 pane
973 464 1027 517 et
1054 470 1215 530 aqua,
1242 464 1464 515 corruat
1492 457 1867 530 unusquisque
1890 462 1943 525 Α
1975 534 2009 536 ξ
2042 463 2099 520 in
2124 460 2626 536 conspectuomnis
2652 457 3056 536 praetereuntis.
3091 450 3125 523 ἰ

290 586 293 587 ν
407 535 475 589 ad
502 534 726 591 fratrem
760 548 915 589 suum
942 550 954 585 :

335 613 392 662 et
409 606 800 661 contabescant
828 605 880 659 in
906 602 1286 674 iniquitatibus
1315 600 1449 657 suis.
1505 670 1518 674 Α
1550 652 1557 659 .

261 677 420 753 [ϐαρ.
453 676 541 751 V.]
572 674 751 753 Et_tu;
784 677 858 733 fili
886 670 1139 753 nominis,
1168 690 1320 731 sume
1345 674 1443 729 tibi
1468 670 1705 745 gladium
1732 685 1860 730 acu-

409 749 544 818 tum',
574 749 854 805 radentem
880 749 1050 818 pilos:

259 831 318 881 et
369 836 616 879 assumes
662 836 824 886 eum,
874 831 929 876 et
955 819 1121 876 duces
1159 833 1257 890 per
1281 826 1444 891 caput
1474 824 1649 890 tuum,
1679 826 1735 876 et
1765 834 1861 891 per

407 893 626 950 barbam
650 902 815 949 tuam.

254 966 330 1027 Et
358 981 607 1023 assumes
641 966 739 1022 tibi
766 974 1029 1022 stateram
1061 962 1351 1035 ponderis,

328 1049 387 1093 et
410 1038 621 1094 divides
646 1052 766 1093 eos.
1304 1094 1305 1097 η

259 1112 498 1168 Tertiam
530 1119 737 1181 partem
771 1108 878 1179 igni
908 1105 1488 1181 comburesin‘medio
1508 1108 1747 1181 civitatis
1766 1149 1783 1175 ,

322 1183 479 1267 juxta
502 1178 920 1268 cpnipletionem
942 1181 1152 1237 dierum
1175 1178 1475 1236 obsidionis
1505 1180 1612 1252 [Αι.
1636 1181 1861 1237 conclu-

400 1270 595 1311 81011151
619 1272 634 1310 2

255 1326 329 1385 Et
360 1253 646 1411 agggielns
674 1327 890 1383 tertiam
917 1334 1126 1397 partem
1157 1322 1415 1381 concides
1436 1322 1615 1395 gladio
1661 1323 1715 1379 in
1752 1324 1860 1381 cir-

400 1410 552 1455 cuitu
569 1415 725 1465 ejus:

328 1471 543 1529 tertiam
568 1487 698 1527 vero
717 1471 879 1526 aliam
903 1470 1186 1540 disperges
1204 1467 1259 1522 in
1282 1476 1504 1524 ventum
1524 1510 1540 1535 ,

327 1557 384 1600 et
409 1544 647 1614 gladium
672 1543 887 1599 nudabo
909 1551 1031 1613 post
1057 1558 1179 1596 eos.

253 1616 322 1672 Et
348 1630 532 1670 sumes
556 1615 681 1671 inde
712 1631 935 1687 parvum
966 1624 1292 1687 numerum;

326 1698 383 1743 et
408 1688 606 1757 ligabis
634 1684 729 1743 eos
757 1687 812 1743 in
837 1687 1147 1741 summitate
1170 1684 1321 1754 pallii
1353 1684 1457 1757 tui.

252 1760 321 1817 Et
346 1775 409 1818 ex
438 1755 518 1817 eis
546 1775 760 1816 rursum
784 1759 965 1824 tolles,
988 1766 1045 1813 et
1074 1757 1323 1826 projicies
1351 1755 1461 1827 [ΑΙ.
1495 1756 1623 1829 add.
1656 1755 1775 1829 eos]
1805 1757 1858 1814 in

394 1832 581 1931 {ued1io
628 1832 789 1904 ignis,
829 1840 887 1888 et
929 1830 1220 1887 combures
1276 1842 1373 1884 eos
1418 1827 1530 1899 igni
1586 1829 1696 1899 [ΑΙ.
1753 1827 1855 1885 iac.
1889 1870 1937 1931 Β

397 1906 531 1961 iani]
564 1923 577 1959 :

323 1985 379 2034 et
397 1903 577 2033 ichmtlo.
594 1976 902 2048 egredietur
926 1973 1063 2048 ignis
1090 1975 1145 2030 in
1168 1986 1389 2028 omnem
1409 1970 1632 2028 domum
1662 1971 1854 2042 Israel,

255 2051 383 2106 llme
409 2049 543 2104 dicit
566 2050 827 2107 Dominus
855 2050 1032 2105 Deus:

252 2124 358 2179 Ista
388 2130 475 2178 est
493 2122 825 2186 Jerusalem,
852 2123 904 2175 in
935 2119 1116 2177 medio
1143 2116 1386 2190 gentium
1408 2116 1568 2188 posui
1594 2130 1745 2185 eam,

321 2204 378 2249 et
397 2195 449 2249 in
472 2195 707 2249 circuitu
731 2194 852 2265 ejus
875 2206 1077 2249 terras:
1446 2232 1449 2235 λ

262 2267 327 2323 Ει
352 2266 682 2338 contempsit
712 2265 909 2337 judicia
940 2279 1093 2329 mea,

326 2348 385 2393 ut
414 2340 534 2406 plus
559 2348 706 2393 esset
727 2338 889 2407 impia
913 2352 1078 2409 quam
1099 2344 1327 2405 gentes;

324 2421 379 2465 et
414 2421 680 2481 prtecepta
714 2426 832 2465 mea
848 2451 865 2477 ,

322 2478 468 2536 ultra
498 2478 661 2551 quam
692 2490 854 2537 terra:
875 2497 997 2552 qure
1027 2481 1081 2536 in
1114 2479 1347 2537 circuitu
1375 2478 1495 2550 ejus
1524 2485 1674 2534 sunt.

252 2553 469 2612 Iudicia
499 2557 640 2610 enim
667 2570 784 2609 mea
817 2553 1174 2623 projecerunt
1196 2594 1213 2618 ,

329 2636 386 2681 et
414 2628 465 2680 in
499 2627 786 2693 prznceptis
813 2626 952 2680 meis
983 2641 1090 2679 non
1116 2623 1571 2679 ambulaverunt:

252 2696 465 2754 Idcirco
496 2697 612 2753 haec
631 2698 764 2753 dicit
787 2698 1052 2752 Dominus
1074 2697 1256 2752 Deus:

254 2770 397 2855 Quia
423 2769 723 2855 superastis
751 2780 965 2855 gentes“,
997 2784 1119 2837 quae
1149 2770 1205 2822 in
1236 2766 1468 2855 circuitu
1498 2772 1682 2855 vestro
1703 2771 1861 2855 sunt:

333 2850 393 2898 et
426 2836 803 2914 in'prasceptis
846 2843 985 2914 meis
1016 2836 1125 2895 non
1174 2838 1528 2905 ambulastis,
1558 2845 1615 2893 et
1661 2836 1866 2907 judicia

404 2912 526 2969 mea
559 2929 668 2969 non
694 2912 900 2969 fecistis
918 2953 933 2977 ,

327 2995 382 3041 et
408 2986 561 3056 juxta
588 2984 794 3055 judicia
836 2983 1111 3056 gentium,
1143 2998 1267 3056 qua:
1303 2982 1359 3038 in
1396 2980 1631 3038 circuitu
1674 2988 1867 3037 vestro

402 3055 548 3125 sunt,
576 3072 683 3112 non
714 3059 846 3113 estis
865 3055 1109 3127 operati;

256 3129 385 3186 Ideo
410 3131 527 3185 haze
547 3129 680 3186 dicit
704 3128 966 3185 Dominus
992 3129 1172 3185 Deus:

260 3202 401 3259 Ecce
419 3218 520 3274 ego
544 3202 613 3257 ad
636 3213 687 3258 te
703 3244 719 3268 ,

1970 534 2039 592 Et
2060 539 2171 592 eris
2194 530 2551 610 opprobrium
2576 575 2591 599 ,
2614 530 2671 588 et
2691 530 3066 610 blasphemia,
3252 600 3264 610 ,
3366 599 3380 610 ,
3488 598 3501 610 ,

2034 599 2371 681 exemplum,
2405 616 2463 664 et
2487 615 2677 677 stupor
2707 608 2761 661 in
2789 599 3048 675 gentibus
3094 613 3218 671 quas
3251 600 3304 656 in
3332 599 3565 656 circuitu

2114 688 2210 735 tuo
2238 690 2405 748 sunt,

2032 766 2155 809 cum
2196 744 2473 808 fecero'in
2505 760 2559 807 te
2587 750 2783 822 iudicia
2813 749 2865 803 in
2894 748 3079 822 furore
3103 784 3120 811 ,
3149 755 3203 802 et
3242 745 3296 802 in
3325 744 3570 815 indigna-

2106 824 2276 891 tione,
2303 836 2359 880 et
2388 824 2444 881 in
2465 820 2929 891 increpationibus
2957 820 3074 875 ira).

1962 894 2079 966 Ego
2099 896 2364 954 Dominus
2395 898 2609 952 locutus
2637 909 2798 966 sum:

1962 958 2191 1036 Quando
2220 978 2247 1007 ι
2278 971 2480 1040 misero
2507 967 2735 1040 sagittas
2756 964 2915 1021 famis
2948 963 3216 1035 pessimas
3237 959 3292 1017 in
3325 974 3418 1019 eos
3440 962 3461 1031 ἱ
3480 958 3565 1015 Al.

2107 1050 2209 1098 tac.
2236 1042 2288 1096 in
2309 1056 2405 1096 eos
2432 1039 2465 1111 l,
2579 1039 2588 1040 “
2838 1066 2849 1073 -

2034 1128 2156 1183 qua:
2182 1122 2343 1170 erunt
2369 1113 2693 1182 mortiferte,
3048 1146 3051 1149 -

2034 1194 2092 1241 et
2117 1201 2252 1257 quas
2282 1186 2488 1242 mittam
2522 1194 2582 1242 ut
2609 1185 2916 1253 disperdam
2949 1194 3084 1236 vos:

1962 1257 2033 1316 Et
2062 1257 2259 1313 famem
2288 1260 2632 1329 congregabo
2660 1273 2827 1327 super
2856 1269 2995 1329 vos,

2033 1340 2089 1414 et
2116 1320 2583 1414 conteram'vo‘bis
2605 1320 2855 1456 [rAlftaq
2890 1321 3079 1394 vobis]
3109 1322 3366 1380 baculum
3390 1320 3590 1393 panis,

2033 1413 2349 1456 ,tmmtttam
2383 1417 2438 1456 1η
2478 1418 2582 1456 νος
2634 1417 2833 1456 amem.

1964 1401 2035 1458 Et
2058 1403 2349 1457 immittam
2383 1403 2438 1457 in
2478 1418 2582 1457 vos
2609 1401 2833 1467 famem,

2035 1483 2091 1530 et
2119 1474 2320 1532 bestias
2352 1474 2615 1544 pessimas
2647 1489 2818 1543 usque
2839 1471 2907 1526 ad
2938 1468 3406 1524 internecionem:

1964 1545 2035 1602 Et
2061 1546 2369 1617 pestilentia
2394 1555 2449 1601 et
2476 1546 2695 1616 sanguis
2727 1544 3033 1600 transibunt
3063 1556 3158 1611 per
3180 1548 3254 1606 te,

2035 1630 2088 1673 et
2118 1620 2358 1684 gladium
2383 1618 2633 1674 inducam
2658 1633 2821 1688 super
2848 1627 2927 1671 te.

1963 1689 2081 1755 Ego
2109 1691 2371 1745 Dominus
2394 1691 2603 1745 locutus
2635 1706 2777 1749 sum.

1963 1754 2125 1835 LCap.
2158 1761 2282 1835 VL]
2317 1764 2385 1817 Et
2406 1762 2579 1817 factus
2600 1771 2686 1817 est
2709 1776 2891 1817 sermo
2904 1758 3121 1835 Domini
3146 1756 3215 1812 ad
3239 1770 3326 1810 me
3345 1754 3533 1835 d_icens_
3560 1768 3576 1805 :

1966 1825 2083 1889 Fili'
2113 1825 2351 1889 hominis
2372 1876 2385 1893 .
2431 1849 2571 1901 pone
2610 1835 2804 1889 faciem
2838 1845 2983 1885 tuam
3015 1830 3085 1884 ad
3116 1837 3333 1884 montes
3369 1825 3574 1891 Israel,

2036 1913 2091 1961 et
2119 1906 2467 1976 prephetabis
2497 1905 2565 1961 ad
2592 1920 2688 1961 eos
2709 1946 2723 1969 ,
2755 1914 2810 1960 et
2832 1904 2985 1976 dices
3009 1919 3023 1955 :

1964 1972 2174 2032 Montes
2200 1972 2397 2042 Israel,
2423 1978 2607 2032 audite
2628 1978 2855 2031 verbum
2883 1973 3098 2028 Domini
3128 1972 3247 2027 Dei.

1962 2048 2092 2105 Haec
2121 2048 2254 2104 dicit
2283 2050 2545 2104 Dominus
2577 2048 2721 2104 Deus
2750 2046 3051 2110 montibus,
3080 2054 3137 2099 et
3161 2042 3417 2109 collibus,

2034 2122 2287 2191 rupibus,
2322 2131 2377 2177 et
2399 2121 2634 2177 vallibus
2658 2141 2673 2176 :

1962 2189 2228 2263 Ecce—ego
2258 2189 2513 2249 inducam
2544 2208 2707 2262 super
2733 2206 2833 2246 vos
2862 2189 3128 2261 gladium,

2034 2274 2093 2337 et.
2119 2265 2430 2337 disperdam
2463 2266 2681 2321 excelsa
2706 2274 2922 2330 vestra;

1967 2334 2040 2392 Et
2058 2334 2322 2393 demoliar
2348 2353 2471 2393 aras
2502 2347 2745 2405 vestras,

2036 2419 2092 2463 et
2116 2409 2522 2481 confringentur
2552 2410 2844 2465 simulacra
2882 2414 3065 2464 vestra
3095 2422 3109 2461 :

2036 2490 2093 2534 et
2122 2474 2372 2551 dejiciafn
2403 2482 2721 2536 interfectos
2762 2488 2972 2535 vestros
3004 2490 3134 2533 ante
3175 2474 3325 2551 idola
3372 2480 3576 2551 vestra.

1967 2549 2036 2606 Et
2062 2547 2206 2607 dabo
2236 2554 2502 2608 cadavera
2542 2553 2775 2607 filiorum
2810 2552 2977 2607 Israel
3011 2560 3138 2605 ante
3179 2547 3375 2603 faciem
3408 2547 3578 2600 simu-

2109 2626 2380 2680 lacrorum
2405 2634 2710 2680 vestrorum
2736 2641 2751 2677 :

2038 2705 2097 2751 et
2125 2697 2438 2768 dispergam
2465 2711 2591 2752 ossa
2616 2706 2800 2751 vestra
2830 2696 3041 2768 circum
3065 2707 3191 2748 aras
3217 2699 3432 2748 vestras
3452 2730 3469 2756 ,

2041 2768 2095 2822 in
2127 2766 2383 2825 omnibus
2412 2769 2850 2824 habitationibus
2881 2766 3099 2822 vestris.

1969 2838 2146 2896 Urbes
2176 2841 2409 2897 deserta:
2436 2851 2617 2907 erunt,

2039 2922 2095 2967 et
2119 2914 2335 2968 excelsa
2366 2913 2754 2978 demolientur,
2783 2920 2838 2969 et
2861 2908 3307 2981 dissipabuntur:

1969 2982 2040 3039 Et
2068 2985 2370 3041 interibunt
2390 3001 2501 3040 ara:
2527 2995 2743 3050 vestras,
2773 2996 2828 3040 et
2856 2984 3277 3052 confringentur
3303 2996 3319 3032 :

2041 3065 2097 3112 et
2127 3058 2421 3112 cessabunt
2451 3057 2595 3112 idola
2617 3066 2824 3121 vestra,

2045 3138 2100 3183 et
2127 3139 2482 3185 conterentur
2512 3129 2738 3185 delubra
2764 3137 2971 3193 vestra,

2045 3209 2103 3255 et
2128 3202 2458 3257 delebuntur
2486 3216 2652 3271 opera
2677 3210 2883 3256 vestra.

332 3287 387 3331 et
418 3267 534 3346 ipse
560 3290 662 3344 ego
691 3267 886 3331 faciam
918 3273 971 3329 in
1005 3270 1188 3328 medio
1227 3271 1305 3327 tui
1342 3268 1549 3342 judicia
1595 3268 1650 3325 in
1693 3267 1867 3325 oculis
1896 3268 1939 3329 C
1974 3271 2043 3327 Et
2068 3275 2228 3346 cadet
2255 3267 2574 3329 interfectus
2597 3274 2652 3328 in
2684 3273 2864 3346 medio
2892 3272 3060 3346 vestri
3088 3288 3105 3327 :

446 3348 671 3402 eutium.

262 3419 336 3475 Et
363 3364 712 3476 fagia‘tIIui'r‘tlte
735 3416 880 3488 quod
908 3432 1018 3473 non
1049 3416 1171 3480 feci,
1198 3422 1256 3471 et
1277 3414 1476 3486 quibus
1499 3412 1697 3471 similia
1726 3411 1869 3467 ultra

412 3507 516 3546 non
545 3490 734 3547 faciam
751 3533 766 3556 ,

339 3570 559 3633 propter
583 3579 779 3619 omnes
799 3558 1241 3617 abominationes
1272 3559 1431 3613 tuas.’

264 3628 399 3693 Ideo
431 3628 611 3705 patres
641 3636 932 3690 comedent
957 3635 1094 3687 lilios
1120 3633 1174 3688 in
1199 3633 1380 3687 medio
1411 3629 1517 3697 tui,
1552 3634 1611 3683 et
1646 3628 1745 3685 filii
1770 3643 1869 3685 co-

408 3706 631 3763 medent
655 3717 838 3777 patres
867 3720 1029 3771 suos,

338 3787 395 3834 et
421 3778 615 3834 faciam
650 3782 703 3834 in
729 3789 781 3833 te
802 3777 1040 3847 judicia,

338 3861 395 3906 et
433 3850 711 3906 vcntilabo
759 3846 1046 3906 universas
1087 3846 1354 3919 reliquias
1395 3855 1515 3902 tuas
1555 3847 1610 3902 in
1652 3859 1869 3903 omnem

411 3933 659 3979 ventum.

268 3992 477 4050 Idcirco
508 3998 634 4051 vivo
656 4009 788 4065 ego,

341 4065 478 4123 dicit
508 4068 769 4122 Dominus
801 4065 975 4120 Deus:

268 4138 383 4195 Nisi
415 4155 515 4209 pro
539 4155 607 4194 eo
635 4139 776 4209 quod
803 4147 1055 4193 sanetum
1078 4150 1265 4209 meum
1294 4133 1506 4209 violasti
1534 4134 1586 4188 in
1618 4134 1873 4209 omnibus

417 4206 809 4339 mensionibus
836 4210 963 4275 tuis,
989 4219 1046 4265 et
1073 4208 1126 4263 in
1167 4206 1423 4264 omnibus
1452 4206 1875 4262 abominationi-

499 4298 523 4337 s
553 4293 698 4338 tuts:

499 4298 523 4337 s
553 4286 698 4338 tuis:

348 4372 449 4426 ego
472 4370 686 4427 quoque
714 4354 1057 4425 cunfringam
1087 4352 1195 4426 [ΑΙ.
1227 4351 1354 4427 add.
1375 4349 1486 4427 te],
1520 4358 1575 4406 et
1604 4366 1711 4407 non
1750 4365 1875 4423 par-

420 4423 508 4481 cet
533 4423 722 4481 oculus
746 4441 921 4491 meus,
943 4423 1007 4481 et
1034 4423 1139 4480 non
1168 4423 1494 4478 miserebor.

273 4500 458 4554 Tertia
490 4500 562 4551 tui
590 4514 713 4567 pars
741 4511 891 4566 peste
920 4500 1217 4559 morietur,

349 4581 404 4623 et
436 4570 573 4623 fatue
592 4566 954 4623 consumatur
984 4572 1035 4622 in
1066 4568 1245 4621 medio
1273 4566 1350 4620 tui
1375 4584 1389 4620 :

280 4640 352 4695 Et
375 4639 530 4694 tertia
564 4655 691 4710 pars
722 4640 796 4693 tui
820 4640 871 4692 in
902 4641 1085 4708 gladio
1116 4639 1275 4692 cadet
1304 4639 1357 4691 in
1380 4636 1610 4693 circuitu
1641 4645 1764 4693 tuo:

352 4709 575 4767 tertiam
596 4724 727 4766 vero
756 4722 967 4781 partem
1000 4721 1146 4765 tuatn
1185 4711 1240 4764 in
1269 4725 1488 4766 omnem
1518 4718 1739 4767 ventum
1764 4709 1877 4765 dis-

429 4798 648 4854 pergam
666 4823 683 4851 ,

349 4864 407 4911 et
432 4855 670 4926 gladium
699 4854 999 4925 evaginabo
1018 4862 1140 4925 post
1161 4868 1277 4910 eos.

279 4928 349 4985 Et
376 4928 666 5000 complebo
696 4928 933 5000 furorem
969 4943 1146 5000 meum
1171 4943 1187 4991 ;

352 5012 407 5056 et
434 4995 782 5068 requiescere
808 4999 999 5055 faciam
1036 4996 1462 5069 indignationem
1493 5014 1670 5055 meam
1695 4997 1748 5051 in
1771 4995 1872 5065 eis,

428 5081 483 5128 et
501 5071 858 5127 consolabor:

280 5143 351 5200 Et
377 5144 553 5200 scient
577 5144 702 5213 quia
730 5158 830 5213 ego
854 5142 1109 5197 Dominus
1138 5142 1352 5197 loculus
1371 5157 1487 5196 sum
1514 5142 1565 5197 in
1591 5141 1708 5197 zelo
1730 5156 1877 5209 meo,

353 5230 475 5270 cum
508 5216 807 5286 implevero
838 5216 1263 5285 indignationem
1296 5230 1472 5286 meam
1506 5215 1558 5267 in
1585 5214 1683 5269 eis.

286 5286 353 5343 Iit
382 5286 524 5342 dabo
649 5288 709 5370 in.
735 5282 1011 5370 desertum
1043 5297 1097 5341 et
1137 5286 1189 5370 in
1219 5285 1573 5355 opprobrium
1606 5282 1876 5356 gentibus,

429 5374 553 5430 quae
578 5359 631 5414 in
653 5358 887 5438 circuitu
913 5370 1005 5413 tun
1036 5368 1163 5413 sunt
1183 5399 1197 5423 ,

366 5556 390 5584 λ
434 5545 653 5604 Addunt
687 5547 792 5601 bne
822 5545 942 5600 loco
974 5544 1306 5614 exemplaria
1358 5544 1599 5600 Canonis
1642 5543 1891 5612 verbum,

292 5619 508 5683 bestias,
540 5629 600 5673 ut
629 5619 697 5673 sit
725 5632 920 5673 sensus
951 5635 961 5671 :
993 5617 1219 5683 Quando
1247 5618 1431 5671 misero
1472 5617 1689 5686 sagittas
1717 5616 1892 5686 fantis,

293 5693 485 5748 bestias
517 5692 769 5763 pessimus
796 5691 852 5745 in
896 5706 1025 5763 ros;
1058 5690 1201 5763 quod
1244 5698 1513 5755 sumptum
1566 5696 1652 5744 est
1680 5704 1712 5741 e
1737 5704 1898 5763 versu

296 5760 696 5835 seqtteati,ulni
728 5772 849 5830 post
880 5762 1036 5833 [amis
1074 5761 1285 5817 cladem
1328 5767 1702 5819 memorantur
1730 5760 1899 5815 bestia:

297 5836 561 5910 pessima.
592 5834 768 5888 Man'r.

371 5901 401 5943 δ
447 5906 657 5963 Eadem
687 5905 1017 5980 exemplaria
1047 5914 1131 5964 ter
1161 5904 1369 5964 habent
1403 5905 1631 5966 verbum
1665 5903 1782 5962 Heu
1806 5918 1899 5964 re-

2044 3354 2101 3399 et
2125 3345 2312 3401 scietis
2338 3346 2594 3416 quoniam
2625 3359 2727 3415 ego
2752 3345 3040 3416 Dominus.

1973 3415 2045 3472 Et
2077 3408 2379 3489 relinquam
2424 3418 2474 3471 in
2505 3408 2791 3471 vobis'eos
2817 3462 2831 3486 ,
2860 3419 2951 3487 qui
2982 3413 3221 3486 fugerint
3250 3410 3491 3483 gladium
3525 3408 3579 3464 in

2115 3491 2394 3559 gentibus,

2043 3574 2166 3616 cum
2192 3563 2511 3631 dispersere
2536 3576 2633 3615 vos
2665 3562 2719 3616 in
2750 3563 2933 3617 terris.

1974 3632 2040 3689 Et
2061 3624 2493 3689 recordabuntur
2535 3634 2643 3688 mei
2676 3635 2887 3689 liberati
2910 3633 3079 3688 vestri
3106 3631 3163 3687 in
3185 3627 3476 3703 gentibus,
3511 3624 3581 3680 ad

2118 3721 2252 3774 quas
2278 3707 2479 3777 captivi
2510 3706 2657 3760 ducti
2685 3716 2810 3760 sunt
2835 3722 2848 3758 :

2046 3773 2170 3847 quia
2197 3773 2429 3833 contrivi
2459 3792 2560 3833 cor
2590 3793 2777 3833 eorum
2828 3776 3139 3842 foruicans,
3172 3784 3227 3832 et
3254 3773 3522 3831 recedens
3551 3785 3582 3825 a

2120 3866 2237 3916 me;

1966 3942 1967 3945 ‘
2045 3932 2102 3980 et
2123 3903 2319 3979 oculos
2348 3938 2535 3980 eorum
2562 3922 2897 3978 fornicantes
2919 3930 3046 3988 post
3075 3903 3225 3976 idola
3258 3933 3355 3973 sua
3387 3935 3401 3971 :

1978 3992 2046 4049 Et
2076 3996 2439 4065 displicebunt
2466 3997 2685 4050 sibimet
2720 4011 2885 4060 super
2906 3995 3063 4047 malis
3091 4008 3215 4063 quae
3244 3991 3490 4045 fecerant
3517 3988 3572 4043 in

2122 4069 2391 4123 universis
2415 4068 2912 4123 abominatiouibus
2934 4065 3072 4118 suis.

1978 4137 2044 4193 Et
2070 4141 2266 4201 scient,
2291 4141 2415 4211 quia
2437 4154 2536 4211 ego
2560 4139 2821 4211 Dominus
2846 4152 2953 4191 non
2972 4138 3177 4191 frustra
3203 4134 3420 4191 locutus
3437 4146 3578 4199 sum,

2048 4223 2107 4266 ut
2137 4209 2372 4267 facerem
2404 4210 2484 4265 eis
2517 4211 2720 4264 tnaltttn
2744 4209 2869 4279 hoc,

1978 4282 2107 4339 Hmc
2137 4284 2271 4339 dicit
2299 4282 2563 4337 Dominus
2588 4281 2767 4336 Deus:

1978 4354 2209 4411 Percute
2242 4370 2465 4413 manum
2498 4364 2643 4407 tuam
2681 4351 2800 4424 [Αι.
2832 4366 3001 4407 manu
3032 4348 3185 4420 tua],

2049 4438 2105 4480 et
2129 4427 2296 4481 allide
2325 4428 2517 4497 pedem
2547 4435 2719 4489 tuum,
2742 4433 2800 4478 et
2826 4424 2952 4497 die:

1980 4498 2096 4553 Heu
2124 4498 2189 4565 ι),
2232 4499 2300 4551 ad
2325 4491 2535 4553 'omnes
2578 4496 3025 4551 abominationes
3067 4492 3338 4549 malorum
3386 4491 3583 4547 domus

2124 4570 2317 4625 Israel.

2051 4642 2175 4705 quia
2205 4642 2324 4714 [AL
2351 4641 2477 4713 qui]
2508 4640 2723 4711 gladio,
2754 4639 2898 4714 fame
2927 4646 2985 4695 et
3017 4645 3173 4711 peste
3200 4637 3401 4694 ruituri
3433 4643 3581 4691 sunt.
3642 4652 3647 4655 ·

1979 4711 2085 4781 Qui
2112 4711 2272 4783 longe
2299 4721 2405 4782 est,
2439 4711 2591 4781 peste
2630 4712 2934 4766 morietur:

2053 4788 2145 4854 qui
2183 4795 2360 4839 autem
2396 4798 2584 4854 prope,
2614 4783 2796 4854 gladio
2827 4791 3079 4838 corruet:

1981 4856 2050 4912 Et
2070 4850 2161 4928 qui
2192 4850 2413 4911 relictus
2439 4850 2704 4920 fueritfet
2732 4854 2995 4910 obsessus
3023 4856 3145 4927 [ΑΙ.
3176 4850 3594 4923 circumdatus!

2126 4931 2267 4985 fame
2298 4930 2562 4983 morietur
2589 4944 2604 4986 :

2055 5011 2106 5056 et
2138 5000 2427 5070 complebo
2463 4998 2897 5063 indignationem
2928 5013 3108 5054 meam
3151 4998 3208 5053 in
3235 4997 3337 5053 eis.

1985 5073 2053 5130 Et
2080 5072 2264 5128 scietis
2287 5075 2413 5142 quia
2442 5086 2543 5140 ego
2574 5070 2865 5142 Dominus,

2053 5160 2175 5202 cum
2218 5140 2423 5200 fuerint
2460 5141 2735 5199 interfecti
2773 5142 2937 5198 vestri
2982 5142 3035 5198 in
3082 5140 3263 5199 medio
3314 5140 3590 5198 idolorum

2129 5227 2462 5281 vestrorum,

2054 5286 2107 5343 in
2136 5288 2365 5344 circuitu
2395 5302 2613 5342 ararum
2643 5295 2973 5356 vestrarum,

2058 5361 2113 5415 in
2144 5361 2291 5416 omni
2315 5360 2457 5415 colle
2483 5360 2735 5416 excelso:

2000 5546 2230 5617 petitum
2262 5546 2349 5601 hic
2378 5545 2511 5612 loci,
2545 5545 2645 5602 etsi
2664 5544 2753 5600 alii
2783 5544 3004 5601 codices
3032 5544 3361 5617 mssusemel
3390 5552 3599 5599 tantum

2006 5614 2127 5673 Heu
2174 5621 2355 5688 legant
2402 5618 2558 5687 juxta
2611 5617 3003 5689 Hieronymum
3052 5620 3104 5671 in
3153 5614 3603 5689 Commentariis.

2006 5691 2145 5758 Quia
2174 5685 2304 5744 vero
2326 5685 2640 5758 frequenter
2680 5685 2974 5744 occurrunt
3002 5688 3055 5743 in
3088 5687 3362 5757 prophetis
3396 5685 3603 5758 similes

2012 5755 2341 5826 locutiones,
2374 5755 2480 5816 huc
2509 5777 2573 5816 ex
2603 5761 2859 5825 Ieremia,
2887 5762 2971 5813 vel
3003 5777 3032 5813 e
3057 5755 3234 5826 capite
3264 5772 3406 5810 nono
3439 5755 3603 5824 hujus

2011 5833 2142 5893 libri
2172 5833 2334 5894 facile
2360 5834 2641 5891 transferri
2669 5843 2850 5904 potuit
2872 5831 2925 5887 Η
2933 5848 2993 5887 eu
3020 5832 3329 5902 repetitum.
3376 5828 3554 5885 Mam.
3578 5899 3583 5905 .
