2054 3180
266 140 319 171 947

303 204 331 228 ct
346 201 372 229 in
385 202 490 229 cunctis
506 200 710 229 summitatibus
725 199 871 233 montium,

303 241 331 264 et
343 239 437 265 subtus
448 246 529 265 omne
545 238 643 272 lignum
659 243 832 272 nemorosum
843 256 850 267 ,

303 278 330 300 et
343 275 439 301 subtus
455 271 608 301 universam
623 279 752 306 quercum
767 271 923 299 frondosam
933 292 941 306 ,

304 313 318 327 ι
330 309 417 337 locum
429 311 473 337 ubi
486 309 670 337 :iCcenderuut
684 308 761 335 tltura
769 307 921 335 redolentia
932 307 1069 337 universis

341 345 420 373 idolis
434 347 503 374 suis.

269 381 301 408 Et
312 383 454 409 extendam
470 388 580 408 manum
597 387 683 406 meam
697 387 779 413 super
787 386 860 406 eos:

305 424 331 445 et
346 418 439 444 faciam
457 422 554 444 terram
570 415 717 443 desolatam
730 420 757 443 et
770 415 940 449 destitutam,

305 462 319 479 a
335 454 444 481 deserto
460 453 603 483 licblatha,

305 489 331 515 in
348 491 473 523 omnibus
490 488 704 515 habitationibus
718 494 836 518 eorum;

306 531 332 552 et
348 526 434 552 scient
450 525 511 559 quia
528 532 578 559 ego
595 523 736 551 Dominus.

269 560 353 597 [(Σίηῃ
371 561 438 597 Vll.]
464 561 497 588 Et
530 561 618 587 factus
649 565 690 588 cst
715 565 806 587 sermo
832 558 939 587 Domini
967 559 1003 587 ad
1027 567 1072 588 me

341 596 432 624 dicens
451 606 457 623 :

271 633 305 659 Et
320 637 358 664 tu,
376 634 413 659 lili
430 632 557 663 hominis,

269 668 335 695 llrec
346 669 412 695 dicit
428 668 560 696 Dominus
573 667 644 695 Deus
660 672 739 694 terra:
754 667 839 695 Israel
854 676 861 694 :

270 703 348 731 Finis
357 705 442 737 venit,

307 741 383 768 venit
404 740 465 768 linis
484 746 567 775 super
581 743 698 775 quatuor
714 738 808 775 plagas
822 739 875 775 [AL
894 738 961 775 alas]
981 744 1072 768 terrm.

270 775 349 803 Nunc
364 776 427 803 linis
442 783 526 810 super
540 781 576 808 te,

304 817 331 839 et
346 814 466 840 emittam
481 812 601 839 furorem
618 818 707 838 meum
721 811 746 838 in
764 814 791 838 te

271 847 305 875 Et
318 848 447 882 jtttliCabo
465 848 574 883 tejuxta
588 847 645 873 vias
662 852 722 873 tuas
738 856 744 873 :

309 889 336 910 et
350 892 448 918 ponam
461 888 558 911 contra
575 887 603 910 te
618 890 712 910 omnes
724 882 943 911 abominationes
957 887 1027 911 tuas.

767 139 798 170 S.
816 140 1009 170 BIERONYMI
1031 141 1145 171 DIVINA
1167 142 1407 173 BlBLlOTIlECA.

1873 144 1929 174 918

1084 204 1110 233 Α
1124 201 1218 230 Canite
1231 204 1304 236 tuba,
1321 212 1410 239 prmpa
1416 208 1508 232 rentur
1519 212 1626 236 omnes,

1158 244 1184 265 et
1200 246 1253 266 non
1269 242 1366 274 estqui
1383 241 1505 267 vailatad
1523 242 1644 276 prasitum
1656 248 1666 268 :

1160 275 1197 301 ira
1228 277 1298 303 enini
1323 285 1393 315 luem
1408 284 1490 315 super
1515 275 1671 315 universum
1705 276 1835 313 populum
1858 277 1927 315 [ΑΙ.

1195 319 1303 349 omnem
1318 312 1534 349 multitudinem]
1547 313 1616 346 ejus.

1123 345 1234 374 Gladius
1251 348 1327 380 loris,
1343 352 1371 374 et
1386 350 1469 382 pestis
1485 354 1513 376 et
1525 345 1614 376 iantes
1627 349 1790 376 intrinsecus
1807 349 1874 383 :qui
1897 349 1927 376 in

1159 391 1223 417 agro
1235 389 1285 415 cst,
1302 385 1392 414 gladio
1411 385 1541 412 morietur
1557 393 1563 411 :
1598 409 1600 413 .

1158 424 1183 446 et
1199 420 1244 452 qui
1256 421 1283 446 in
1293 420 1411 452 civitate,
1423 421 1575 454 pestilentia
1589 425 1615 448 et
1625 420 1698 448 fame
1707 420 1926 449 devorabuntur.

1123 454 1158 481 Et
1173 456 1347 483 salvabuntur
1363 458 1407 490 qui
1424 456 1545 490 fugerint
1563 465 1596 483 cx
1612 457 1652 483 eis
1667 465 1674 483 :

1160 495 1188 518 et
1200 496 1279 518 erunt
1301 492 1327 518 in
1349 492 1485 519 montibus
1504 493 1581 527 quasi
1597 493 1731 521 columbae
1745 492 1927 527 convallium,

1195 534 1290 553 omnes
1306 528 1415 563 trepidi,

1160 567 1187 588 et
1200 564 1385 598 unusquisque
1401 565 1426 590 in
1440 564 1582 598 iniquitate
1593 571 1653 591 sua.

1125 597 1226 625 Omnes
1239 597 1541 632 manus’disSolventur.

1161 638 1190 661 et
1202 635 1292 672 omnia
1311 643 1397 672 genua
1413 635 1498 663 ﬂuent
1513 637 1602 672 aquis.

1126 668 1160 696 Et
1174 668 1359 705 acoingent’se
1373 671 1482 703 ciliciis,

1162 710 1189 733 et
1201 708 1304 740 operiet
1318 715 1365 734 eos
1376 708 1503 740 formido,

1165 747 1191 768 et
1205 743 1231 769 in
1248 742 1319 769 omni
1332 743 1399 771 facie
1412 744 1549 775 confusio.

1163 781 1190 804 ct
1204 778 1378 840 inliutiversis
1395 780 1532 815 capitibus
1550 788 1645 809 eorum
1660 780 1723 818 [Αι.
1741 784 1793 807 ωε.
1809 779 1936 816 eorum]

1198 821 1228 840 CH
1245 820 1348 840 Vlllllm.

1198 821 1348 841 CﬂlVlllllm.

1128 848 1279 883 Argentum
1296 858 1390 877 eorum
1408 850 1481 878 foras
1494 851 1663 886 prnjiciettrr,

1164 890 1192 912 et
1204 893 1301 913 aurum
1316 894 1410 914 eorum
1426 887 1452 914 in
1469 889 1670 923 sterquiliniqu
1683 887 1748 915 erit.

274 919 308 947 Et
318 910 479 953 nornparcet
494 919 590 947 oculus
607 926 684 946 meus
702 926 785 954 super
801 924 828 947 te
839 939 846 952 ,
867 910 900 946 et
914 928 968 947 non
990 910 1074 948 uiise-
1090 910 1115 941 Β
1128 910 1662 955 Argeitiut'it"séiiitti}'éi'aiiaiiii'éiii-Kiii

346 957 428 983 rebor
448 965 453 982 ε

309 992 357 1019 sed
373 993 432 1019 vias
447 997 508 1019 tuas
521 997 621 1026 ponam
636 996 719 1024 super
733 995 770 1024 te,

309 1033 337 1055 et
351 1028 571 1055 abominatioues
585 1027 677 1053 tumin
694 1029 784 1054 medio
797 1026 835 1055 tui
846 1032 927 1055 erunt
943 1035 950 1054 :

309 1069 338 1092 et
352 1065 447 1091 scietis
460 1063 522 1098 quia
538 1070 589 1097 ego
606 1062 748 1091 Dominus.

274 1099 340 1127 Haec
354 1099 422 1127 dicit
436 1099 569 1126 Dominus
585 1099 659 1126 Deus
671 1105 679 1125 ε

274 1135 395 1163 Alﬂietio
409 1143 460 1162 una
469 1156 476 1167 ,

314 1172 430 1199 Alﬂiclio
445 1178 509 1199 ecce
524 1169 609 1198 venit.

273 1207 349 1236 Finis
364 1208 448 1241 venit,

310 1244 386 1271 venit
401 1245 473 1277 linis,

311 1280 451 1314 evigilavit
464 1279 609 1307 adversum
626 1285 654 1308 te
671 1288 678 1306 :

312 1322 375 1342 ecce
392 1316 475 1343 venit.

277 1351 358 1379 Venit
373 1351 385 1370 δ
397 1352 528 1379 contritio
542 1359 624 1386 super
634 1355 671 1385 te,
686 1351 735 1386 qui
748 1350 857 1378 habitas
871 1350 897 1377 in
914 1354 986 1378 terra
999 1359 1006 1377 :

312 1388 386 1414 venit
402 1392 520 1422 tempus,
536 1396 620 1423 prope
640 1393 684 1416 est
705 1387 765 1414 dies
777 1386 935 1419 occisionis,

313 1428 342 1450 et
357 1431 409 1450 non
421 1423 515 1458 gloriae
530 1425 674 1451 mentium.

278 1458 355 1487 Nunc
367 1460 401 1486 de
417 1460 571 1494 propinquo
586 1459 723 1487 ell'undam
736 1459 804 1485 iram
819 1465 908 1485 meam
925 1464 1008 1491 super
1022 1462 1059 1490 te,

314 1500 341 1522 et
356 1495 497 1529 complebo
510 1495 564 1531 [AL
577 1494 725 1530 replicabo]
745 1496 864 1521 l‘urorem
880 1501 971 1522 meum
987 1495 1054 1522 inite
1068 1498 1078 1522 ξ

278 1530 452 1565 Etjndicabo
467 1530 577 1566 lejiixta
592 1539 649 1558 Vtas
665 1536 736 1562 tuas,

314 1572 341 1594 et
366 1568 503 1601 imponam
526 1567 574 1594 tibi
599 1567 692 1594 omnia
712 1566 816 1594 seelera
840 1570 886 1593 tua
904 1565 958 1602 [AL
982 1574 1079 1594 omnes

350 1602 567 1630 aboniinationes
584 1602 655 1638 tuas]
668 1611 675 1629 :

279 1637 314 1665 Et
326 1645 377 1665 non
393 1644 487 1672 parcet
501 1639 598 1666 oculus
609 1637 698 1670 meus,
716 1645 766 1666 nec
780 1637 945 1672 miserebor,

314 1674 362 1702 sed
373 1675 436 1710 rvias
450 1680 510 1702 luas
529 1676 667 1710 imponam
678 1675 737 1706 tibi,

314 1716 342 1738 et
353 1709 575 1738 abontinationes
586 1715 640 1738 tute
655 1711 682 1738 in
695 1710 787 1738 medio
801 1709 839 1736 tui
856 1713 937 1736 erunt
952 1718 960 1737 :

315 1750 342 1777 et
357 1747 447 1774 scietis
460 1748 523 1782 quia
538 1755 597 1775 sum
614 1747 745 1774 Dominus
760 1746 925 1782 percutiens.

280 1782 351 1810 Ecce
365 1782 433 1814 dies,
447 1790 511 1810 ecce
527 1783 600 1810 venit
615 1791 622 1809 :

314 1825 423 1852 egressa
440 1823 482 1846 est
497 1823 507 1838 ε
521 1818 663 1852 contritio,

315 1853 407 1881 ﬂoruit
422 1854 508 1887 virga,

314 1890 479 1925 germinavit
494 1890 622 1924 superbia
638 1897 644 1916 :

289 1924 410 1960 niquitas
426 1927 547 1953 surrexit
561 1928 587 1953 in
600 1925 673 1958 virga
688 1924 854 1960 impietatis;

315 1969 369 1989 non
381 1968 414 1989 ex
430 1962 469 1989 eis
482 1982 489 1994 ,
510 1968 538 1989 et
558 1970 612 1989 non
624 1969 658 1989 ex
677 1961 796 1996 populo,
822 1968 914 1996 neque
933 1967 965 1989 ex
989 1961 1080 1990 sonitu

350 2005 444 2024 eorum
462 2007 469 2024 ζ

315 2038 343 2061 et
357 2041 410 2060 non
424 2033 476 2060 erit
491 2033 599 2069 requies
614 2033 640 2061 in
662 2032 784 2069 [Al.rtacr.
800 2032 839 2068 in]
855 2033 905 2061 eis.

279 2068 358 2097 Venit
375 2074 494 2103 tempus.
511 2068 740 2104 appropinquavit
754 2068 812 2096 dies
828 2077 835 2096 :

312 2105 358 2141 qui
372 2106 448 2138 ctttit,
465 2113 519 2132 non
537 2106 644 2133 liElClll!‘
659 2114 666 2132 :

313 2148 341 2169 et
352 2142 396 2177 qui
413 2142 514 2174 vendit,
532 2149 584 2169 non
598 2141 687 2176 lugeat
704 2150 710 2167 :

313 2176 376 2212 quia
392 2178 430 2204 ira
446 2185 529 2212 super
539 2185 650 2205 omnetn
661 2176 792 2211 populum
809 2176 878 2210 ejus.

278 2213 346 2247 Quia
361 2214 405 2249 qui
422 2213 524 2246 vendit,
537 2214 570 2240 ad
586 2214 612 2240 id
623 2212 697 2248 quod
711 2212 843 2244 vendidit,

348 2257 402 2276 non
417 2255 579 2281 revertetur,

313 2290 340 2312 et
353 2285 442 2312 adhuc
454 2286 480 2312 in
494 2285 646 2312 viventibus
660 2284 715 2311 vita
731 2291 838 2311 eorum.

278 2306 442 2348 ν1ἔ11›“ἔ1ἶ1ἷ1ἶ
454 2306 900 2355 Ξέι’ὁὲᾶἱίὲὶὶί“ιέιιέίίίῖυἷ1111ἒὲἱίέ]υε
915 2327 969 2347 11011
984 2327 1076 2356 regre-
1090 2306 1118 2336 ι)

368 2365 437 2383 lelul‘
449 2365 457 2383 ἒ

368 2366 373 2382 1
385 2367 390 2374 ¹
449 2365 457 2383 1

311 2397 339 2420 et
444 2392 584 2429 iniquitate
598 2393 662 2421 vita:
674 2400 730 2421 sure
745 2400 799 2421 non
812 2391 1021 2420 confortabitur.

310 2492 324 2506 ι
343 2487 402 2515 Non
417 2487 513 2522 locum,
525 2487 572 2515 sed
585 2486 675 2514 lucum
683 2486 801 2522 legimus
812 2485 840 2512 in
854 2489 970 2522 utroque
982 2492 1075 2513 exem-

274 2523 343 2559 plari
364 2523 484 2550 Canonis
497 2521 617 2558 {lignum
641 2521 907 2559 vero’nemorosutn
933 2521 1003 2559 idem
1020 2526 1075 2559 Aest

276 2556 349 2594 quod
366 2562 451 2592 lucus,
468 2556 596 2587 unde—sat
609 2557 771 2584 commodus
794 2564 890 2594 sensus
911 2556 1075 2594 exprimitur

273 2592 301 2622 in
315 2596 437 2628 CttllOllc,
454 2597 579 2630 quamvis
597 2594 727 2630 llebrtetts
741 2594 825 2620 locum
842 2592 954 2630 habent.
968 2592 1058 2621 MART.

307 2629 484 2659 —Mcndose
500 2633 587 2658 lucum
603 2637 652 2665 pro
672 2629 757 2656 locum
769 2650 777 2662 ,
802 2636 871 2662 quos
896 2629 985 2655 laudat
1003 2630 1074 2655 illar-

272 2668 339 2694 tian.
367 2675 434 2694 mss.
460 2664 628 2702 prml’erunt,
653 2665 910 2702 cnm_apcrtissintc
933 2664 1071 2702 tamenjn

270 2703 385 2731 Hebrn-o
399 2704 443 2736 sit,
461 2699 552 2741 topia.
575 2703 675 2728 Ausum
691 2700 848 2728 criticorutn
866 2700 1012 2727 tetneritati
1025 2699 1073 2728 de-

270 2750 359 2777 derint
377 2757 407 2777 ea
424 2748 644 2785 Hierouyntiame
657 2747 838 2785 expositionis
855 2746 939 2785 verba
956 2756 961 2773 :
986 2747 1012 2773 in
1026 2755 1072 2774 ex-

271 2784 347 2813 celsis
361 2786 470 2812 collibus
480 2806 487 2816 ,
504 2783 572 2812 inter
585 2785 642 2818 ipsa
656 2784 787 2810 idolorum
809 2783 903 2809 altaria
917 2789 1048 2818 uncosque
1059 2803 1067 2816 ,

268 2830 327 2856 quin
340 2821 505 2857 appellantur
519 2821 591 2857 [igne
605 2827 751 2857 neiitaroaa.

305 2857 319 2876 ιι
341 2853 477 2891 suspicari
493 2853 567 2888 licet,
586 2855 636 2882 hoc
650 2856 685 2882 ita
702 2858 835 2891 mutatum
849 2861 864 2881 a
876 2854 992 2891 criticis,
1007 2853 1066 2882 sive

267 2899 284 2920 a
300 2890 418 2921 librariis
437 2899 535 2920 nomen
553 2892 636 2919 luisse
659 2899 665 2918 :
691 2890 826 2925 siquidem
849 2895 904 2917 tum
925 2897 961 2917 ex
984 2890 1064 2924 hujus

266 2928 440 2962 pralectione
458 2928 510 2956 loci
525 2927 554 2956 in
569 2926 774 2955 commentariis
786 2945 795 2960 ,
816 2933 878 2955 cum
892 2932 926 2954 ex
939 2927 997 2961 ipsa
1010 2932 1061 2955 el-

1165 965 1218 984 nou
1233 958 1334 985 valebit
1351 959 1468 986 liberare
1478 968 1525 987 eos
1540 960 1568 987 iu
1584 960 1628 988 die
1643 959 1743 987 luroris
1757 958 1880 986 Domini.

1129 992 1254 1020 Animam
1273 1001 1350 1020 suam
1366 1002 1418 1021 non
1434 998 1609 1027 saturabunt.

1165 1033 1192 1056 et
1207 1035 1321 1066 ventres
1333 1037 1428 1058 eorum
1446 1039 1499 1058 noti
1512 1031 1701 1066 implebuntur
1718 1040 1725 1058 :

1165 1066 1227 1099 quia
1240 1065 1399 1093 scandalum
1417 1065 1569 1100 iniquitatis
1583 1075 1677 1094 eorum
1692 1066 1797 1094 factum
1808 1071 1859 1094 est.

1130 1100 1163 1127 Et
1178 1107 1369 1129 ornamentum
1385 1103 1526 1130 moniliutn
1539 1111 1652 1131 suorum
1671 1103 1698 1131 111
1711 1103 1874 1137 superbiam
1885 1110 1935 1138 po-

1201 1142 1326 1170 suerunt,

1166 1176 1194 1200 et
1205 1173 1336 1208 imagines
1350 1174 1581 1203 abominatioan
1598 1182 1709 1203 suarum
1727 1179 1757 1203 et

1167 1209 1377 1237 simulacrorum
1396 1210 1519 1238 fecerunt
1534 1220 1567 1238 ex
1584 1219 1617 1239 eo
1633 1221 1643 1238 ι

1167 1249 1280 1278 propter
1294 1246 1345 1273 ltoc
1359 1247 1422 1274 dedi
1439 1247 1479 1274 eis
1493 1248 1560 1274 illud
1578 1248 1604 1274 in
1619 1246 1837 1275 immunditiam.

1133 1280 1167 1307 Et
1183 1280 1253 1307 dabo
1269 1281 1332 1308 illud
1350 1282 1376 1309 in
1398 1291 1495 1310 manus
1518 1284 1669 1310 alienorum
1685 1284 1719 1310 ad
1738 1281 1938 1317 diripiendum,

1205 1321 1232 1343 et
1248 1317 1340 1352 impiis
1358 1324 1439 1345 terra!
1464 1320 1490 1345 in
1514 1319 1645 1354 pra-dam,
1663 1324 1692 1346 et

1166 1354 1390 1381 contaminabttnt
1406 1355 1480 1381 illud.

1131 1386 1167 1415 Et
1180 1395 1300 1415 avertam
1314 1390 1409 1418 faciem
1427 1398 1515 1418 meam
1529 1391 1563 1418 ab
1573 1390 1623 1421 eis.

1167 1428 1196 1451 et
1209 1425 1349 1452 violabnnt
1364 1433 1493 1454 arcanum
1506 1434 1597 1454 meum
1611 1435 1618 1453 τ

1132 1459 1165 1488 Et
1180 1460 1365 1489 introibuntin
1384 1463 1450 1490 illtid
1466 1463 1614 1495 emissarii,

1166 1501 1195 1522 et
1209 1498 1437 1525 eoutamiuabnnt
1450 1498 1527 1525 illud.

1167 1531 1222 1559 Fac
1236 1533 1449 1567 conclusionem,

1168 1568 1296 1602 quoniam
1316 1574 1386 1597 terra
1403 1571 1482 1605 plena
1496 1575 1540 1598 est
1550 1568 1655 1605 judicio
1668 1568 1841 1605 anguinum.

1168 1609 1195 1630 et
1206 1605 1309 1641 civitas
1324 1605 1404 1640 plena
1421 1607 1574 1641 iniquitate.

1128 1638 1168 1667 Et
1178 1640 1311 1678 adducam
1325 1638 1514 1676 'pessimos'de
1526 1643 1665 1678 gentibus,

1163 1680 1196 1702 et
1212 1676 1388 1709 possidebunt
1401 1678 1497 1705 doutos
1510 1676 1605 1706 eorum
1624 1688 1630 1705 :

1128 1711 1167 1739 Et
1177 1711 1326 1750 quiescere
1347 1713 1445 1741 fciam
1457 1715 1614 1749 superbiam
1629 1712 1792 1750 potentium,
1805 1716 1835 1740 et
1850 1711 1939 1747 possi-

1167 1747 1270 1775 debunt
1283 1750 1436 1777 sanctuaria
1452 1747 1559 1778 eorum.

1131 1782 1264 1825 Augustin
1285 1787 1506 1820 superveniente,
1533 1786 1676 1822 requirent
1701 1791 1813 1820 pacem,
1832 1789 1862 1812 et
1879 1791 1931 1812 Ian

1204 1825 1266 1848 erit.

1167 1854 1346 1884 Conturbatio
1367 1865 1449 1893 super
1465 1857 1702 1886 conturbationem
1715 1855 1829 1889 veniet,

1167 1895 1195 1918 et
1210 1893 1318 1920 auditus
1339 1900 1424 1929 super
1438 1894 1560 1922 attditum
1583 1903 1591 1921 :

1131 1925 1166 1955 Et
1178 1935 1301 1966 quaerent
1315 1925 1449 1966 visionem
1460 1930 1495 1957 de
1510 1929 1653 1966 propheta,

1168 1967 1195 1990 et
1210 1964 1251 1991 lex
1269 1965 1368 1999 peribit
1380 1974 1394 1993 a
1409 1966 1563 1999 sacerdote,

1167 2001 1350 2028 etconsilium
1371 2010 1386 2029 a
1407 2002 1573 2029 senioribus.

1131 2034 1189 2062 Rex
1206 2035 1319 2069 lugebit.
1333 2043 1359 2065 et
1370 2039 1496 2072 princeps
1511 2038 1638 2065 iudoetur
1651 2044 1782 2071 mcerore,
1798 2040 1826 2064 et
1837 2042 1937 2063 manus

1166 2072 1259 2106 populi
1274 2078 1352 2100 teme
1361 2075 1607 2101 contionabamur.

1131 2105 1285 2134 Secundum
1302 2109 1372 2136 viam
1389 2117 1482 2137 eorum
1503 2109 1598 2137 faciam
1612 2109 1664 2140 eis.

1167 2146 1194 2170 et
1208 2144 1357 2172 secundum
1370 2145 1474 2180 judicia
1489 2153 1583 2173 eorum
1594 2145 1724 2180 judicabo
1732 2151 1780 2172 eos
1789 2153 1795 2170 :
1804 2148 1831 2171 et
1843 2142 1937 2171 scient

1166 2179 1228 2213 quia
1244 2188 1294 2214 ego
1306 2181 1448 2209 Dominus.

1131 2213 1213 2250 [Cap.
1233 2213 1314 2257 \‘lil.j
1328 2215 1363 2243 Et
1375 2218 1478 2257 laetum
1494 2221 1537 2257 est
1552 2217 1578 2244 in
1602 2224 1675 2244 anno
1690 2220 1780 2250 sexto,
1805 2215 1831 2244 in
1853 2218 1935 2243 sexto

1167 2259 1273 2285 mense,
1292 2253 1318 2278 iit
1335 2253 1429 2286 quinta
1447 2253 1549 2281 mensis
1564 2261 1572 2281 :

1166 2294 1216 2321 ego
1232 2288 1362 2315 sedebam
1380 2289 1406 2316 in
1423 2289 1506 2316 domo
1523 2296 1594 2319 mea.

1165 2328 1195 2349 et
1208 2329 1289 2350 senes
1303 2323 1372 2351 Juda
1386 2325 1520 2352 sedebant
1533 2332 1626 2352 coram
1643 2331 1697 2357 me,

1166 2363 1194 2385 et
1206 2359 1307 2387 cecidit
1320 2367 1403 2395 super
1417 2368 1462 2389 me
1474 2361 1510 2388 ibi
1522 2368 1620 2388 manus
1634 2359 1741 2388 Domini
1753 2358 1801 2387 Dei
1816 2367 1823 2388 :

1127 2486 1262 2521 pusitione
1277 2491 1394 2520 constat,
1407 2487 1505 2515 lectum
1518 2495 1532 2514 :i
1545 2487 1575 2516 S.
1589 2487 1751 2522 lnterprete,
1767 2488 1931 2522 contractio;

1126 2529 1207 2556 quam
1222 2530 1316 2550 vocem
1332 2529 1358 2551 et
1375 2524 1456 2551 tertio
1470 2525 1503 2550 ab
1519 2523 1571 2551 lioc
1586 2531 1669 2552 versu
1684 2525 1805 2557 retinet,
1824 2528 1855 2551 ut
1867 2532 1931 2552 mox

1125 2558 1256 2586 dicemus.
1274 2559 1328 2586 Nec
1355 2563 1476 2594 proiecto
1499 2560 1604 2587 abludit
1626 2560 1788 2587 Hebraicum
1815 2561 1930 2587 vetitum

1125 2597 1236 2624 trram
1253 2616 1260 2629 ,
1288 2596 1361 2630 quod
1387 2595 1497 2631 proprie
1532 2596 1675 2629 circulum,
1703 2596 1761 2623 sive
1778 2596 1930 2630 periodum

1125 2636 1214 2657 sonat.

1163 2684 1174 2697 ο
1197 2678 1320 2706 Diximus
1332 2700 1340 2710 ,
1362 2679 1406 2707 hic
1423 2687 1531 2715 quoque
1552 2680 1668 2714 positum
1685 2679 1719 2707 ab
1735 2679 1905 2715 Hieronymo
1917 2699 1925 2711 ,

1127 2715 1279 2750 contractio,
1295 2724 1342 2748 pro
1354 2716 1476 2742 contritio
1487 2714 1496 2742 Ξ
1508 2715 1578 2750 quod
1592 2715 1814 2743 manifestissime
1826 2714 1928 2743 iterum

1126 2749 1211 2784 liquet
1225 2759 1258 2777 ex
1273 2751 1331 2785 ejus
1347 2749 1526 2785 expositionis
1546 2756 1674 2779 contextu
1689 2773 1696 2785 ,
1718 2752 1762 2778 ubi
1777 2752 1818 2778 sic
1840 2752 1927 2778 inter-

1124 2790 1249 2820 pretatur
1263 2795 1271 2814 :
1288 2792 1418 2814 contracta
1434 2792 1471 2814 cst
1491 2788 1545 2814 dies
1562 2793 1586 2814 et
1599 2788 1756 2819 abbrettiata,
1772 2792 1839 2817 etc.,
1866 2794 1927 2821 qua:

1122 2822 1235 2849 videsis.
1252 2822 1437 2853 Martianieus.
1454 2824 1526 2850 haud
1541 2823 1644 2851 scimus
1657 2831 1711 2858 quo
1727 2827 1842 2850 auctore
1854 2843 1861 2853 ,
1879 2828 1926 2848 νο-

1121 2865 1181 2896 cem
1194 2866 1253 2885 eam
1266 2864 1354 2886 mutat
1367 2860 1393 2886 in
1410 2860 1580 2896 confractio:
1598 2867 1649 2888 nec
1662 2859 1794 2888 lectorem
1806 2858 1842 2887 de
1855 2865 1924 2886 nova

1119 2892 1238 2922 lectione
1253 2901 1303 2923 sua
1318 2900 1420 2923 monet.
1460 2892 1466 2896 ’
1534 2905 1543 2931 ι
