4108 6360
485 257 586 322 951

626 383 1079 469 gradereturvit.
1110 387 1158 469 '_
1197 457 1210 469 ,
1337 454 1352 469 .
1400 461 1442 469 ,,
1484 452 1498 468 .

552 465 614 514 et
640 457 812 532 nubes
840 459 1088 532 implevit
1108 457 1307 532 atrium
1337 457 1591 532 interius.

485 525 558 585 Et
602 531 817 587 elevata
841 523 940 603 “est
984 531 1158 603 gloria
1207 527 1423 586 Domini
1477 526 1715 597 desuper
1761 523 1970 581 cherub
2015 523 2086 582 ad

627 603 797 660 limen
824 601 1020 660 domus
1048 621 1062 659 :

552 682 613 731 et
635 675 842 746 repleta
871 686 954 732 est
983 678 1180 731 domus
1204 673 1369 746 nube,

547 754 607 804 et
633 741 830 805 atrium
855 748 1128 817 repletum
1167 755 1253 802 est
1271 741 1810 817 splendoreglorize
1841 741 2081 817 Domini,

473 815 548 874 Et
590 821 802 876 sonitus
839 815 1050 875 alarum
1081 816 1383 875 cherubim
1423 815 1754 872 audiebatur
1803 829 1976 887 usque
2011 815 2080 871 ad

622 892 821 947 atrium
849 892 1112 957 exterius,
1813 947 1816 950 .

552 963 710 1035 quasi
739 978 844 1021 vox
867 963 968 1022 Dei
995 960 1403 1032 Omnipotentis
1424 960 1721 1035 loquentis.

485 1031 1113 1163 Cuinﬂzici‘psrmcepisset
1150 1031 1313 1104 viro,
1354 1033 1448 1106 qui
1493 1032 1719 1090 indutus
1756 1039 1877 1088 erat
1918 1031 2083 1090 lineis

661 1123 812 1164 tuens
835 1126 850 1164 ζ

549 1177 723 1236 Sume
749 1179 931 1251 ignem
965 1180 1035 1237 de
1075 1180 1258 1238 medio
1295 1187 1572 1249 rotarum,
1622 1191 1748 1249 quae
1776 1185 1903 1233 sunt
1938 1177 2083 1234 inter

617 1251 908 1309 cherubim
945 1272 960 1310 :

547 1319 833 1394 ingressus
864 1325 960 1381 ille
989 1325 1148 1384 stetit
1169 1323 1325 1395 juxta
1358 1333 1560 1381 rotam.

475 1391 546 1452 Et
571 1391 816 1459 extendit
839 1396 1048 1454 cherub
1075 1391 1300 1455 manum
1326 1396 1395 1452 de
1435 1396 1617 1452 medio
1646 1393 1932 1452 cherubim
1950 1439 1966 1465 ,
2011 1396 2080 1452 ad

621 1469 826 1540 ignem,
855 1471 948 1542 qui
974 1480 1094 1526 erat
1122 1470 1264 1526 inter
1293 1469 1579 1542 cherubim
1607 1483 1622 1521 :

545 1548 603 1596 et
628 1538 890 1612 sumpsit,
916 1551 972 1598 ct
997 1541 1154 1600 dedit
1191 1543 1246 1600 in
1291 1556 1486 1598 manus
1520 1539 1672 1611 ejus,
1716 1538 1808 1611 qui
1854 1538 2079 1598 indutus

618 1622 740 1670 erat
766 1613 968 1672 lineis:

547 1685 640 1756 qui
663 1685 937 1756 accipiens
967 1702 1224 1755 egressus
1255 1696 1364 1743 est.

1483 259 1544 324 S.
1586 257 1979 320 HIERONYMI
2016 259 2254 323 DIVINA
2293 263 2772 326 BIBLIOTIIECA.

2113 383 2166 444 Δ
2193 381 2452 455 Dixitque
2478 385 2544 440 ad
2567 399 2693 440 me:
2827 387 2834 396 '

3691 271 3806 334 953

2191 453 2294 511 Fili
2325 453 2556 512 hominis
2580 500 2596 523 ,

2263 528 2322 584 hi
2352 540 2477 583 sunt
2507 531 2643 597 viri,
2672 528 2764 601 qui
2793 527 3036 601 cogitant
3062 527 3432 600 iniquitatem,

2261 609 2317 656 et
2360 609 2591 657 tractant
2629 602 2916 659 consilium
2957 603 3253 674 pessimum
3284 605 3338 660 in
3368 606 3504 664 urbe
3534 607 3638 666 ista
3660 649 3677 679 ,
3711 607 3800 667 di-

2333 683 2522 730 centes
2555 693 2569 728 :

2187 742 2378 801 Nonne
2401 747 2603 801 dudum
2636 745 2914 803 aedificatae
2938 755 3066 802 sunt
3088 745 3328 804 domus?

2264 819 2381 873 bare
2413 828 2498 874 est
2525 820 2674 875 lebes
2697 862 2713 887 ,

2259 906 2359 946 IIOS
2386 901 2564 948 autem
2597 906 2810 948 carnes.

2186 961 2394 1021 Idcirco
2419 963 2714 1019 vaticinare
2742 963 2812 1019 de
2835 963 2918 1018 eis
2941 1005 2958 1029 ,

2261 1035 2584 1104 vaticinare,
2609 1034 2684 1090 fili
2716 1036 2973 1092 hominis.
3127 1075 3130 1078 .

2184 1103 2436 1182 Et_irrttit
2466 1107 2518 1162 in
2551 1103 2638 1163 me
2665 1109 2887 1182 spiritus
2910 1106 3170 1179 Domini,
3201 1115 3260 1165 et
3281 1106 3420 1168 dixit
3441 1109 3509 1168 ad
3536 1125 3626 1168 me
3660 1129 3677 1167 :

2257 1179 2505 1246 Loquere
2535 1198 2550 1235 :

2185 1249 2314 1307 Haec
2335 1253 2468 1308 dicit
2500 1253 2758 1309 Dominus
2788 1269 2801 1306 :

2185 1323 2277 1380 Sic
2308 1324 2476 1380 locuti
2505 1327 2638 1381 estis
2661 1365 2678 1392 ,
2710 1325 2908 1380 domus
2939 1323 3104 1381 Israel
3132 1368 3148 1394 ,

2253 1397 2610 1466 cogitationes
2631 1396 2816 1452 cordis
2845 1397 3013 1452 vestri
3036 1413 3138 1469 ego
3161 1394 3285 1452 novi
3320 1413 3336 1452 :

2182 1465 2453 1523 Plurimos
2482 1469 2761 1525 occidistis
2788 1470 2842 1524 in
2875 1469 3011 1524 urbe
3039 1465 3172 1536 hac,

2256 1540 2327 1595 Et
2357 1541 2624 1611 implestis
2651 1543 2765 1596 vias
2795 1540 2915 1610 ejus
2935 1539 3257 1611 interfectis.

2181 1607 2476 1681 Propterea
2507 1613 2624 1669 lucc
2651 1613 2786 1669 dicit
2812 1607 3077 1668 Dominus
3104 1613 3249 1668 Dens
3275 1630 3288 1668 :

2254 1685 2528 1762 interfecti
2550 1687 2738 1754 vestri,
2765 1699 2904 1757 quos
2927 1683 3188 1754 posuistis
3213 1686 3267 1742 in
3295 1686 3477 1746 medio
3507 1688 3629 1762 ejus
3663 1731 3682 1758 ,

476 1755 551 1812 Et
580 1761 838 1847 apparuit
863 1759 915 1814 in
957 1759 1240 1816 cherubim
1279 1755 1582 1815 similitudo
1611 1768 1805 1812 manus
1834 1756 2076 1816 hominis
2104 1784 2157 1847 Β
2254 1755 2310 1847 hi
2337 1767 2466 1847 sunt
2493 1772 2723 1847 carnes,

617 1829 810 1902 subtus
836 1846 1043 1902 pennas
1069 1847 1286 1888 eorum.

473 1898 549 1956 Et
577 1901 714 1967 vidi,
741 1912 796 1958 et
819 1898 948 1959 ecce
977 1911 1211 1973 quatuor
1234 1912 1370 1960 rotas
1387 1902 1547 1973 juxta
1585 1899 1876 1960 cherubim
1911 1921 1923 1959 :

544 1980 664 2028 rota
695 1988 803 2029 una
828 1975 980 2042 juxta
1010 1975 1216 2046 chcrnb
1246 1991 1434 2042 unum,

545 2055 602 2100 et
620 2055 753 2102 .rota
781 2046 887 2102 alia
914 2046 1070 2116 juxta
1101 2047 1312 2103 cherub
1341 2063 1504 2102 unum
1531 2065 1544 2101 :

470 2114 1178 2245 Speciesﬁluotem’rotarum
1200 2129 1324 2176 erat
1352 2119 1510 2191 quasi
1532 2118 1673 2176 visio
1699 2118 1896 2190 lapidis
1915 2119 2076 2197 chry-

617 2203 682 2245 so
706 2205 723 2245 ι
791 2205 828 2244 ι.

617 2199 828 2247 somni.

469 2257 542 2315 Et
569 2271 827 2335 aspectus
855 2278 1046 2324 earum
1075 2263 1381 2320 similitudo
1412 2277 1517 2319 una
1547 2273 1787 2335 quatuor
1812 2283 1826 2321 :

543 2332 700 2402 quasi
726 2336 800 2390 sit
827 2345 946 2390 rota
975 2335 1030 2390 in
1059 2335 1240 2390 medio
1268 2345 1425 2393 rotte.

470 2401 718 2476 Cumque
730 2407 1097 2479 ambularent,
1119 2408 1172 2462 in
1185 2416 1422 2476 quatuor
1440 2415 1624 2478 partes
1643 2406 2069 2479 gradiebantur:

540 2492 653 2532 non
684 2478 1105 2535 revertebantur
1131 2479 1498 2543 ambulantes.
1657 2478 1662 2479 “
1689 2521 1696 2530 .

541 2548 640 2606 sed
669 2549 737 2606 ad
768 2551 987 2622 locum,
1015 2550 1082 2604 ad
1113 2566 1276 2622 quem
1305 2552 1386 2606 ire
1415 2550 1727 2608 declinabat
1750 2567 1872 2622 quae
1898 2553 2072 2618 prima

611 2631 757 2748 Erat,
805 2621 1176 2693 sequebantur
1215 2630 1275 2678 et
1319 2633 1578 2690 caetera,
1631 2639 1733 2680 nec
1771 2621 2072 2681 Converte-

651 2706 832 2748 antur.

651 2706 832 2750 antur.

468 2763 538 2822 Et
555 2780 940 2894 omnecortlius
961 2780 1171 2836 carum,
1191 2774 1243 2825 et
1265 2765 1433 2835 colla,
1458 2774 1517 2824 et
1536 2781 1752 2837 manus,
1777 2775 1833 2822 et
1855 2783 2069 2838 pennae,

612 2848 671 2894 ει
697 2854 844 2894 ctrcu
871 2856 913 2894 1.

612 2848 671 2894 et
697 2839 913 2908 circuli,

538 2911 700 2982 plena
731 2921 893 2967 erant
921 2909 1118 2979 oculis,
1146 2910 1201 2968 in
1227 2911 1461 2968 circuitu
1491 2918 1730 2981 quatuor
1756 2918 2024 2968 rotarum.

465 2981 538 3038 Et
563 2990 714 3038 rotas
745 2982 882 3038 istas
909 2983 1129 3039 vocavit
1157 2983 1448 3047 volubiles,
1481 2982 1747 3040 audiente
1775 2997 1884 3039 me.

463 3055 714 3122 Quatuor
741 3067 921 3111 autem
953 3056 1122 3110 facies
1150 3054 1384 3112 habebat
1411 3069 1577 3111 unum

533 3125 703 3182 facies
732 3143 864 3194 una,
893 3125 1062 3182 facies
1087 3124 1335 3183 cherub:

459 3204 473 3256 ἔ
535 3207 593 3253 et
623 3197 792 3255 facies
817 3197 1078 3264 secunda,
1111 3197 1276 3254 facies
1303 3197 1581 3256 hominis:

536 3277 595 3326 et
623 3270 677 3326 in
703 3271 864 3326 tertio
887 3268 1052 3325 facies
1084 3270 1298 3328 leonis:

536 3351 595 3398 et
620 3341 674 3396 in
701 3350 898 3411 quarto
928 3340 1100 3398 facies
1128 3342 1350 3413 aquilae.

464 3413 772 3488 Et_clevata
804 3414 912 3488 [ΑΙ.
942 3413 1137 3488 elevati
1162 3413 1180 3485 ]
1205 3423 1338 3488 sunt
1365 3413 1650 3488 cherubim
1672 3430 1687 3488 ;

539 3483 840 3615 ἱρςὲιὲηῢθέῐ
881 3483 1124 3553 animal,
1163 3483 1322 3558 quod
1367 3485 1610 3543 videram
1661 3487 1816 3557 juxta
1864 3484 2066 3544 flumen

695 3574 726 3614 ο
767 3575 848 3614 ar.

695 3574 848 3614 onar.

462 3628 708 3703 Cumque
729 3629 1079 3703 ambularent
1099 3629 1407 3703 cherubim,
1435 3631 1590 3687 ibant
1621 3630 1824 3701 pariter
1852 3639 1910 3687 et
1933 3639 2068 3688 rotae

603 3702 760 3771 juxta
788 3717 852 3775 ea
884 3703 903 3775 [ᾗ
923 3701 1011 3756 Al.
1043 3716 1138 3775 eos
1162 3701 1181 3773 ‘J
1214 3719 1227 3754 :

537 3781 736 3830 etcum
767 3772 1052 3830 elevarant
1087 3772 1376 3836 cherubim
1414 3774 1530 3830 alas
1579 3787 1712 3829 suas
1755 3783 1813 3830 ut
1856 3773 2067 3834 exalta-

608 3855 801 3901 rentur
821 3845 890 3902 de
911 3853 1076 3912 terra,

535 3931 657 3990 non
677 3916 994 3990 residebant
1031 3925 1192 3990 rotre.
1224 3916 1320 3974 sed
1353 3925 1409 3973 et
1438 3917 1574 3990 ipsa:
1597 3917 1755 3988 juxta
1784 3927 1962 3976 erant.

461 3983 749 4044 Stantibus
776 3987 904 4055 illis,
938 3989 1157 4046 stabant
1181 4005 1198 4049 :

537 4068 594 4116 et
620 4075 742 4115 cum
767 4059 994 4116 elevatis
1022 4060 1398 4117 elevabantur.

462 4130 704 4202 Spiritus
731 4134 876 4187 enim
907 4132 1034 4188 vita:
1063 4142 1183 4189 erat
1211 4131 1269 4188 in
1299 4133 1406 4190 eis.

459 4202 535 4259 Et
563 4219 784 4274 egressa
813 4213 900 4260 est
923 4205 1093 4275 gloria
1126 4205 1340 4262 Domini
1364 4219 1397 4262 a
1421 4204 1610 4268 limine
1638 4207 1824 4277 templi
1849 4225 1863 4263 :

533 4284 590 4331 et
612 4277 765 4352 stetit
792 4290 960 4352 super
987 4277 1294 4352 cherubim.

457 4344 531 4402 Et
577 4344 1182 4406 elevantia'cherubim
1220 4348 1336 4404 alas
1379 4365 1532 4420 suas,
1578 4350 1814 4408 exaltata
1853 4361 1982 4410 sunt
2028 4368 2061 4409 a

604 4427 749 4475 terra
778 4433 966 4475 coram
997 4435 1116 4487 me;

531 4498 587 4546 et
607 4490 715 4566 illis
728 4490 1165 4566 egredientibus,
1179 4500 1317 4566 rota:
1334 4509 1549 4566 quoque
1565 4495 1872 4550 subsecutae
1892 4507 2022 4554 sunt
2043 4515 2056 4553 :

455 4557 706 4649 Et_s_tet_it
727 4557 795 4646 in'
809 4563 1038 4649 introitu
1064 4557 1701 4649 porttedontus'Domini
1731 4569 2012 4625 orientalis
2041 4590 2052 4624 :
2083 4588 2138 4649 Ι)

531 4633 596 4687 Et
625 4633 798 4702 gloria
827 4635 921 4690 Dei
953 4637 1116 4691 Israel
1137 4645 1257 4692 erat
1277 4651 1444 4704 super
1469 4653 1556 4694 ea.

451 4701 739 4783 lpstnn’est
761 4707 987 4783 animal,
1002 4706 1148 4777 quod
1169 4706 1283 4764 vidi
1302 4701 1492 4765 subter
1520 4710 1689 4768 Deum
1721 4711 2053 4783 Isracljuxta

602 4777 822 4833 ﬂuvium
853 4776 1072 4834 Chobar
1101 4797 1116 4835 :

525 4856 584 4902 et
605 4848 847 4907 intellexi
875 4851 1002 4920 quia
1027 4850 1313 4908 cherubim
1344 4861 1548 4908 essent.

449 4917 715 4988 Quatuor,
750 4937 846 4991 per
871 4917 1135 4990 quatuor,
1169 4924 1345 4980 vultus
1372 4922 1462 4980 uni
1488 4965 1504 4991 ,

523 5000 582 5046 et
599 5005 834 5062 quatuor
862 4993 964 5049 alae
993 4994 1090 5050 uni
1118 5011 1134 5054 :

521 5073 577 5118 et
596 5064 898 5121 similitudo
927 5082 1119 5123 manus
1142 5068 1382 5123 hominis
1409 5067 1513 5125 sub
1539 5066 1642 5122 alis
1670 5083 1884 5125 eorum.

445 5129 522 5188 Et
549 5133 849 5212 similitudo
879 5139 1123 5212 vultuum
1147 5155 1359 5212 eorum,
1392 5140 1494 5211 ipsi
1524 5139 1705 5196 vultus
1727 5157 1865 5212 quos
1887 5143 2041 5200 vide-

590 5207 875 5278 ramjuxta
903 5209 1128 5265 fluvium
1159 5207 1417 5278 Chobar,

513 5289 573 5333 et
597 5277 824 5357 intuitus
845 5296 1061 5357 eorum,
1089 5291 1146 5357 et
1167 5277 1409 5354 impetus
1430 5283 1768 5357 singulorum
1799 5296 1929 5344 ante
1965 5288 2040 5342 la-

587 5350 725 5406 ciem
755 5368 908 5408 suam
940 5354 1170 5420 ingredi.

511 5419 664 5499 [Ca_p.
707 5422 823 5499 XL]
855 5423 924 5499 Et
949 5419 1182 5488 elevavit
1207 5445 1294 5485 me
1318 5428 1570 5499 spiritus,

509 5503 570 5549 et
593 5493 896 5550 introduxit
931 5512 1019 5552 me
1043 5500 1111 5552 ad
1137 5493 1570 5565 portam'domus
1603 5500 1816 5560 Domini
1845 5501 2031 5560 orien-

581 5566 775 5631 talem,
807 5582 928 5637 qua:
958 5567 1183 5637 respicit
1214 5573 1347 5627 solis
1377 5583 1576 5628 ortum.

432 5632 505 5691 Et
531 5639 738 5718 eccein
764 5632 991 5718 iniroitu
1024 5632 1194 5708 portae
1223 5644 1410 5718 viginti
1433 5648 1672 5718 quinque
1692 5646 1795 5703 viri
1825 5665 1838 5701 :

2254 1839 2309 1884 et
2336 1827 2451 1884 haec
2473 1842 2553 1884 est
2577 1831 2726 1884 lebes
2751 1846 2764 1882 :

2254 1909 2309 1956 et
2333 1901 2562 1958 educam
2591 1917 2689 1957 vos
2714 1900 2783 1958 de
2807 1900 2987 1958 medio
3008 1900 3151 1973 ejus.

2180 1969 2431 2028 Gladium
2465 1975 2733 2028 metuistis
2765 2016 2782 2040 ,

2252 2046 2605 2172 ethladium
2657 2045 2910 2104 inducam
2969 2061 3136 2119 super
3197 2061 3338 2117 vos,
3392 2049 3470 2108 ait
3521 2049 3774 2110 Dominus

2372 2134 2490 2172 cus.

2372 2134 2490 2175 0115.

2180 2185 2251 2242 Et
2270 2188 2483 2260 ejiciam
2514 2204 2614 2246 vos
2641 2190 2708 2248 dc
2730 2190 2911 2247 medio
2937 2191 3056 2260 ejus
3079 2232 3097 2256 ,

2250 2262 2502 2330 daboque
2531 2277 2632 2318 vos
2660 2264 2712 2318 in
2742 2279 2906 2319 manu
2933 2261 3208 2333 hostium,

2250 2343 2307 2390 et
2337 2335 2530 2390 faciam
2561 2335 2614 2390 in
2646 2336 2801 2392 vobis
2819 2335 3026 2406 judicia
3054 2377 3070 2403 ,

2177 2400 2372 2460 Gladio
2399 2406 2606 2462 cadetis
2634 2424 2649 2463 :

2253 2477 2307 2532 in
2338 2478 2537 2551 finibus
2557 2479 2721 2536 Israel
2740 2479 2996 2549 judicabo
3023 2495 3150 2551 vos,

2255 2559 2314 2605 et
2341 2549 2528 2607 scietis
2555 2553 2678 2622 quia
2701 2568 2804 2621 ego
2833 2553 3118 2608 Dominus.

2178 2618 2307 2676 Ιίωο
2329 2638 2436 2677 non
2458 2618 2758 2679 erit'vobis'
2778 2626 2830 2679 in
2853 2623 3091 2681 lebetem
3118 2668 3134 2689 ,

2248 2702 2306 2748 et
2332 2710 2429 2766 vos
2453 2709 2562 2750 non
2590 2696 2743 2751 eritis
2764 2695 2818 2751 in
2845 2695 3023 2752 medio
3052 2698 3171 2766 ejus
3199 2695 3254 2752 in
3276 2711 3471 2755 carnes
3501 2717 3515 2756 :

2250 2765 2304 2820 in
2337 2765 2538 2822 ﬁnibus
2564 2766 2733 2823 Israel
2754 2767 3014 2834 judicabo
3044 2765 3163 2824 vos.

2174 2832 2246 2891 Et
2266 2838 2453 2909 scietis
2478 2839 2604 2909 quia
2630 2855 2731 2908 ego
2755 2832 3016 2894 Dominus
3048 2857 3061 2893 :

2246 2908 2373 2982 quia
2401 2911 2689 3036 pigmentis
2711 2911 2846 2970 meis
2867 2926 2976 2967 non
2997 2912 3338 2984 ambulastis,
3361 2924 3418 2973 et
3433 2913 3627 2985 judicia
3649 2930 3778 2974 mea

2319 2997 2428 3036 non
2471 2995 2659 3036 BCISIIS
2680 3025 2696 3036 .

2319 2997 2428 3038 non
2451 2995 2659 3039 IGCISIIS
2680 3025 2696 3047 ,

2245 3053 2342 3109 sed
2370 3054 2522 3124 juxta
2545 3055 2751 3124 judicia
2777 3055 3020 3126 gentium
3044 3099 3060 3126 ,
3093 3072 3215 3128 qum
3244 3057 3301 3114 in
3332 3059 3558 3117 circuitu
3585 3070 3775 3119 vestro

2318 3136 2481 3193 sunt,
2512 3129 2648 3183 estis
2669 3128 2899 3197 operati.

2099 3187 2146 3253 C
2177 3193 2245 3250 Et
2275 3187 2478 3253 factum
2499 3208 2610 3261 est,
2642 3187 2765 3254 cu'm
2798 3199 3219 3269 prophetarem,

2249 3269 2490 3327 Pheltias
2519 3271 2662 3327 filius
2693 3271 2908 3327 Banaize
2929 3283 3177 3329 mortuus
3197 3282 3284 3330 est
3311 3291 3327 3328 :

2174 3338 2246 3395 Et
2271 3342 2441 3470 (δῗὶἁρ
2471 3342 2526 3398 in
2569 3342 2762 3399 faciem
2792 3359 2969 3400 meam
2997 3344 3241 3403 clamans
3261 3361 3396 3404 voce
3427 3363 3621 3420 magna
3656 3390 3673 3418 ,
3722 3357 3789 3407 et

2359 3431 2434 3470 ΙΙΙ
2463 3433 2478 3469 ἒ

2359 3431 2478 3470 ΙῙΙΞ

2243 3484 2363 3543 lleu
2386 3529 2402 3555 ,
2435 3487 2568 3555 hcu,
2603 3486 2739 3558 heu,
2773 3487 3003 3545 Domine
3034 3488 3218 3546 Deus:

2243 3560 2770 3615 consunnuationcm
2796 3559 3014 3632 tufacis
3046 3562 3398 3632 reliquiarum
3428 3563 3623 3621 Israel.

2172 3626 2469 3706 l_€t__factum
2495 3643 2580 3706 est
2606 3632 2833 3689 verbum
2857 3631 3075 3688 Domini
3104 3626 3180 3688 ad
3194 3649 3282 3692 me
3308 3677 3324 3706 ,
3351 3633 3541 3693 dicens
3575 3655 3592 3694 :

2170 3698 2274 3756 Fili
2300 3703 2538 3758 hominis
2562 3745 2580 3770 ,

2241 3774 2442 3846 fratres
2473 3776 2548 3830 tui
2575 3817 2590 3840 ,
2620 3776 2815 3830 fratres
2839 3774 2915 3830 tui
2945 3815 2960 3840 ,
3061 3844 3063 3846 η

2169 3888 2184 3914 ε
2241 3845 2342 3903 viri
2367 3848 2660 3933 propinqui
2695 3849 2771 3906 tui
2805 3889 2822 3916 ,
2867 3857 2924 3904 et
2960 3848 3138 3905 omnis
3170 3847 3368 3907 domus
3404 3851 3570 3910 Israel
3594 3894 3612 3924 ,
3649 3854 3772 3911 uni-

2313 3935 2456 3975 versi
2478 3960 2495 3988 ,

2240 3991 2438 4059 quibus
2467 3993 2733 4048 dixerunt
2761 3992 3098 4050 habitatores
3125 3994 3432 4051 Jerusalem
3463 4011 3480 4050 :

2167 4060 2356 4130 Longe
2382 4065 2626 4121 reccdite
2646 4080 2676 4119 a
2708 4064 2940 4120 Domino
2964 4105 2980 4132 ,
3227 4089 3238 4098 -

2238 4134 2396 4190 nobis
2423 4135 2548 4191 data
2579 4147 2665 4192 est
2693 4145 2834 4192 terra
2865 4138 2916 4190 in
2941 4137 3366 4205 possessionem.

2165 4202 2462 4275 Propterea
2494 4209 2610 4262 tunc
2638 4209 2775 4264 dicit
2802 4202 3065 4264 Dominus
3095 4207 3239 4264 Deus
3264 4250 3281 4277 ,

2236 4277 2362 4346 quia
2385 4280 2546 4348 longe
2569 4279 2670 4336 feci
2693 4278 2870 4335 eos‘in
2898 4279 3152 4349 gentibus
3177 4322 3192 4346 ,

2235 4359 2290 4438 et
2318 4351 2459 4438 quia
2475 4350 2714 4438 dispersi
2727 4351 3153 4438 ‘[_Al..dissipavij
3183 4368 3280 4438 eos
3308 4353 3360 4410 in
3381 4355 3586 4438 terris;

2164 4419 2276 4476 Ero
2325 4419 2406 4477 eis
2447 4423 2500 4478 in
2545 4419 3033 4496 sianctilicationem
3070 4419 3340 4496 modicam
3379 4427 3434 4482 in
3465 4426 3632 4483 terris
3656 4468 3670 4496 ,
3694 4427 3765 4484 ad

2307 4509 2444 4564 quas
2472 4503 2741 4552 venerunt
2768 4494 2875 4568 [ΑΙ.
2904 4494 3198 4567 venerint].

2161 4561 2456 4637 Propterea
2480 4567 2706 4637 loquere
2729 4583 2744 4620 :

2161 4636 2288 4692 Haec
2317 4637 2451 4694 dicit
2483 4636 2744 4696 Dominus
2767 4638 2913 4695 Dens
2946 4657 2958 4692 :

2158 4707 2517 4782 Congregabo
2541 4726 2642 4766 vos
2672 4711 2741 4766 de
2767 4710 2978 4782 populis
3005 4755 3020 4780 ,

2229 4781 2560 4855 etadunabo
2587 4783 2658 4839 dc
2681 4781 2918 4838 terrisin
2936 4782 3137 4855 quibus
3167 4781 3399 4855 dispersi
3431 4785 3598 4853 estis,

2228 4852 2477 4925 daboque
2502 4855 2657 4909 vobis
2686 4855 2908 4909 humum
2933 4853 3122 4913 Israel.

2155 4922 2226 4980 Et
2258 4922 2631 4996 ingredicntur
2659 4927 2788 4981 illuc
2821 4946 2832 4980 :

2223 5005 2281 5052 et
2304 4999 2550 5071 auferent
2570 4998 3163 5071 omnesoffensiones,
3193 5007 3528 5071 cunctasque
3547 5000 3768 5058 abomi-

2297 5070 2545 5144 nationes
2573 5071 2693 5141 ejus
2721 5070 2829 5142 [Αἰ.
2862 5081 2992 5125 tacet
3023 5070 3164 5144 ejus]
3193 5071 3262 5127 de
3291 5070 3404 5126 illa.

2150 5137 2220 5196 Et
2246 5139 2387 5195 dabo
2414 5143 2494 5197 eis
2523 5137 2618 5197 cor
2643 5137 2811 5197 unum

2218 5224 2273 5267 et
2301 5215 2551 5280 spiritum
2577 5229 2781 5270 novum
2805 5213 3040 5269 tribuam
3081 5215 3133 5267 in
3176 5214 3482 5271 visceribus
3513 5227 3706 5274 eorum
3742 5236 3758 5274 :

2145 5281 2218 5339 Et
2237 5287 2478 5358 auferam
2505 5300 2601 5340 cor
2631 5286 2910 5358 lapideum
2940 5286 3010 5341 de
3038 5301 3201 5342 carne
3231 5301 3420 5343 eorum
3448 5332 3464 5358 ,

2215 5365 2272 5410 ct
2299 5357 2439 5412 dabo
2471 5358 2551 5413 eis
2579 5357 2952 5413 corcarneum
2988 5375 3002 5411 :

2143 5425 2213 5482 Ut
2240 5427 2291 5482 in
2313 5430 2598 5500 praeceptis
2621 5433 2756 5485 meis
2785 5429 3070 5485 ambulent
3096 5471 3112 5493 ,

2213 5512 2272 5575 et
2293 5499 2505 5575 judicia
2524 5516 2641 5575 mea
2665 5502 2993 5575 custodiant,
3023 5500 3336 5575 faciantque
3365 5517 3428 5560 ea
3454 5543 3471 5571 ,

2141 5567 2208 5625 Et
2233 5567 2341 5626 sint
2369 5573 2498 5626 mihi
2533 5573 2585 5627 itt
2619 5574 2873 5641 populum
2896 5617 2910 5639 ,

2211 5653 2267 5697 et
2287 5661 2388 5713 ego
2413 5645 2516 5699 sim
2548 5645 2630 5698 eis
2663 5648 2716 5699 in
2743 5645 2932 5699 Deum.

503 5716 562 5762 et
585 5708 777 5790 vidiin
807 5709 985 5790 medio
1012 5726 1199 5790 eorum
1226 5708 1504 5772 Je'zoniain
1533 5708 1704 5776 ﬁlium
1732 5721 1878 5778 Azur
1902 5765 1916 5790 ,
1976 5729 2038 5778 οι
2137 5708 2381 5790 Quoruiu
2411 5732 2506 5790 cur
2532 5725 2652 5786 post
2689 5715 3015 5772 offendicula
3051 5726 3104 5772 et
3135 5717 3566 5779 abominationcs
3608 5735 3740 5779 suas

582 5779 850 5855 Pheltiam
883 5782 1049 5838 tilium
1076 5783 1295 5842 Battaite
1322 5828 1338 5855 ,

511 5851 787 5925 principes
815 5855 1018 5925 pepuli.

2281 5787 2521 5842 ambulat
2546 5831 2559 5850 ,

2206 5855 2402 5915 horum
2437 5863 2576 5916 viam
2609 5861 2659 5917 in
2688 5861 2863 5933 capite
2886 5876 2985 5919 suo
3027 5876 3224 5934 ponam
3251 5879 3266 5915 :
