4108 6360
332 263 439 328 955

403 388 535 447 dicit
560 388 824 448 Dominus
853 387 1016 447 Deus.

333 462 401 519 Et
430 462 781 520 elevaverunt
808 462 1087 519 cherubim
1113 459 1226 515 alas
1257 471 1385 514 suas
1415 468 1470 514 et
1496 467 1628 514 rota:
1657 475 1778 516 cum
1805 462 1921 518 eis:

402 545 457 590 et
476 536 645 607 gloria
675 535 769 591 Dei
798 535 967 591 Israel
997 544 1116 589 erat
1141 548 1305 607 super
1333 545 1418 607 ea.

334 606 399 662 Et
429 602 675 663 ascendit
700 608 871 678 gloria
905 607 1113 661 Domini
1141 605 1208 659 de
1236 602 1412 678 medio
1429 603 1665 678 civitatis
1685 643 1700 667 ,

399 682 659 752 stetitque
710 676 876 752 super
928 690 1211 745 montem,
1266 676 1357 747 qui
1404 686 1488 731 est
1541 676 1606 731 ad
1656 676 1922 734 orientem

473 751 623 808 urbis
649 793 664 817 ,

329 822 395 881 Et
422 824 643 890 spiritus
672 823 870 878 levavit
906 838 992 878 me
1016 864 1032 888 ,

397 895 729 967 adduxitque
753 899 804 949 tn
833 894 1147 967 Clialdzeam
1165 892 1231 947 ad
1257 891 1788 964 transmigrationem
1813 891 1848 961 ,‘

399 968 455 1021 itt
486 964 719 1033 visione,
748 966 800 1021 in
833 969 1027 1038 Spiritu
1059 964 1190 1020 Dei:

396 1046 451 1094 et
473 1040 682 1095 sublata
708 1050 791 1094 est
816 1053 846 1095 a
869 1036 955 1094 ine
985 1037 1140 1098 visio,
1173 1052 1332 1107 quam
1363 1036 1630 1091 videram.

324 1109 393 1167 Et
431 1111 646 1167 locutus
674 1127 794 1167 sum
832 1112 900 1166 ad
947 1108 1481 1178 transmigrationem
1523 1110 1706 1166 omnia
1753 1110 1919 1168 verba

468 1183 715 1249 Domini,

395 1270 516 1322 quae
544 1255 856 1311 ostenderat
887 1254 1039 1310 mihi.

325 1324 477 1398 [ϐαρ.
501 1325 642 1398 Χ11.]
668 1329 728 1383 Ει
751 1327 924 1382 factus
945 1337 1031 1384 est
1047 1341 1229 1381 sermo
1252 1324 1461 1378 Domini
1481 1325 1546 1378 ad
1565 1341 1671 1393 me,
1689 1326 1916 1382 dicens:

325 1397 430 1453 Fili
445 1397 700 1465 hominis,
717 1400 768 1453 in
784 1399 966 1453 medio
986 1399 1178 1453 domus
1200 1398 1578 1465 exasperantis
1595 1409 1649 1452 tn
1667 1399 1913 1454 habitas:

391 1469 484 1540 qui
505 1469 693 1526 oculos
718 1471 920 1526 habent
940 1470 1005 1525 ad
1030 1469 1343 1529 videndum,
1368 1477 1423 1522 et
1446 1483 1551 1520 non
1587 1471 1768 1525 vident
1795 1489 1807 1524 :

393 1550 449 1596 et
479 1556 638 1596 aures
661 1543 729 1597 ad
763 1542 1113 1605 audiendum,
1139 1551 1195 1596 et
1227 1556 1332 1595 non
1363 1541 1589 1595 audiunt
1615 1556 1628 1595 :

391 1612 517 1683 quin
542 1613 735 1668 domus
759 1629 1092 1682 exasperans
1121 1622 1223 1666 est.

322 1682 583 1756 Tu’ergo,
616 1685 686 1740 fdi
716 1685 974 1752 hominis,
1000 1686 1084 1741 fac
1107 1685 1201 1738 tibi
1234 1699 1359 1737 vasa
1393 1683 1912 1756 transmigrationis,

391 1765 446 1810 et
475 1757 885 1825 transmigrabis
916 1774 1015 1826 per
1042 1757 1186 1811 diem
1214 1758 1509 1826 corameis
1536 1774 1550 1809 :

319 1825 753 1898 Transmigrabis
780 1838 956 1885 autem
984 1829 1051 1884 de
1078 1830 1198 1884 loco
1229 1835 1324 1883 tuo
1350 1825 1417 1881 ad
1448 1827 1623 1884 locum
1650 1828 1911 1896 alterum,

465 1901 520 1955 in
549 1911 843 1970 conspectu
870 1915 1084 1967 eorum,

389 1970 437 2027 si
468 1972 610 2026 forte
633 1973 933 2041 aspiciant:

387 2043 516 2114 quia
544 2043 739 2099 domus
765 2058 1097 2115 exasperans
1121 2053 1225 2100 est.

319 2113 386 2169 Et
413 2113 629 2190 'eﬂ'eres
671 2118 814 2171 l'oras
841 2113 966 2173 vasa
1009 2126 1099 2171 tua
1128 2116 1281 2187 quasi
1319 2130 1442 2171 vasa
1476 2117 1914 2190 transmigrantis

460 2201 560 2256 per
580 2188 725 2245 diem
749 2192 799 2243 in
832 2198 1124 2259 conspectu
1155 2200 1378 2243 eorum:

390 2265 448 2313 tu
478 2269 657 2333 autem
685 2260 978 2332 egredieris
1007 2276 1235 2332 vespere
1254 2276 1437 2316 coram
1460 2259 1560 2326 eis,
1592 2261 1737 2317 sicut
1758 2276 1914 2333 egre-

458 2331 605 2388 ditur
633 2333 896 2403 migrans.

316 2400 460 2457 Ante
490 2406 675 2460 oculos
694 2400 881 2459 eorum
908 2403 1133 2477 perfode
1161 2403 1255 2460 tibi
1278 2404 1542 2477 parietem
1568 2421 1584 2459 :

391 2482 448 2527 et
476 2478 775 2542 egredieris
803 2492 898 2546 per
918 2492 1042 2532 eum
1070 2494 1085 2532 :

321 2542 689 2621 Inconspeciu
711 2542 898 2603 eorum
932 2550 984 2603 in
1013 2548 1252 2604 humeris
1277 2547 1605 2621 portaberis,

393 2619 445 2691 in
476 2619 699 2691 caligine
734 2621 1012 2676 eﬂ'ereris:

318 2687 535 2744 Faciem
561 2687 704 2746 tuam
737 2693 963 2751 velabis.
990 2700 1045 2745 ct
1074 2706 1182 2745 non
1205 2691 1415 2747 videbis
1449 2701 1651 2747 terram
1678 2708 1691 2746 :

386 2761 509 2829 quia
541 2774 850 2831 portentum
875 2763 999 2817 dedi
1030 2773 1082 2817 te
1108 2764 1290 2817 domui
1324 2763 1509 2817 Israel.

315 2831 441 2889 Feci
472 2849 604 2903 ergo
629 2835 769 2890 sicut
801 2847 1137 2905 prmceperat
1163 2834 1292 2889 milii
1320 2853 1331 2888 :

386 2919 513 3033 va‘sja
538 2922 655 2962 mea
688 2906 889 2979 protuli
922 2908 1074 2979 quasi
1118 2921 1241 2960 vasa
1286 2905 1779 2977 transmigrationis
1811 2920 1909 2980 per

496 2993 637 3033 tem:

496 2993 598 3034 tem
624 2998 637 3034 ι

252 3100 259 3109 ,
315 3046 383 3104 Et
404 3064 635 3120 vespere
662 3050 869 3122 perfodi
893 3048 1025 3106 mihi
1053 3050 1318 3120 parietem
1346 3063 1506 3105 manu
1534 3067 1549 3106 :

385 3121 434 3177 in
466 3121 701 3197 caligine
731 3137 984 3197 egressus
1014 3137 1155 3197 sum,

385 3204 436 3248 et
463 3195 515 3247 in
548 3195 789 3250 humeris
817 3202 1058 3264 portatus
1088 3195 1141 3247 in
1163 3202 1458 3263 conspectu
1483 3208 1697 3249 eorum.

319 3264 379 3316 Et
400 3264 577 3321 Iactus
600 3276 687 3322 est
707 3279 888 3322 sermo
910 3265 1125 3321 Domini
1147 3265 1214 3319 ad
1244 3282 1333 3322 me
1362 3282 1541 3332 mane,
1574 3267 1798 3324 dicens:

311 3334 416 3392 Fili
438 3338 695 3406 hominis,

387 3411 643 3482 numquid
670 3426 776 3466 non
798 3409 1054 3467 dixerunt
1081 3409 1147 3465 ad
1173 3415 1227 3465 te
1258 3408 1455 3467 domus
1485 3408 1651 3466 Israel
1672 3449 1687 3478 ,
1712 3408 1908 3471 domus

460 3495 788 3549 exasperans
812 3500 824 3537 :

312 3550 450 3621 Quid
482 3562 533 3607 tu
564 3553 738 3611 facis?

308 3623 404 3680 Dic
421 3624 488 3678 ad
511 3640 605 3680 eos
627 3642 642 3682 :

304 3694 433 3751 H-‘L'C
458 3696 590 3752 dicit
619 3698 881 3756 Dominus
909 3699 1052 3755 Deus
1076 3715 1091 3755 :

306 3768 486 3836 Super
513 3767 706 3827 ducetn
729 3785 868 3827 onus
895 3771 1061 3835 istud,
1085 3768 1172 3841 qui
1196 3767 1365 3841 estin
1394 3767 1729 3836 Ierusalem,

377 3850 435 3895 et
459 3854 622 3911 super
652 3858 870 3901 omnem
898 3840 1119 3899 domum
1142 3840 1344 3907 Israel,
1372 3856 1495 3911 qua:
1521 3849 1607 3896 est
1636 3842 1691 3896 in
1722 3840 1905 3900 medio

448 3927 659 3970 eorum.

302 3981 430 4038 Dic:
458 3983 575 4055 Ego
604 3997 914 4055 portentum
945 3994 1183 4041 vestrum
1210 4001 1224 4039 :

372 4060 650 4126 quomodo
682 4060 806 4122 feci,
830 4061 909 4115 sic
936 4060 1030 4115 lict
1050 4058 1201 4116 illis:

374 4128 432 4201 in
462 4132 1014 4201 transmigrationem.
1050 4130 1180 4185 etin
1210 4127 1583 4200 captivitatem
1614 4128 1791 4184 ibunt.

300 4197 373 4253 Et
401 4198 507 4327 (1ιὲ
527 4243 540 4262 .
568 4203 659 4273 qui
686 4197 773 4259 est
799 4202 853 4257 in
886 4202 1067 4258 medio
1098 4197 1321 4269 eorum,
1354 4201 1407 4258 in
1440 4202 1685 4258 humeris
1713 4210 1899 4275 porta-

484 4285 620 4327 itur.

484 4285 620 4333 IIUI'.

371 4341 427 4396 in
455 4346 685 4415 caligine
717 4345 1026 4416 egredietur
1050 4364 1065 4402 :

298 4412 942 4501 Parietein‘pcrfodient,
977 4430 1035 4475 ut
1066 4416 1452 4501 educantcum
1488 4433 1504 4470 :

379 4484 545 4543 facies
570 4484 685 4559 ejus
713 4484 1013 4559 operictur,
1047 4500 1103 4545 nt
1129 4506 1237 4544 non
1268 4491 1450 4543 videat
1478 4488 1639 4545 oculo
1666 4496 1892 4544 terram.

296 4555 367 4612 Et
395 4555 683 4616 extendam
717 4555 832 4616 rete
862 4578 1042 4617 meum
1069 4577 1239 4631 super
1269 4563 1459 4628 illum,

371 4638 427 4683 ct
454 4633 696 4702 capietur
716 4633 768 4687 in
799 4648 996 4702 sagena
1021 4649 1174 4688 mea:

294 4700 364 4757 Et
385 4700 652 4759 adducam
672 4720 796 4761 eutn
824 4700 881 4761 in
903 4705 1232 4779 Babylonem
1273 4703 1328 4760 in
1362 4712 1565 4760 terram
1610 4702 1895 4761 Chaldaeo-

439 4791 557 4830 rum
588 4792 602 4831 ε

367 4856 424 4902 et
452 4846 623 4918 ipsam
655 4863 763 4904 non
788 4848 1014 4915 videbit,
1038 4848 1219 4919 ibique
1252 4850 1534 4905 morietur.

299 4914 372 4973 Et
405 4914 594 4993 omnes
622 4923 715 4993 qui
757 4920 903 4975 circa
934 4937 1056 4993 eum
1090 4914 1217 4993 sunt
1238 4962 1254 4987 ,
1284 4921 1597 4993 prmsidittm
1642 4919 1792 4991 ejus,
1841 4929 1898 4977 ct

437 4992 650 5059 agmina
670 4992 805 5062 ejus,
832 4991 1143 5058 disperdam
1174 4992 1225 5046 in
1250 4991 1468 5049 omnem
1495 4999 1718 5050 vetitum
1745 5010 1759 5046 :

365 5071 422 5117 et
449 5063 690 5131 gladium
712 5064 1013 5135 evaginabo
1038 5073 1159 5133 post
1198 5078 1318 5120 eos.

289 5130 365 5188 Et
388 5130 566 5207 scient
585 5135 709 5204 quia
732 5130 839 5207 ego
864 5130 1126 5207 Dominus
1149 5152 1165 5200 ;

364 5205 584 5277 quando
605 5205 921 5290 dispersere
942 5207 1066 5263 illos
1094 5205 1148 5262 in
1174 5207 1445 5278 gentibus,
1470 5218 1526 5264 et
1558 5206 1892 5263 dissemina-

442 5293 571 5333 γυτο
593 5294 689 5333 808
710 5295 762 5334 in
794 5289 974 5334 ιειῚἸδ.

291 5347 370 5404 Et
398 5350 701 5423 relinquam
736 5366 804 5406 ex
829 5352 909 5406 eis
938 5351 1085 5405 viros
1110 5365 1328 5421 paucos,
1354 5366 1382 5406 a
1408 5351 1610 5423 gladio,
1643 5360 1699 5408 et
1726 5352 1887 5420 fame,

438 5431 495 5477 et
522 5422 862 5491 pestilentia:

365 5501 701 5567 utenarrent
730 5494 911 5567 omnia
943 5493 1150 5550 scelera
1180 5508 1369 5551 eorum
1392 5495 1445 5553 in
1489 5495 1745 5567 gentibus
1770 5536 1785 5563 ,
1818 5494 1886 5552 ad

437 5579 572 5634 quas
600 5564 1005 5636 ingrediuntur:

369 5645 423 5690 et
444 5637 618 5692 scient
636 5638 759 5707 quia
789 5654 888 5705 ego
918 5638 1198 5693 Dominus.

286 5706 364 5763 Et
394 5708 565 5762 factus
592 5706 677 5762 est
701 5724 883 5766 sermo
906 5709 1121 5767 Domini
1143 5710 1209 5764 ad
1238 5725 1346 5778 me,
1378 5708 1600 5766 dicens:

285 5779 401 5835 Fili
433 5780 667 5834 hominis
692 5821 706 5845 ,

372 5867 563 5922 parem
592 5862 737 5908 tuum
776 5853 827 5910 in
860 5854 1272 5913 conturbatione
1301 5855 1561 5913 comede:

1426 262 1632 325 LIBER
1667 261 2079 327 EZECIIIELIS
2118 263 2532 330 PROPHETE.
2611 267 2632 310 3

1952 391 2007 453 Α
2102 391 2199 447 sed
2231 392 2356 467 [Αι.
2390 400 2521 448 tacet
2550 390 2645 451 sed
2668 392 2682 466 J
2705 396 2761 448 et
2785 402 2979 465 aquam
3009 378 3156 447 tuam
3189 385 3243 445 in
3272 385 3619 446 festinatione

3515 265 3626 328 θυι

2172 466 2249 519 εἴ
2269 482 2503 523 maerore
2534 466 2677 523 bibe.

2027 534 2365 615 Et‘dicesad
2392 539 2865 615 populoniterrte:
3095 606 3109 615 _
3162 605 3175 615 _
3393 602 3453 615 Δ.
3530 562 3585 615 ἠ

2026 606 2153 663 Πειεο
2183 609 2314 663 dicit
2335 601 2598 667 Dominus
2630 611 2770 666 Deus
2800 610 2867 664 ad
2897 623 2992 665 eos
3021 606 3112 679 qui
3161 605 3410 662 habitant
3440 602 3496 659 in
3523 601 3614 660 Je-

2167 682 2427 747 rusalem,
2459 683 2511 737 in
2542 695 2685 738 terra
2718 682 2875 736 Israel
2904 699 2917 735 :

2026 750 2227 809 Panem
2254 767 2409 808 suum
2443 754 2494 809 in
2522 754 2889 810 sollicitudine
2910 750 3220 819 comedent,

2097 831 2153 879 et
2172 840 2365 894 aquam
2390 841 2542 881 suam
2571 826 2623 881 in
2653 826 2992 881 desolatione
3022 823 3245 880 bibent:

2026 893 2096 951 Ut
2126 895 2401 953 desoletur
2433 909 2575 953 terra
2605 915 2635 953 a
2669 895 3011 955 multitudine
3039 911 3136 951 sua
3157 936 3172 957 ,

2098 977 2317 1039 propter
2345 969 2683 1039 iniquitatem
2714 970 2953 1023 omnium
2977 969 3067 1037 qui
3094 965 3339 1021 habitant
3367 964 3423 1019 in
3450 976 3541 1019 ea.

2025 1038 2094 1095 Et
2128 1038 2382 1096 civitates
2429 1038 2549 1111 ane
2576 1057 2720 1096 nunc
2751 1040 3094 1106 habitantur,
3125 1039 3382 1094 desolata:
3411 1041 3609 1102 erunt,

2168 1123 2418 1185 terraque
2437 1113 2653 1169 deserta
2676 1131 2689 1166 :

2093 1184 2281 1240 scietis
2308 1184 2430 1256 quia
2456 1202 2556 1256 ego
2579 1184 2861 1240 Dominus.

2022 1255 2087 1310 Et
2114 1259 2282 1311 Iactus
2306 1254 2388 1314 est
2414 1254 2596 1315 ser—mo
2626 1256 2835 1314 Domini
2863 1255 2931 1311 ad
2964 1270 3070 1322 me,
3095 1254 3283 1310 dicens
3309 1270 3324 1312 :

2022 1326 2123 1383 Fili
2156 1329 2411 1397 hominis,
3074 1374 3082 1394 ι

2091 1402 2234 1525 quod
2266 1411 2349 1485 est
2380 1395 2725 1472 proverbium
2759 1399 2903 1457 istud
2938 1400 3096 1456 vobis
3140 1400 3192 1454 in
3244 1406 3386 1452 terra
3419 1395 3607 1464 Israel,

2091 1492 2105 1524 ι
2133 1481 2417 1525 tcenttum:

2091 1475 2417 1530 dicentium:

2018 1543 2076 1597 In
2109 1544 2326 1615 longum
2354 1546 2674 1603 ditl‘erentur
2694 1546 2834 1615 dies,
2865 1555 2919 1601 et
2948 1544 3144 1615 peribit
3171 1541 3349 1600 omnis
3376 1538 3556 1595 visio?

2020 1615 2145 1670 Ideo
2177 1619 2262 1671 die
2288 1619 2352 1671 ad
2383 1634 2515 1675 eos:

2022 1689 2146 1742 lliec
2166 1689 2294 1744 dicit
2318 1691 2577 1747 Dominus
2600 1692 2778 1747 Deus:

1946 1790 1994 1850 Β
2020 1759 2312 1828 Quiescere
2342 1763 2532 1850 faciant
2559 1764 2907 1850 proverbium
2941 1760 3083 1850 istud
3108 1778 3122 1850 ξ

2092 1845 2268 1904 neque
2290 1835 2455 1904 vulgo
2479 1835 2684 1891 dicetur
2706 1837 2846 1891 ultra
2873 1836 2926 1888 in
2961 1833 3147 1889 Israel.
3267 1903 3270 1904 ν

2022 1901 2089 1957 Ει
2126 1901 2349 1975 loquere
2391 1901 2460 1960 ad
2493 1922 2588 1961 eos
2614 1910 2754 1976 quod
2786 1903 3342 1977 apprOpinquavet‘int
3390 1903 3508 1961 dies
3556 1911 3614 1959 et

2165 1991 2349 2032 sermo
2378 1992 2556 2033 OIIIIIIS
2584 1994 2829 2033 \‘ISIOIIIS.

2020 2044 2137 2102 Non
2171 2049 2320 2104 enim
2352 2051 2459 2104 erit
2487 2052 2624 2105 ultra
2668 2052 2847 2107 omnis
2871 2049 3007 2104 visio
3051 2064 3200 2104 cassa
3220 2093 3235 2117 ,
3270 2062 3448 2118 neque
3475 2044 3612 2102 divi-

2163 2122 2312 2176 natio
2341 2122 2591 2191 anibigua
2624 2123 2676 2177 in
2706 2122 2885 2177 medio
2911 2121 3153 2176 ﬁliorum
3178 2120 3364 2175 Israel.
3464 2125 3483 2191 ξ

2018 2188 2153 2258 Quia
2178 2206 2277 2267 ego
2312 2188 2571 2249 Dominus
2596 2195 2781 2267 loquar
2809 2194 3188 2265 quodcumque
3215 2193 3427 2248 locutus
3457 2190 3610 2246 luero

2161 2265 2407 2331 verbum,
2441 2276 2494 2320 et
2523 2267 2635 2327 liet,

2090 2344 2278 2409 etnon
2303 2338 2712 2409 prolongabitur
2739 2337 2968 2405 amplius
2994 2353 3009 2390 :

2016 2403 2125 2462 Sed
2155 2408 2207 2481 in
2230 2403 2422 2464 diébus
2437 2403 2663 2481 Ave'stris,
2691 2403 2884 2464 domus
2905 2422 3255 2481 exasperans,
3284 2406 3476 2479 loquar
3491 2420 3612 2463 ver-

2163 2479 2311 2542 bum,
2343 2491 2396 2535 et
2427 2478 2619 2536 faciam
2648 2482 2803 2551 illud,

2088 2548 2220 2605 dicit
2256 2552 2518 2608 Dominus
2541 2554 2707 2608 Deus.

2016 2616 2087 2692 Et
2116 2621 2290 2678 factus
2310 2634 2393 2679 est
2423 2640 2603 2681 sermo
2629 2625 2838 2681 Domini
2865 2622 2929 2679 ad
2962 2638 3071 2692 me,
3101 2622 3317 2681 dicens:

2017 2691 2117 2748 Fili
2144 2694 2397 2761 hominis,

2087 2780 2217 2822 ecce
2243 2768 2436 2823 domus
2466 2770 2636 2826 Israel
2666 2770 2957 2826 dicentium
2984 2786 2999 2824 ε

2017 2835 2190 2901 Visio,
2224 2854 2385 2910 quam
2420 2841 2505 2898 hic
2526 2842 2696 2903 videt.
2730 2846 2783 2897 in
2811 2843 2929 2897 dies
2959 2840 3196 2895 inultos:

2086 2920 2142 2963 et
2169 2910 2224 2964 in
2259 2914 2685 2987 temporalonga
2708 2916 2810 2971 iste
2844 2915 3154 2986 prophetat.

2016 2977 2310 3051 Propterea
2340 2977 2427 3040 dic
2457 2985 2523 3041 ad
2550 2977 2683 3043 eos:

2017 3051 2145 3107 Haec
2173 3053 2307 3109 dicit
2340 3056 2599 3116 Dominus
2639 3060 2818 3113 Dens:

2014 3121 2134 3179 Non
2166 3126 2575 3207 prolongabitnr
2603 3131 2739 3195 ultra
2773 3129 2948 3207 omnis
2979 3141 3161 3184 sermo
3198 3138 3390 3207 meus:
3497 3193 3530 3207 η
3569 3193 3582 3207 ο

2086 3193 2334 3272 verbum,
2364 3193 2521 3272 quod
2552 3193 2761 3258 locutus
2800 3200 2954 3257 fuero
2981 3243 2995 3269 ,
3039 3198 3405 3270 complebitur
3429 3236 3445 3262 ,
3479 3193 3610 3252 dicit

2160 3268 2419 3328 Dominus
2444 3274 2604 3329 Deus.
3168 3268 3180 3270 ⁷
3356 3330 3357 3335 η

2015 3336 2387 3416 [Cap.__XlII.J
2433 3346 2500 3403 Et
2555 3345 2727 3403 faetus
2768 3354 2850 3405 est
2895 3359 3079 3402 sermo
3119 3342 3333 3398 Domini
3372 3340 3439 3396 ad
3479 3353 3604 3409 me,

2155 3412 2341 3471 dicens
2370 3412 2385 3470 Ξ

2010 3480 2118 3538 Fili
2151 3484 2385 3543 hominis
2409 3530 2425 3556 ,

2082 3557 2381 3633 vaticinare
2409 3561 2474 3618 ad
2508 3561 2795 3633 prophetas
2819 3557 3126 3633 Israel,qui
3154 3556 3483 3630 prophetarit
3513 3572 3527 3609 :

2081 3637 2146 3702 et,
2166 3629 2313 3684 dices
2343 3629 2796 3702 propli'etaiitihus
2818 3634 2885 3689 de
2907 3632 3072 3690 corde
3103 3629 3201 3687 suo
3229 3646 3243 3686 :

2012 3696 2208 3755 Audite
2235 3696 2456 3760 verbum
2490 3707 2699 3762 Domini
2727 3726 2740 3763 :

2009 3767 2142 3826 Haec
2168 3772 2301 3829 dicit
2320 3775 2580 3833 Dominus
2608 3779 2749 3833 Deus
2774 3797 2787 3831 :

2008 3839 2103 3897 Va:
2131 3846 2413 3920 prophetis
2446 3850 2846 3920 insipientibus,

2079 3917 2167 3991 qui
2191 3931 2489 3987 sequuntur
2518 3915 2764 3989 spiritum
2791 3936 2986 3991 suum,
3020 3927 3074 3975 et
3104 3916 3240 3975 nihil
3264 3915 3472 3972 vident.

2006 3982 2171 4063 Quasi
2197 3982 2383 4058 t'ttipes'
2408 3994 2459 4048 in
2484 3982 2740 4059 desertis,
2976 3982 2985 3991 1
3193 4058 3198 4063 .

2006 4054 2302 4139 Propheta:
2320 4065 2656 4139 t_ui,4lsrae|,r
2675 4054 2832 4121 erant
2862 4064 2978 4139 [ΑΙ.
3012 4071 3173 4120 erunt
3193 4058 3234 4132 ].

2004 4125 2129 4183 Non
2151 4134 2474 4191 ascendistis
2502 4152 2565 4190 ex
2595 4125 2821 4192 adverso
2855 4125 2867 4191 Ξ

2078 4216 2254 4272 neque
2280 4208 2617 4278 opposuistis
2647 4224 2857 4263 murum
2887 4223 2982 4278 pro
3006 4207 3168 4260 domo
3200 4202 3385 4269 Israel,

2058 4284 2133 4353 .ul
2165 4280 2388 4353 starelis
2419 4280 2472 4334 in
2506 4282 2693 4350 prmlio
2724 4282 2778 4335 in
2806 4281 2892 4336 die
2920 4280 3154 4334 Domitii.

2006 4340 2205 4425 Yident
2231 4349 2393 4425 vana,
2429 4362 2485 4406 et
2506 4340 2758 4407 divinant
2786 4353 3155 4418 mendacium,
3191 4348 3475 4404 dicentes:

2003 4415 2098 4469 Ait
2128 4415 2421 4478 Dominus:

2073 4502 2195 4542 cum
2229 4491 2489 4551 Dominus
2522 4512 2626 4551 non
2658 4496 2867 4550 miserit
2897 4510 3027 4548 eos:

2074 4569 2128 4612 cl
2154 4576 2638 4630 perseveraverant
2667 4569 2991 4623 conlirmare
3021 4576 3358 4617 sermonem.

2078 4603 2128 4612 ν-
2192 4603 2638 4623 ν.υυ.υ....ι,......
2667 4603 2991 4623 w............,

1925 4603 1979 4666 Β
2003 4603 2271 4703 Numquid
2300 4653 2406 4693 non
2436 4640 2697 4695 visionem
2721 4652 2932 4693 cassam
2959 4636 3169 4690 vidistis
3189 4676 3203 4698 ,

2078 4714 2131 4757 et
2162 4703 2542 4764 divinationem
2578 4711 2895 4767 mendacem
2926 4708 3088 4764 locuti
3117 4707 3249 4761 estis
3275 4720 3292 4762 ξ

2074 4784 2129 4828 el
2155 4778 2354 4843 dicitis,
2382 4785 2469 4838 Ait
2490 4783 2769 4846 Dominus,

2076 4862 2197 4900 cum
2232 4864 2333 4920 ego
2364 4871 2469 4906 non
2502 4857 2602 4907 sint
2636 4855 2888 4911 locutus?

2006 4915 2303 4999 Eropterea
2322 4925 2454 4999 ΔΙιωίξ
2478 4924 2601 4981 dicit
2634 4926 2894 4981 Dnmintts
2922 4925 3065 4979 Deus
3090 4938 3102 4975 :

2005 4986 2140 5062 Quia
2172 4992 2334 5050 locuti
2358 4996 2486 5052 estis
2514 5014 2671 5062 vana,
2698 5008 2747 5051 rt
2779 4999 2987 5050 vidisds
3020 4992 3399 5049 mendacium:

2077 5060 2199 5139 ideo
2229 5082 2356 5123 ecce
2385 5086 2485 5139 ego
2514 5070 2578 5122 ad
2610 5060 2722 5133 vos,
2757 5070 2889 5123 dicit
2916 5070 2959 5121 υ
2985 5068 3176 5120 uninns
3206 5065 3382 5139 Deus:

2003 5128 2073 5186 Et
2099 5136 2205 5190 erit
2227 5128 2564 5194 manusvniea
2592 5128 2756 5211 super
2790 5141 3100 5209 prophetas,
3131 5140 3221 5209 qui
3255 5135 3438 5191 vident
3467 5148 3603 5188 vana

2144 5217 2198 5261 et
2226 5211 2471 5266 divinant
2501 5215 2841 5268 mendacium
2872 5231 2887 5273 ;

2071 5284 2125 5339 in
2156 5293 2384 5344 consiiio
2409 5294 2586 5363 pepuli
2620 5294 2724 5347 mei
2750 5310 2853 5346 non
2886 5302 3083 5356 erunt,

2079 5375 2126 5416 et
2164 5370 2213 5421 in
2247 5373 2510 5435 scriptura
2544 5374 2736 5426 domus
2762 5373 2927 5426 Israel
2960 5387 3067 5425 non
3099 5368 3437 5435 scribentur,

2068 5466 2169 5507 nec
2193 5451 2244 5505 iu
2277 5464 2475 5505 terrain
2508 5454 2673 5508 Israel
2709 5454 3098 5524 itigredientur,

2068 5542 2124 5587 et
2145 5533 2325 5586 scietis
2350 5534 2469 5603 quia
2501 5551 2600 5606 ego
2628 5537 2882 5609 lltyiiintts
2910 5534 3071 5588 Deus.

2000 5613 2077 5669 Eo
2099 5613 2241 5682 quod
2267 5614 2586 5682 deceperint
2610 5618 2865 5685 populum
2891 5630 3089 5679 meum,
3122 5612 3374 5666 dicente:

2001 5696 2136 5753 Pax.
2164 5706 2217 5751 et
2248 5712 2353 5750 non
2378 5707 2461 5751 est
2495 5714 2590 5764 pax
2618 5714 2635 5754 :

2003 5776 2071 5832 Ει
2096 5777 2212 5841 ipse
2241 5777 2539 5831 agdilicalmt
2576 5796 2656 5846 pa'
2676 5780 2833 5833 ictam
2864 5822 2878 5840 .

2078 5856 2154 5911 illi
2185 5869 2362 5913 autem
2393 5857 2654 5915 liniebant
2676 5877 2797 5915 eum
2835 5862 2944 5915 luto
2976 5857 3179 5926 absque
3205 5852 3397 5923 paleis.
