4050 6356
389 322 497 388 959

1390 319 1450 378 S.
1492 318 1878 403 HIERONYIMI
1916 318 2151 380 DIVINA
2188 319 2671 381 BIBLIOTHECA.

463 437 680 516 quando
702 454 824 516 erat
844 437 1007 507 nuda,
1038 446 1094 498 et
1118 436 1440 497 confusione
1460 434 1987 509 plena,conculcata
2015 438 2070 499 Α
2162 444 2219 507 et
2266 435 2582 516 lapidabunt
2618 446 2671 493 te
2711 431 3023 516 lapidibus,
3071 428 3087 448 '

536 516 590 570 in
616 514 881 585 sanguine
907 524 1023 570 tuo.

392 586 461 644 Et
509 582 865 655 accidit'post
891 600 1111 643 omnem
1162 582 1422 639 malitiam
1445 591 1603 655 tuam

464 658 592 731 (vae,
612 673 699 731 ivre
728 654 860 731 tibi,
893 660 974 731 ait
1003 655 1265 713 Dominus
1297 654 1485 727 Deus),

395 729 771 785 Et‘mdiﬁcasti
806 729 899 783 tibi
930 730 1174 799 lupanar,

467 811 523 879 _et
550 801 723 859 fecisti
753 801 852 856 tibi
880 796 1239 879 prostibulum
1268 799 1324 879 i_n
1352 798 1567 879 cunctis
1594 796 1808 879 plateis.
1829 866 1862 879 γ’

397 872 481 931 Ad
508 888 669 929 omne
696 882 859 944 caput
883 867 987 928 ’via:
1015 872 1297 929 :cdilicasti
1342 874 1557 943 signum
1585 867 1990 941 prostitutionis

540 954 666 1009 tuae,

470 1027 526 1072 et
563 1016 982 1072 abominabilem
1013 1016 1189 1071 fecisti
1220 1014 1474 1071 decorem
1505 1022 1657 1069 tuum
1687 1029 1703 1071 ε

398 1088 469 1147 Et
495 1089 725 1145 divisisti
751 1088 915 1156 pedes
946 1099 1068 1144 tuos
1096 1087 1244 1142 omni
1272 1086 1609 1153 transeunti,

471 1172 527 1215 et
558 1161 928 1229 mnltiplieasti
962 1160 1350 1215 fornicationes
1382 1170 1521 1212 tuas.

398 1231 469 1289 Et
498 1231 762 1288 fornicata
791 1248 850 1315 es
877 1248 1001 1287 cunt
1027 1232 1153 1293 filiis
1178 1229 1400 1303 Egypti
1414 1229 1611 1287 vicinis
1636 1229 1741 1286 tuis
1768 1242 1991 1292 magna-

544 1320 664 1359 runt
695 1320 941 1359 carnium
970 1321 985 1357 2
1888 1328 1891 1335 ’

470 1386 527 1437 et
555 1377 923 1449 multiplicasti
952 1375 1371 1433 fornicationem
1394 1383 1541 1431 tuam
1561 1372 1631 1429 ad
1659 1373 1819 1431 irrita

546 1464 654 1505 nte.

404 1518 547 1577 Ecce
574 1537 675 1589 ego
703 1521 991 1594 extendam
1020 1521 1132 1594 [ΑΙ.
1155 1518 1409 1594 extendi]
1441 1532 1661 1574 manum
1692 1529 1881 1573 meam:
1900 1528 1995 1570 su-

552 1609 647 1663 per
689 1603 762 1663 te,
796 1604 852 1649 et
874 1592 1117 1648 auferam
1146 1593 1237 1659 jus
1263 1600 1415 1647 tuum
1448 1606 1461 1643 :

475 1671 532 1721 et
553 1659 702 1721 dabo
729 1659 779 1722 te
813 1668 864 1720 iu
895 1668 1105 1723 animas
1124 1663 1423 1721 odientium
1448 1671 1501 1718 te
1532 1662 1763 1718 ﬁliarum
1790 1659 1995 1717 Palas-

584 1737 814 1793 tinarum
831 1778 846 1799 .

474 1824 595 1879 qua:
632 1811 959 1866 erubescunt
981 1807 1032 1863 in
1073 1808 1159 1863 via
1192 1818 1278 1862 tua
1308 1807 1593 1863 scelerata.

407 1880 479 1939 Et
508 1881 767 1938 fornicata
796 1895 857 1938 es
885 1883 938 1937 in
967 1880 1093 1936 filiis
1124 1882 1503 1952 Assyriorum,

476 1968 547 2010 eo
576 1954 717 2021 quod
750 1953 975 2011 necdum
1008 1952 1177 2007 fueris
1203 1952 1417 2021 expleta
1447 1968 1462 2006 :

477 2034 532 2080 et
562 2035 846 2097 postquam
878 2025 1139 2079 fornicata
1168 2039 1255 2097 es,
1289 2040 1388 2078 nec
1432 2026 1512 2077 sic
1538 2038 1599 2097 es
1634 2021 1848 2078 satiata.

407 2095 476 2154 Et
518 2091 887 2167 multiplicasti
937 2096 1342 2152 fornicationem
1385 2105 1535 2150 tuam
1581 2096 1634 2151 in
1681 2106 1825 2150 terra
1854 2091 1995 2148 Cha-

554 2184 693 2224 naan
722 2184 845 2225 eum
870 2168 1141 2224 Ultaldztzis
1172 2183 1187 2223 :

480 2249 537 2296 et
569 2256 667 2297 nec
693 2244 773 2296 sic
801 2242 991 2294 satiata
1015 2253 1097 2294 es.

403 2310 464 2369 In
496 2328 605 2385 quo
632 2312 905 2367 mundabo
934 2321 1235 2385 coetuum,
1269 2311 1346 2366 ait
1374 2309 1635 2385 Dominus
1663 2308 1805 2365 Detts
1835 2328 1849 2364 :

481 2379 603 2441 cum
632 2384 795 2439 facias
839 2385 1025 2440 omnia
1054 2384 1172 2439 haec
1201 2399 1364 2454 opera
1394 2379 1995 2450 mulierismeretricis,

552 2466 607 2511 et
649 2455 929 2525 procacis?

406 2527 538 2596 Quia
575 2522 847 2584 fabricasti
881 2529 1105 2597 lupanar
1136 2536 1285 2581 tuum
1319 2525 1371 2578 in
1413 2522 1591 2593 capite
1620 2525 1799 2582 omnis
1823 2523 1961 2592 vim,

480 2608 535 2656 et
561 2600 837 2656 excelsum
869 2610 1016 2662 tuum
1044 2600 1217 2655 fecisti
1248 2598 1299 2651 in
1329 2597 1476 2652 omni
1504 2598 1677 2665 platea
1710 2614 1722 2651 :

478 2686 589 2755 nec.
612 2672 749 2727 facta
784 2686 847 2727 es
892 2671 1047 2742 quasi
1079 2669 1343 2729 meretrix
1373 2669 1593 2726 fastidio
1634 2684 1841 2741 augens
1877 2684 2001 2741 pre-

552 2756 685 2799 ttmn
714 2784 729 2808 ,

407 2812 516 2872 Sed
547 2815 700 2884 quasi
732 2814 929 2870 mulier
956 2813 1198 2869 adultera
1224 2858 1239 2879 ,

491 2882 613 2958 qua:
642 2903 808 2959 super
828 2888 1003 2959 virum
1034 2901 1191 2959 suum
1232 2883 1439 2940 inducit
1464 2882 1694 2959 alienos.

413 2956 675 3016 Omnibus
707 2956 1086 3016 meretricibus
1122 2956 1319 3012 dantur
1348 2956 1633 3011 mercedes
1663 2973 1679 3012 :

486 3044 539 3091 tu
585 3040 767 3086 autem
821 3029 1019 3087 dedisti
1062 3030 1345 3086 mercedes
1401 3027 1615 3083 cunctis
1666 3028 2003 3085 amatoribus

555 3102 661 3157 tuis
676 3146 691 3168 ,

482 3183 538 3231 et
567 3174 809 3229 donabas
835 3173 936 3235 eis,
970 3182 1027 3227 ιιι
1056 3173 1325 3228 intrarent
1344 3170 1410 3225 ad
1444 3179 1496 3225 te
1521 3169 1762 3241 undique
1791 3169 1859 3226 ad
1893 3172 2004 3228 for-

557 3246 847 3301 nieandnm
880 3257 1083 3302 tecum.

409 3317 747 3389 Factumque
790 3329 876 3373 cst
921 3319 974 3372 in
1006 3330 1057 3373 te
1083 3327 1275 3372 contra
1316 3314 1774 3372 consuetudinem
1811 3315 2003 3372 mulie-

558 3407 674 3445 rtttu
708 3394 759 3445 in
804 3390 1251 3444 l‘oruieationibus
1280 3389 1419 3453 tuis,

481 3470 541 3517 et
572 3462 690 3531 post
726 3473 778 3518 te
808 3478 915 3516 non
944 3464 1053 3517 erit
1094 3459 1382 3531 fornicatio
1408 3474 1426 3515 :

413 3532 472 3590 lu
505 3530 743 3589 eo’enitn
773 3533 915 3604 quod
942 3533 1137 3588 dedisti
1164 3530 1470 3599 mercedes,
1496 3539 1553 3586 et
1580 3530 1861 3589 mercedes
1890 3547 1999 3589 non

554 3619 811 3674 accepisti
829 3646 846 3666 .

487 3675 684 3730 factum
708 3688 790 3731 Cal
819 3677 871 3730 in
903 3684 955 3731 te
976 3676 1333 3731 contrarium.

413 3746 733 3816 Propterea,
768 3749 1051 3810 meretrix,
1085 3746 1212 3803 andi
1252 3745 1473 3802 verbum
1503 3744 1744 3803 Domini.

418 3821 543 3871 “:l‘f‘.
575 3819 705 3873 dicit
736 3819 997 3873 Dominus
1026 3819 1167 3874 Deus
1202 3834 1216 3871 :

412 3889 553 3959 Quia
582 3890 814 3945 elfusnm
842 3902 926 3945 est
955 3907 1031 3945 res
1073 3900 1253 3951 tuum.

487 3974 543 4017 et
590 3963 827 4019 revelata
868 3971 954 4015 est
997 3961 1289 4029 ignominia
1323 3970 1411 4016 tua
1452 3961 1507 4017 in
1552 3960 2007 4017 fornicationibns

561 4036 667 4087 tuis
696 4048 863 4103 super
887 4042 1160 4087 amatores
1188 4044 1309 4085 tuos
1327 4074 1342 4096 ,

416 4113 473 4159 et
503 4120 667 4167 super
696 4106 836 4157 idola
881 4103 1342 4159 abominationutn
1387 4115 1596 4159 tuarum
1647 4106 1700 4159 in
1748 4107 2007 4175 sanguine

561 4176 795 4230 liliorutn
820 4184 1073 4236 tuorum,
1100 4190 1238 4245 quos
1268 4176 1465 4230 dedisti
1492 4181 1572 4229 eis
1597 4192 1611 4228 :

418 4246 563 4303 Ecce
588 4262 691 4316 ego
728 4250 1075 4330 congregabo
1101 4260 1293 4302 omnes
1322 4262 1597 4303 amatores
1628 4256 1780 4313 tuos,
1810 4248 2009 4319 quibus

558 4330 851 4373 CtlmnHXla
881 4334 972 4382 es;

484 4400 539 4444 et
562 4407 751 4446 onmes
780 4407 918 4462 quos
947 4390 1187 4445 dilexisti
1213 4434 1226 4460 ,
1260 4406 1381 4446 cum
1416 4391 1684 4446 universis
1713 4407 1849 4463 quos
1878 4392 2009 4449 ode-

558 4477 645 4517 ras
678 4479 692 4515 ζ

413 4533 485 4590 Et
502 4532 962 4608 cottgrcgabo,eos
1003 4549 1169 4608 super
1198 4546 1248 4588 te
1276 4535 1514 4602 undique
1534 4576 1550 4599 ,

484 4614 539 4660 et
569 4607 782 4660 nudabo
815 4606 1163 4674 ignmniniant
1194 4619 1338 4661 tuam
1371 4624 1551 4661 curam
1584 4606 1664 4662 eis
1685 4647 1701 4671 .

486 4686 542 4731 et
570 4678 827 4733 videbunt
857 4693 1073 4731 omnem
1107 4679 1492 4748 turpitudinem
1522 4686 1691 4733 tuam.

412 4749 481 4806 Et
500 4750 758 4833 judicabo
789 4760 839 4803 Ie
860 4749 1079 4818 judiciis
1114 4750 1487 4806 adulterarum
1522 4762 1577 4806 et
1613 4748 2003 4806 eti‘undentiuut

558 4836 881 4891 sanguinem
915 4838 931 4875 ς

484 4902 538 4947 ot
562 4894 703 4948 dabo
736 4904 787 4946 te
816 4894 868 4947 in
895 4892 1215 4963 sanguinem
1245 4892 1442 4949 furoris
1474 4902 1526 4949 ct
1560 4893 1683 4949 zeli.

415 4962 486 5021 Et
515 4965 655 5018 dabo
675 4974 728 5020 te
754 4963 807 5019 in
833 4962 1029 5020 manus
1055 4980 1245 5020 eorum
1266 5008 1284 5033 ,

487 5048 541 5089 et
568 5035 850 5090 destruent
880 5036 1107 5107 lupanar
1132 5048 1281 5093 tuum
1315 5055 1327 5091 :

484 5116 540 5162 et
563 5106 925 5178 demolientur
942 5106 1311 5178 prostibulum
1342 5120 1492 5164 tuum
1526 5126 1542 5164 :

415 5176 487 5234 Et
508 5177 859 5232 denudabunt
889 5176 1321 5235 teo'cstimeutis
1352 5180 1489 5247 tuis,

489 5258 545 5303 et
581 5249 975 5305 aufereutvasa
998 5252 1212 5307 decoris
1247 5254 1320 5307 tui
1356 5269 1366 5304 :

484 5319 948 5396 etderelinquent
982 5331 1035 5377 te
1066 5324 1264 5379 nudam
1300 5326 1626 5396 plenamque
1675 5323 1966 5395 ignominia
1994 5339 2007 5379 :

414 5392 480 5450 Et
503 5392 780 5448 adducent
806 5408 972 5464 super
1002 5405 1055 5450 te
1078 5392 1476 5452 multitudinem
1500 5440 1515 5465 ,

482 5615 505 5644 α
536 5607 616 5663 ita
643 5602 920 5660 Hmbracus
945 5610 999 5658 et
1020 5601 1205 5658 Canon
1234 5603 1340 5659 San
1373 5601 1777 5659 Gcrmanensis.
1803 5601 2001 5660 (lateri

407 5692 599 5733 omnes
648 5691 779 5732 tuss.
827 5676 1041 5732 codices
1087 5691 1209 5728 cum
1253 5677 1415 5730 editis
1466 5675 1620 5730 libris
1660 5676 1885 5729 retinent
1921 5691 2006 5731 se-

407 5752 645 5802 cundum
699 5763 1012 5817 personant,
1066 5748 1257 5800 vidisti.
1314 5746 1548 5813 Utraque
1603 5746 1763 5799 lectio
1820 5763 2005 5803 verum

408 5835 819 5891 congruumque
858 5821 1022 5873 eltlcit
1050 5834 1296 5883 sensum,
1326 5819 1427 5891 vidi
1452 5821 1601 5891 enim
1630 5818 1694 5871 ad
1727 5820 1894 5891 Deum
1922 5835 2009 5876 re-

410 5889 546 5951 ferri
575 5889 761 5961 debet,
788 5891 877 5962 qui
904 5891 1130 5948 abstulit
1162 5891 1321 5949 nrbes
1350 5890 1717 5947 Sodomorum
1747 5899 1800 5946 et
1820 5889 2012 5949 Sama-

2024 1846 2075 1908 B

2167 516 2223 563 et
2252 507 2601 565 trncidabunt
2630 518 2685 564 te
2710 508 2904 580 gladiis
2931 508 3067 563 suis.

2092 578 2163 636 Et
2189 582 2511 636 comburent
2536 578 2733 637 domos
2759 590 2880 634 tuas
2908 580 3051 651 igni,

2164 660 2221 708 et
2241 651 2441 708 facient
2464 651 2520 710 in
2545 660 2599 709 te
2616 652 2823 723 judicia
2847 654 2906 708 in
2927 648 3103 711 oculis
3125 648 3417 709 mulierum
3442 648 3696 721 plurima-

2234 739 2357 779 rum
2383 741 2397 778 ζ
2440 748 2448 762 '

2162 804 2219 851 et
2247 796 2466 851 desines
2492 796 2745 854 fornicari
2763 836 2779 860 .

2164 876 2220 922 et
2247 868 2529 925 mercedes
2557 871 2699 925 ultra
2722 883 2830 925 non
2861 867 3041 924 dabis.

2097 937 2165 1000 Et
2190 941 2499 1010 requiescet
2520 940 2819 1011 indignatio
2850 956 2970 997 mea
2996 940 3050 996 in
3082 949 3136 995 te
3163 955 3180 996 :

2163 1022 2219 1067 et
2243 1012 2523 1067 auferetur
2550 1010 2701 1069 zelus
2728 1027 2883 1069 meus
2904 1027 2936 1067 a
2962 1020 3039 1079 te,
3075 1019 3133 1067 et
3152 1010 3429 1082 quiescam
3461 1028 3475 1067 :

2163 1098 2267 1140 nec
2297 1084 2504 1155 irascar
2541 1084 2793 1155 amplius.

2094 1154 2177 1213 Eo
2202 1154 2348 1228 quod
2395 1170 2502 1211 non
2531 1154 2702 1214 fueris
2748 1154 3032 1215 recordata
3060 1154 3274 1214 dierum
3307 1154 3700 1212 adolescentia:

2239 1236 2347 1283 tua:
2375 1243 2391 1282 :

2166 1307 2223 1355 et
2249 1301 2555 1369 provocasti
2584 1316 2673 1359 me
2707 1301 2763 1359 in
2792 1304 3048 1359 omnibus
3077 1297 3187 1355 bis.

2094 1372 2439 1445 Quapropter
2462 1384 2519 1429 et
2555 1389 2659 1445 ego
2686 1374 2806 1431 vias
2837 1384 2957 1431 tuas
2987 1377 3042 1431 in
3084 1371 3265 1443 capite
3291 1380 3386 1427 tuo
3424 1370 3573 1439 dedi,
3619 1372 3699 1428 ait

2242 1444 2499 1499 Dominus
2526 1444 2675 1501 Deus
2691 1487 2710 1514 ,
2752 1474 2759 1485 ι

2167 1525 2226 1573 et
2254 1531 2363 1572 non
2406 1516 2510 1573 feci
2533 1517 2686 1588 juxta
2729 1519 2936 1577 scelera
2969 1527 3061 1576 tua
3091 1519 3145 1574 in
3186 1514 3441 1571 omnibus
3484 1516 3700 1574 abomi-

2241 1588 2555 1644 natiouibus
2582 1591 2711 1645 tuis.

2100 1658 2243 1718 Ecce
2266 1660 2465 1727 omnis,
2498 1661 2591 1732 qui
2620 1661 2753 1717 dicit
2778 1662 2939 1732 vulgo
2962 1660 3337 1732 proverbium,

2172 1733 2227 1787 in
2255 1742 2307 1788 te
2334 1741 2577 1789 assumet
2604 1733 2759 1801 illud,
2790 1733 2980 1790 dicens
3010 1753 3022 1789 :

2102 1802 2255 1876 Sicut
2282 1812 2477 1873 mater,
2509 1805 2583 1862 ita
2606 1814 2663 1861 et
2686 1805 2795 1862 tilia
2823 1808 2963 1876 ejus.

2102 1875 2240 1932 Filia
2268 1877 2455 1931 matris
2486 1885 2593 1931 tua:
2619 1892 2681 1933 es
2708 1888 2795 1942 tu,

2172 1962 2295 2019 quas
2321 1947 2547 2018 projecit
2570 1950 2747 2006 virum
2767 1965 2949 2017 suum,
2976 1959 3035 2007 et
3059 1950 3204 2007 filios
3224 1963 3353 2007 suos
3381 1964 3397 2003 :

2098 2019 2168 2077 Et
2196 2034 2357 2075 soror
2385 2036 2633 2075 sororum
2662 2033 2873 2077 tuarum
2901 2038 2962 2079 es
2990 2032 3046 2079 tu
3063 2064 3081 2090 ,

2171 2107 2292 2163 qua:
2317 2092 2664 2162 projeeerunt
2689 2093 2840 2151 viros
2867 2110 2997 2150 suos
3025 2105 3084 2150 et
3121 2094 3262 2152 ﬁlios
3301 2108 3431 2149 suos
3457 2108 3474 2146 :

2100 2163 2273 2237 [later
2292 2174 2470 2219 vestra
2496 2165 2769 2237 Hettltaaa,
2796 2176 2852 2222 et
2884 2176 3041 2237 pater
3072 2180 3253 2224 vester
3278 2164 3657 2222 Amorrltaaus.

2100 2235 2175 2292 Et
2198 2249 2354 2291 soror
2384 2244 2473 2289 tua
2504 2236 2698 2307 major,
2725 2235 2972 2294 Samaria
2996 2279 3013 2304 ,

2174 2307 2290 2376 ipsa
2319 2316 2375 2362 et
2396 2307 2519 2363 filim
2534 2310 2679 2378 ejus,
2703 2326 2823 2381 quae
2847 2309 3088 2364 habitant
3114 2310 3187 2366 ad
3203 2310 3483 2366 sinistram
3506 2316 3693 2381 tuam:

2102 2379 2274 2463 Soror
2309 2388 2491 2463 autem
2520 2390 2611 2435 tua
2659 2378 2837 2438 minor
2884 2389 2959 2449 te,
2987 2397 3109 2455 qua
3153 2382 3367 2439 habitat
3410 2396 3444 2437 a
3489 2378 3699 2437 dextris

2250 2461 2356 2506 tuis
2374 2494 2389 2517 ,

2177 2522 2438 2588 Sodoma,
2467 2532 2523 2578 et
2555 2523 2679 2579 filim
2709 2528 2848 2595 ejus.

2104 2595 2213 2654 Sed
2246 2611 2346 2651 nec
2372 2596 2426 2651 in
2456 2595 2559 2651 viis
2582 2611 2771 2653 earum
2802 2598 3128 2668 ambulasti,

2176 2682 2353 2752 neque
2382 2668 2681 2726 secundum
2711 2671 2922 2727 scelera
2950 2667 3138 2727 earum
3166 2669 3339 2727 fecisti
3387 2667 3697 2740 pauxillum

2251 2755 2430 2797 minus
2457 2757 2472 2795 2

2106 2811 2252 2868 Pene
2275 2813 2620 2870 sceleratiora
2654 2814 2826 2869 fecisti
2851 2815 2960 2870 illis
2991 2815 3047 2871 in
3075 2814 3330 2871 omnibus
3359 2813 3465 2869 viis
3496 2811 3627 2867 tuis.

2108 2884 2249 2941 Vivo
2274 2900 2408 2954 ego,
2436 2886 2568 2941 dicit
2598 2887 2860 2942 Dominus
2885 2888 3058 2951 Deus,

2176 2957 2303 3027 quia
2326 2971 2435 3029 non
2463 2957 2592 3012 fecit
2614 2957 2847 3013 Sodoma
2869 2973 3026 3015 soror
3049 2970 3139 3014 tua
3162 2958 3305 3029 ipsa,
3330 2966 3389 3013 et
3410 2955 3538 3013 filim
3558 2955 3694 3027 ejus,

2176 3030 2317 3082 sicut
2345 3027 2521 3083 fecisti
2550 3038 2631 3092 tu,
2657 3039 2713 3083 et
2738 3029 2864 3084 filia:
2887 3038 3015 3086 tuae.

2104 3096 2247 3155 Ecce
2279 3098 2396 3224 Ιιωῦ
2422 3099 2523 3156 fuit
2552 3100 2811 3174 iniquitas
2832 3102 3088 3159 Sodomae
3115 3101 3325 3159 sororis
3352 3108 3494 3169 tuae,

2179 3186 2343 3224 suner
2388 3188 2431 3224 ta
2458 3214 2474 3224 .

2179 3186 2431 3241 superbia
2458 3214 2474 3239 ,

2180 3243 2436 3298 saturitas
2462 3244 2616 3312 panis
2641 3253 2696 3299 et
2724 3244 3049 3302 abundantia
3067 3290 3082 3314 ,

2177 3323 2233 3369 et
2255 3314 2423 3370 otium
2453 3318 2647 3384 ipsius,
2680 3325 2735 3370 et
2761 3316 2996 3373 ﬁliarum
3019 3318 3140 3387 ejus
3172 3332 3187 3370 :

2103 3385 2176 3442 Et
2205 3401 2424 3459 manum
2454 3403 2627 3455 egeno
2656 3398 2712 3443 et
2741 3391 2969 3458 pauperi
3004 3385 3112 3444 non
3144 3386 3522 3459 porrigebant.

2105 3459 2175 3514 Et
2203 3458 2427 3515 elevata:
2457 3468 2603 3527 sunt,
2641 3468 2695 3515 et
2736 3464 2981 3517 fecerunt
3024 3458 3464 3517 abominationes
3510 3472 3699 3513 coram

2251 3546 2339 3585 me
2366 3550 2379 3586 ἶ
3134 3558 3145 3567 ‘

2178 3611 2236 3657 et
2261 3603 2457 3659 abstuli
2487 3619 2616 3667 eas,
2648 3604 2790 3661 sicut
2822 3614 2848 3643 ι
2881 3605 3014 3661 vidi.

2108 3674 2178 3731 Et
2205 3675 2444 3757 Samaria
2474 3675 2757 3731 dimidimn
2785 3686 3131 3747 peccatorum
3167 3685 3382 3732 tuorum
3425 3688 3540 3730 non
3570 3688 3696 3745 pec-

2250 3757 2428 3801 εεινιιε

2179 3818 2277 3873 sed
2304 3818 2483 3874 vicisti
2515 3834 2609 3875 eas
2629 3820 2927 3877 sceleribus
2952 3822 3088 3888 tuis,

2179 3899 2235 3945 et
2282 3890 2592 3957 justilicasti
2642 3909 2865 3949 sorores
2893 3906 3014 3949 tuas
3042 3897 3096 3949 in
3127 3893 3386 3949 omnibus
3413 3890 3700 3947 abomina-

2256 3963 2493 4018 tionibus
2524 3966 2654 4034 tuis,
2684 3980 2818 4036 quas
2847 3978 3070 4037 operata
3111 3980 3191 4021 es.

2109 4032 2252 4109 Ergo
2273 4042 2329 4088 et
2357 4045 2410 4088 tu
2440 4048 2590 4101 porta
2633 4032 3010 4110 confusionem
3041 4051 3217 4106 tuam,
3249 4051 3371 4110 qua:
3403 4034 3583 4092 vicisti
3610 4049 3694 4089 so-

2258 4122 2412 4180 rores
2442 4116 2561 4162 tuas
2589 4109 2825 4178 peccatis
2857 4113 2992 4180 tuis,

2182 4178 2502 4251 sceleratius
2541 4197 2707 4251 agens
2753 4180 2822 4233 ab
2858 4182 2940 4237 eis
2971 4178 2985 4236 ἑ

2177 4248 2489 4318 jUStilicuta:
2515 4248 2641 4306 sunt
2667 4254 2814 4307 enim
2848 4268 2877 4306 a
2907 4264 2959 4309 te
2991 4271 3005 4307 :

2111 4318 2254 4391 Ergo
2277 4331 2330 4374 et
2359 4332 2413 4375 tu
2441 4324 2777 4379 confundere
2804 4368 2819 4393 ,

2183 4402 2238 4447 et
2270 4405 2424 4468 porta
2449 4396 2803 4468 ignominiam
2833 4406 2982 4453 tuam
3008 4444 3024 4468 ,

2183 4480 2305 4533 qua:
2331 4464 2638 4531 justilicasti
2669 4482 2889 4523 sorores
2913 4464 3056 4525 tuas.

2114 4534 2184 4590 Et
2210 4548 2522 4590 convertam
2570 4542 2862 4594 restituens
2903 4556 2997 4598 eas
3023 4538 3383 4597 conversione
3427 4538 3695 4597 Sodomo-

2262 4623 2377 4660 runt
2416 4624 2538 4663 eum
2573 4609 2789 4665 liliabus
2821 4612 2969 4676 suis,

2034 4652 2089 4714 Ῐ)
2120 4749 2155 4752 _
2185 4688 2241 4732 et
2270 4681 2623 4734 conversione
2645 4683 2907 4738 Samaria:
2937 4654 2993 4738 et
3022 4684 3253 4739 filiarum
3285 4682 3405 4752 ejus
3438 4699 3454 4737 :

2116 4749 2183 4805 Et
2206 4761 2518 4833 convertam
2547 4754 2910 4833 reversionem
2944 4763 3093 4810 tuam
3124 4758 3178 4811 in
3204 4749 3385 4811 medio
3410 4769 3626 4821 earum,

2189 4832 2244 4875 ut
2271 4833 2455 4891 portes
2489 4826 2835 4889 ignominiam
2875 4837 3056 4893 tuam,

2187 4903 2240 4948 et
2272 4894 2626 4950 confundaris
2671 4898 2723 4951 in
2752 4898 3028 4967 omnibus,
3060 4914 3184 4970 quae
3208 4899 3388 4955 fecisti
3418 4896 3712 4954 consolans

2262 4981 2378 5019 (388.

2118 5035 2184 5091 Et
2212 5049 2372 5121 soror
2410 5046 2498 5120 tua
2545 5038 2806 5106 Sodoma,
2835 5052 2888 5096 et
2920 5042 3045 5097 filia:
3089 5042 3212 5113 ejus
3252 5048 3605 5098 revertentur
3648 5038 3713 5095 ad

2263 5120 2638 5178 anltqtttlatcm
2676 5128 2834 5166 suum
2870 5131 2883 5170 :
2934 5136 2937 5139 '

2190 5189 2245 5234 et
2265 5180 2523 5304 tSamaria
2565 5194 2620 5239 et
2655 5184 2780 5239 filiae
2809 5185 2929 5255 ejus
2959 5194 3301 5243 revertentur
3322 5184 3391 5241 ad
3418 5184 3712 5257 antiquita-

2287 5267 2370 5305 elll
2404 5267 2553 5306 suam
2592 5273 2605 5306 Ξ

2191 5331 2247 5379 et
2268 5332 2385 5450 ἐὲιὲι
2404 5336 2457 5379 et
2503 5325 2627 5382 filiae
2681 5335 2785 5383 tuzc
2834 5330 3187 5387 revertemini
3228 5329 3299 5387 ad
3332 5329 3713 5402 antiquitatem

2390 5411 2526 5450 falli.

2390 5412 2445 5451 fil
2454 5411 2502 5451 111
2513 5437 2526 5452 .

2112 5602 2340 5678 ritarum
2366 5603 2504 5678 sicut
2535 5603 2636 5675 ipsi
2670 5606 2842 5660 visum
2874 5615 2977 5673 e5t,
3006 5615 3059 5662 et
3093 5608 3229 5663 sicut
3261 5606 3467 5678 placuit
3496 5604 3550 5661 in
3585 5620 3714 5661 ocu-

2115 5676 2339 5749 lisejus.
2373 5675 2560 5731 Vidisti
2583 5688 2761 5732 autem
2792 5679 3023 5733 refertur
3049 5681 3114 5734 ad
3138 5675 3449 5735 .lutlmornm
3471 5689 3713 5749 gentem,

2114 5748 2236 5817 quia
2269 5748 2366 5817 ipsi
2402 5758 2564 5803 testes
2598 5749 2818 5805 fuerunt
2849 5750 3219 5805 subversionis
3251 5752 3464 5807 urbium
3492 5752 3606 5820 jam
3633 5748 3711 5805 di?

2116 5830 2346 5895 clarum.
2376 5820 2553 5895 Mter.
2584 5850 2654 5895 7-
2687 5821 2893 5889 angati
2916 5838 3039 5879 cum
3081 5823 3285 5895 aliquot
3327 5838 3485 5888 mss.,
3518 5823 3715 5890 vidisti,

2119 5891 2473 5949 dissentiente
2502 5893 2730 5950 llebrteo
2758 5902 2948 5955 antu-1.
