2054 3180
212 143 266 175 983

218 205 253 233 Et
269 212 378 233 uxorem
402 204 518 239 proximi
541 204 583 232 sui
599 211 652 231 non
666 203 828 236 violaverit.

252 247 280 269 et
294 242 326 267 ad
344 241 484 268 mulierem
500 246 693 268 menstruatam
709 249 762 268 ItUll
784 240 931 269 accesserit
946 248 954 268 :

216 277 251 304 Et
278 279 413 304 hominem
439 286 492 304 non
516 276 742 304 conti-istaverit:

254 314 350 347 pignus
366 313 481 339 debitori
501 312 648 339 reddiderit
659 333 666 345 ,

255 358 302 383 per
319 350 370 375 \'llll
385 349 451 375 nihil
474 350 591 383 rapuerit
610 356 615 374 :

218 385 319 412 Panem
336 393 413 411 suum
438 384 570 411 esurienti
591 383 710 415 dederit,

252 426 278 447 et
294 421 394 447 ninlum
417 425 555 453 opt-ruerit
571 420 756 447 vestimento:

218 457 256 484 Aul
271 464 377 482 usuram
393 464 444 482 non
462 456 694 488 commodaverit,

253 496 280 519 et
299 492 415 525 amplius
431 499 483 517 non
498 492 632 526 acceperit
649 500 655 517 :

219 529 260 555 Ali
273 528 413 560 iniquitate
430 528 558 553 averterit
576 534 683 553 manum
700 534 775 553 suam
787 549 793 560 ,

252 563 382 597 judicium
398 571 491 590 verum
507 562 602 589 fecerit
620 563 690 589 inter
705 564 792 590 virum
807 569 834 592 et
849 563 936 591 virum
951 571 958 590 :

218 599 246 626 In
263 599 403 633 praeceptis
418 600 484 625 uicis
500 598 690 631 ambulaverit,

253 641 277 662 et
294 635 393 667 judicia
417 642 477 661 mea
488 634 660 666 custodierit,
678 640 704 661 ut
717 634 796 662 faciat
811 636 953 663 veritatem
971 642 979 664 :

219 671 269 698 IIic
291 671 378 704 justus
393 676 452 702 est,

255 707 305 733 vita
322 707 452 736 \‘ivet.ait
470 706 599 732 Dominus
618 706 697 733 Dens.

219 741 296 777 Quod
312 742 333 783 si
348 742 472 777 genuetit
500 742 584 769 liiium
603 741 739 770 latrOnem
755 742 938 771 eﬂ'undentrm
955 749 1018 769 san-

290 785 398 812 guinem
409 798 416 811 ,

249 819 286 844 ,ιιι
299 814 393 841 fecerit
409 821 492 840 unum
513 813 547 840 de
569 813 629 841 istis
645 821 653 842 :

221 850 256 877 Et
269 850 326 876 haec
337 850 446 884 quidem
461 852 551 876 omnia
568 857 620 876 non
638 850 780 878 iacientem
791 871 799 884 ,

256 885 304 913 sed
319 887 344 912 iii
362 885 498 913 montibus
517 886 724 919 cotuedenteiu;

256 926 284 949 et
297 929 410 948 uxorem
428 921 541 956 proximi
556 923 595 947 sui
613 923 780 956 polluentetn
795 929 803 949 :

220 956 344 993 Egettum
359 963 385 984 et
402 964 547 992 pauperem
562 959 769 985 contristanteui
780 979 787 991 ,

258 994 409 1027 rapientem
428 995 537 1027 rapinas
547 1014 555 1025 ,

259 1030 355 1064 pignus
377 1036 430 1056 nou
446 1029 621 1062 reddentem,

223 1065 258 1093 Et
273 1067 304 1091 ad
320 1065 391 1092 idola
416 1066 549 1092 levanleut
569 1066 663 1092 oeulos
678 1072 761 1099 suos,

260 1101 488 1128 abominationem
514 1101 679 1128 lactentem:

223 1137 264 1165 Ad
279 1144 387 1163 usuram
403 1136 510 1164 dantem
520 1157 527 1168 ,

259 1178 285 1200 et
297 1174 412 1206 amplius
434 1174 609 1208 accipientem
627 1182 635 1200 :

223 1208 356 1242 Numquid
371 1209 464 1235 vivet?

262 1245 318 1271 Non
335 1250 415 1271 Vivet.

223 1280 291 1308 Cum
309 1280 433 1307 universa
456 1279 616 1308 detestanda
637 1280 684 1309 lite.
718 1280 826 1315 fecerit,
849 1284 938 1307 morte
962 1286 1020 1307 mo-

298 1323 394 1349 rtetur,

261 1359 371 1387 sanguis
386 1351 445 1386 cjtts
462 1352 488 1379 iu
504 1351 562 1385 ipso
578 1352 639 1380 erit.

225 1387 301 1421 Quod
315 1389 336 1414 si
349 1388 475 1423 genuerit
487 1389 570 1414 lilium
582 1408 591 1421 ,
790 1402 792 1406 ι

262 1423 307 1458 qui
330 1421 425 1450 videns
449 1426 540 1451 omnia
565 1429 675 1459 peccata
692 1425 776 1458 patris
796 1424 838 1450 sui
862 1430 923 1458 quae
944 1421 1018 1459 iecit,

298 1459 428 1493 titntterit,
439 1465 467 1487 et
480 1468 532 1487 non
545 1457 638 1487 fecerit
649 1460 737 1488 simile
749 1459 801 1496 [ΑΙ.
812 1457 948 1493 similiter]
959 1459 1000 1485 cis
1012 1466 1019 1485 :

229 1495 318 1529 Super
332 1500 438 1522 mo..tes
457 1503 510 1522 lion
526 1497 690 1528 comederit,

263 1537 290 1558 ct
305 1531 398 1593 Octllios
419 1538 482 1559 suos
495 1540 551 1564 non
569 1533 701 1559 Ievavet‘it
715 1531 749 1559 ad
774 1530 846 1559 idola
862 1530 960 1558 domus
983 1529 1022 1558 ls-

299 1575 343 1593 με
368 1589 373 1593 .

299 1575 352 1594 raet
366 1589 373 1599 ,

228 1602 263 1631 Et
277 1610 387 1630 uxorem
406 1603 520 1638 proximi
536 1603 576 1631 sui
592 1611 646 1632 non
661 1602 804 1631 violaverit
821 1611 829 1630 :

228 1639 262 1667 Et
283 1647 368 1665 vu-um
386 1648 437 1665 non
453 1639 671 1673 contristavet'it,

264 1675 361 1710 pignus
376 1683 429 1701 ttott
451 1676 592 1702 retinuerit
602 1696 609 1708 ,

264 1718 291 1738 ct
308 1711 428 1746 rapinam
445 1720 497 1739 non
516 1711 653 1746 tapuerit,

228 1745 329 1775 Panem
341 1745 425 1774 suum
440 1745 570 1775 esurienti
587 1747 708 1780 dederit,

264 1789 291 1810 et
304 1783 407 1809 nudum
423 1783 561 1816 operuerit
575 1790 628 1810 vest
635 1784 748 1810 itueuto.

229 1820 250 1846 A
267 1818 395 1853 pauperis
408 1818 504 1853 injuria
519 1820 651 1846 avertet-it
665 1825 774 1846 manum
790 1823 879 1851 suam,

265 1861 376 1890 usuram
393 1862 419 1881 et
435 1855 713 1889 snperalnindautiatu
728 1861 781 1881 non
797 1853 951 1890 acceperit,

263 1888 364 1925 judicia
380 1898 438 1917 mea
456 1888 551 1917 l'ecerit
562 1911 570 1923 ,

267 1934 293 1952 ιιι
308 1928 454 1961 praeceptis
470 1928 537 1953 meis
550 1925 729 1953 ambulaverit
747 1933 753 1950 :

230 1961 280 1989 IIic
297 1959 350 2001 non
365 1959 496 1989 morietur
509 1970 534 1989 ιιι
561 1963 704 1998 iniquitate
727 1962 811 1997 patris
834 1961 887 1994 sui,
909 1959 957 1988 sed
971 1959 1024 1988 vita

307 2001 388 2025 \‘I\'t'l.

231 2033 316 2070 Ρειιυιζ
333 2033 392 2067 ejus
414 2033 475 2067 quia
492 2032 546 2069 [ΑΙ.
571 2032 629 2070 qui]
652 2033 833 2061 calumniatus
845 2036 903 2067 est,
920 2037 948 2061 et
970 2032 1025 2060 vim

304 2068 368 2096 fecit
385 2070 480 2102 fratri,

269 2109 296 2132 et
310 2106 408 2142 malum
423 2110 551 2142 operatus
565 2110 607 2132 est
621 2106 647 2132 in
661 2104 749 2133 tnedio
766 2107 855 2142 populi
872 2103 914 2132 sui
926 2124 934 2136 ,

233 2176 254 2205 Ε
268 2148 331 2203 edoce
346 2140 400 2177 [ΑΙ.
419 2140 473 2178 hic]
489 2148 611 2169 utortuus
625 2147 666 2169 est
680 2142 705 2168 in
721 2140 863 2177 iniquitate
878 2150 937 2169 sua.

257 2182 266 2204 t
297 2183 390 2204 tents:

257 2177 366 2204 tdicitts
383 2184 390 2203 :

267 2216 356 2246 Quare
371 2221 424 2240 non
439 2213 558 2248 portavit
574 2212 644 2240 [ilius
658 2213 828 2248 iniquitatem
846 2212 956 2248 patris?

233 2248 376 2284 Videlicet,
393 2258 456 2282 quia
479 2250 549 2277 tilius
560 2249 695 2285 judicium
712 2256 739 2277 et
749 2250 884 2285 justitiam
900 2252 1028 2285 operatus

305 2292 361 2317 εει,

268 2322 359 2362 ottinia
376 2325 511 2356 praecepta
524 2328 583 2348 mea
597 2320 753 2355 custodivit,
769 2327 795 2350 et
811 2321 874 2349 iecit
896 2321 941 2348 illa
955 2340 964 2355 ,

270 2363 323 2384 Vlla
348 2362 429 2384 νιγυι.

235 2392 270 2420 Et
291 2392 392 2425 anima,
409 2401 469 2428 qua:
484 2393 654 2427 peccaverit,

271 2429 327 2463 ipsa
345 2430 475 2456 morietur
491 2438 497 2455 :
802 2438 803 2441 η

235 2463 320 2493 Filius
335 2472 389 2492 non
404 2463 521 2500 portabit
536 2464 705 2499 iniquitatem
718 2465 801 2500 patris
813 2486 820 2498 ,

271 2508 298 2527 et
312 2507 389 2535 pater
403 2509 454 2527 non
473 2503 591 2534 portabit
606 2502 776 2535 iniquitatem
793 2500 841 2528 lilii
858 2508 866 2529 :

235 2536 342 2564 Justitia
356 2537 421 2571 justi
437 2544 519 2571 super
530 2545 592 2564 etttn
608 2538 661 2564 erit
671 2556 679 2568 ,

219 2582 221 2587 ε
271 2577 301 2599 et
314 2572 438 2608 impietas
453 2572 528 2607 impii
544 2574 596 2599 etit
611 2579 693 2606 super
707 2579 780 2600 eum.

236 2608 265 2637 Si
288 2606 379 2635 autem
403 2606 501 2643 impius
526 2610 612 2642 egerit
637 2610 826 2642 pauiu-titiam
850 2607 883 2634 ab
906 2606 1033 2640 omnibus

309 2644 427 2680 peccatis
441 2643 507 2677 suis,
521 2651 581 2680 qua:
594 2650 723 2678 operatus
738 2648 780 2671 est
792 2665 799 2678 ,

273 2685 300 2707 et
309 2678 472 2708 custodierit
481 2679 570 2707 omnia
585 2685 720 2716 prtecepta
736 2688 808 2714 mea,
829 2684 858 2708 et
878 2678 972 2707 fecerit
989 2678 1033 2714 ju-

307 2717 409 2744 diciqu
424 2721 450 2743 et
461 2716 594 2750 justitiam
611 2724 617 2742 :
936 2716 937 2720 ‘

273 2753 333 2781 viva
347 2754 431 2786 vivet,
444 2756 471 2778 et
486 2760 539 2779 tton
555 2751 697 2786 morietur,

274 2827 287 2842 ἰ
302 2822 330 2850 In
355 2820 556 2856 exemplaribus
578 2819 695 2848 Canonis
708 2841 715 2854 ,
732 2820 764 2848 Et
789 2824 827 2852 tu.
851 2820 891 2856 ﬁli
906 2820 1016 2847 hominis
1027 2841 1035 2855 ,

239 2860 310 2896 quod
325 2859 410 2896 Syrus
420 2857 544 2896 eiArabs
557 2858 682 2896 retinent.
696 2858 825 2885 Hebraeus
841 2862 942 2896 tamen,
955 2856 1036 2883 Cotti-

236 2893 412 2924 Ihentariab‘.
429 2893 603 2929 Hieronymi,
631 2897 739 2929 tresque
763 2893 940 2928 antiquissimi
967 2900 1032 2919 mss.

238 2932 346 2965 codices
357 2936 498 2960 sacrorum
519 2928 781 2966 Bibliorum,'niltit
803 2928 920 2968 amplius
942 2928 1037 2966 legunt

721 144 752 175 S.
771 141 961 174 HIERONYMI
979 143 1096 175 DIVINA
1116 143 1355 175 BIBLIO’I‘HECA.

1639 133 1659 140 ν,
1675 133 1728 141 ,τί-φλ

1807 144 1863 175 964

1025 206 1052 237 Α
1066 204 1190 233 Omnium
1214 205 1386 240 iniquitatum
1406 204 1481 240 ejus,
1498 212 1567 241 quas
1589 208 1717 241 operatus
1733 209 1785 238 est,
1806 213 1863 233 non

1137 241 1302 269 recordalior
1318 250 1325 268 :

1102 276 1129 304 in
1139 277 1243 312 jusntia
1260 285 1318 310 sua,
1332 285 1415 311 quam
1427 281 1555 312 operatus
1570 282 1622 309 est,
1639 277 1721 304 vivet.

1064 312 1199 348 Numquid
1213 314 1358 341 voluntatis
1370 322 1438 341 metu
1452 319 1495 341 est
1506 314 1675 348 morsitupii,
1689 312 1754 340 dicit
1769 312 1865 340 Domi-

1138 357 1187 375 nus
1201 348 1271 375 Deus
1283 370 1290 380 ,

1101 388 1130 412 et
1144 393 1197 411 non
1219 390 1247 411 ut
1258 390 1435 412 convertatur
1445 392 1459 410 a
1474 385 1526 413 viis
1538 384 1605 416 suis,
1623 390 1650 413 et
1664 384 1755 412 vivat?

1069 419 1097 448 Si
1111 426 1202 447 autem
1217 422 1350 448 averterit
1362 428 1392 448 se
1401 420 1490 455 justus
1502 429 1516 448 a
1535 421 1641 455 jttstttia
1659 429 1719 454 sua,

1102 461 1129 483 et
1152 456 1250 483 feet'rit
1265 458 1433 489 iniquitatem
1445 458 1593 484 secundum
1608 464 1705 484 oumes
1719 455 1867 484 abomina-

1138 493 1238 524 tiones,
1260 499 1326 526 quas
1349 494 1456 527 operari
1477 493 1549 521 solet
1568 493 1684 527 impius,

1104 528 1243 568 numquid
1252 528 1341 568 vivet?

1066 562 1169 591 Omnes
1180 562 1291 597 justitiie
1303 564 1371 598 ejus,
1388 572 1456 598 qttas
1479 564 1590 598 fecerat,
1607 572 1660 592 non
1679 563 1870 592 recordabun—

1104 634 1111 640 θ
1140 604 1183 626 tur
1198 598 1259 640 [Al._
1268 605 1350 639 erunt
1369 600 1395 627 in
1416 601 1570 637 memorial.

1104 634 1130 662 in
1146 633 1382 669 prm‘vttricatione,
1408 643 1459 667 qua
1485 633 1680 669 praevaricatus
1705 640 1758 669 est,
1783 640 1813 662 et
1838 633 1870 662 in

1142 677 1253 707 peccato
1269 680 1331 706 suo,
1346 671 1419 707 quud
1434 673 1565 707 peccavit,
1587 672 1613 700 in
1636 672 1705 706 ipsis
1721 671 1870 700 morietur.

1068 706 1102 734 Et
1117 705 1225 733 dixistis
1242 713 1249 734 :

1104 743 1163 769 Non
1180 749 1221 769 est
1235 751 1313 776 tequa
1329 742 1371 770 via
1387 742 1506 771 Domini.

1069 777 1168 805 Audite
1182 786 1257 813 ergo,
1272 779 1371 806 domus
1385 779 1469 806 Israel
1484 788 1490 805 ε

1067 814 1204 848 huntqttid
1221 816 1261 841 via
1274 813 1334 851 inea
1348 823 1401 841 non
1414 820 1457 842 est
1474 823 1563 851 atqua,

1105 854 1133 876 ct
1144 858 1196 876 ttoti
1210 850 1294 885 magis
1308 851 1356 877 via:
1373 856 1469 878 vestra:
1484 850 1575 886 pravtc
1589 855 1649 878 sunt
1661 851 1673 879 ἲ

1069 885 1137 912 Cum
1148 886 1225 924 _euint_
1240 886 1369 924 averterit
1382 895 1411 914 se
1429 885 1518 921 justus
1532 896 1548 915 ει
1566 887 1670 924 justitia
1686 894 1737 916 sua
1749 907 1759 920 .

1105 927 1132 948 et
1145 921 1240 962 fet-erit
1252 922 1436 962 initpiitatettt,

1106 957 1238 984 morietur
1255 957 1281 984 iit
1302 958 1340 985 eis
1355 967 1362 984 :

1106 992 1132 1019 in
1151 993 1294 1028 injustitia.
1311 1001 1392 1030 quam
1407 998 1534 1028 operatus
1547 999 1599 1026 est.
1616 994 1760 1022 morietur.

1070 1027 1181 1056 Etcum
1197 1027 1328 1056 averterit
1341 1038 1371 1057 se
1385 1030 1484 1065 impius
1506 1030 1541 1058 ab
1557 1029 1698 1066 impietate
1709 1039 1769 1064 sua,
1787 1037 1861 1065 quam

1142 1070 1269 1097 operatus
1290 1070 1333 1093 est
1343 1085 1352 1098 ,

1107 1100 1236 1137 etfeceiit
1251 1101 1382 1134 jud.cium
1398 1107 1424 1129 et
1439 1101 1574 1137 justitiam
1590 1110 1597 1130 :

1107 1136 1165 1170 ipse
1175 1136 1294 1163 animant
1307 1145 1385 1164 suam
1398 1136 1553 1167 vivilicabit.

1071 1171 1254 1199 Cousiderans
1277 1173 1362 1207 enim,
1378 1178 1404 1200 et
1419 1179 1547 1200 aret-iens
1566 1181 1595 1201 se
1618 1173 1652 1200 ab
1671 1173 1799 1201 omnibus
1816 1172 1871 1200 itii-

1127 1208 1291 1248 ‘qullilllbus
1306 1210 1362 1235 suis
1374 1230 1381 1242 ,
1398 1217 1466 1248 quas
1480 1216 1609 1244 operatus
1623 1215 1664 1237 est
1677 1231 1685 1245 ,

1106 1249 1164 1270 vita
1176 1249 1256 1277 vivet,
1273 1249 1300 1271 et
1315 1252 1367 1271 non
1379 1246 1520 1273 morietur.

1071 1278 1106 1307 Et
1129 1279 1222 1305 dicunt
1247 1279 1293 1306 lilii
1310 1280 1390 1308 Israel
1407 1290 1415 1308 ξ

1071 1314 1128 1342 Non
1143 1321 1183 1341 est
1197 1322 1271 1349 atqut
1287 1318 1327 1342 via
1343 1316 1460 1343 Domini.

1071 1351 1206 1385 Numquid
1230 1350 1285 1387 vin
1295 1360 1361 1382 mea:
1376 1361 1430 1379 null
1450 1357 1514 1382 sunt
1529 1360 1614 1387 :equa:
1629 1374 1637 1386 ,
1652 1353 1749 1381 domus
1763 1351 1867 1385 Israel,

1108 1392 1134 1423 et
1149 1394 1202 1413 ltuit
1219 1386 1304 1421 magis
1320 1390 1369 1414 vite
1383 1394 1482 1415 vestra:
1497 1386 1608 1423 pravie?

1071 1421 1177 1449 ldcirco
1191 1431 1409 1461 unumquemque
1421 1421 1502 1458 juxta
1517 1426 1573 1451 vias
1586 1433 1649 1453 suas
1659 1424 1796 1461 judicabo,
1813 1423 1866 1450 do-

1146 1466 1205 1485 mus
1227 1457 1319 1491 Israel,
1336 1465 1373 1485 ait
1389 1457 1518 1487 Dominus
1535 1461 1614 1489 Deus.

1072 1492 1267 1531 Convertimini
1286 1499 1329 1531 ret
1359 1496 1431 1531 agite
1464 1498 1650 1531 paenitentiam
1676 1496 1712 1523 aI)
1738 1494 1864 1523 omnibus

1145 1530 1336 1564 itiiqmtatilins
1351 1530 1447 1559 vestris
1466 1530 1473 1559 ὲ

1111 1570 1201 1604 etnon
1223 1566 1276 1593 erit
1292 1566 1368 1604 vobis
1385 1568 1409 1594 in
1423 1569 1527 1595 ruinam
1548 1568 1687 1604 iniquitas.

1036 1605 1060 1638 ο
1077 1601 1203 1636 Projicite
1215 1609 1230 1628 a
1244 1603 1322 1629 vobis
1337 1611 1431 1630 omnes
1446 1601 1685 1637 praeiaiieaiioues
1701 1608 1806 1632 vestras
1818 1622 1826 1635 ,
1840 1601 1868 1629 in

1148 1638 1245 1672 quibus
1259 1639 1426 1673 prazt'aricati
1442 1641 1525 1673 estis,

1109 1679 1136 1701 et
1157 1674 1236 1701 tacite
1256 1674 1333 1701 \ohis
1354 1682 1400 1702 cor
1428 1684 1527 1703 novum
1547 1680 1573 1703 et
1593 1676 1722 1709 spiritum
1744 1682 1869 1703 novum:

1075 1709 1109 1737 Et
1122 1717 1207 1744 quare
1220 1710 1389 1744 moriemini,
1406 1712 1502 1738 domus
1513 1710 1618 1739 I~rael?

1109 1746 1176 1779 Quia
1193 1746 1255 1772 nolo
1270 1751 1387 1774 mortent
1400 1748 1553 1781 munientis,
1567 1748 1633 1775 dicit
1645 1747 1774 1775 Dominus
1787 1746 1870 1778 DctIS.

1110 1781 1290 1814 revertimini,
1306 1786 1332 1808 et
1347 1782 1438 1810 vivite.

1075 1816 1151 1852 [Cap.
1170 1815 1252 1855 XI?“
1270 1819 1300 1855 lat
1323 1822 1350 1844 tu
1366 1826 1474 1855 assume
1490 1823 1502 1836 η
1518 1819 1656 1855 planctutu
1671 1827 1753 1855 super
1769 1817 1870 1854 princi-

1148 1860 1195 1886 pes
1208 1852 1301 1886 Israel,
1317 1859 1344 1881 et
1365 1854 1439 1881 dices
1455 1863 1462 1882 ε

1075 1889 1164 1923 Quare
1178 1893 1264 1915 mater
1280 1894 1323 1915 tua
1346 1890 1428 1917 leaena
1442 1889 1513 1918 inter
1529 1891 1623 1919 leones
1636 1890 1746 1918 cultavit
1756 1911 1764 1923 ,

1113 1925 1139 1951 in
1157 1924 1245 1951 medio
1262 1925 1446 1953 lennculoruai
1463 1929 1596 1954 contrivit
1610 1928 1716 1955 catulos
1731 1925 1819 1954 suos?

1077 1960 1111 1988 Et
1122 1960 1214 1987 eduxit
1230 1968 1311 1987 unum
1324 1961 1358 1989 de
1371 1961 1506 1990 Ieuueulis
1526 1963 1605 1991 suis?

1113 1996 1155 2023 leo
1171 1995 1258 2024 factus
1277 2003 1316 2024 est
1327 2004 1334 2030 ;

1113 2037 1140 2058 et
1150 2031 1246 2071 didicu
1257 2039 1355 2071 capere
1366 2033 1497 2069 pra:dam,
1509 2033 1702 2070 hominemque
1715 2031 1871 2063 comedere.

1078 2067 1112 2096 Et
1126 2068 1270 2094 audierunt
1281 2068 1314 2095 de
1329 2067 1479 2102 cogentes,

1113 2107 1142 2130 et
1154 2112 1208 2142 non
1221 2103 1323 2138 absque
1337 2105 1494 2133 vulneribus
1513 2106 1570 2134 suis
1591 2109 1725 2142 ceperunt
1736 2113 1799 2142 eum
1809 2123 1817 2136 .

1115 2145 1139 2166 et
1157 2139 1332 2166 adduxerunt
1347 2148 1409 2168 eum
1432 2142 1458 2168 in
1476 2143 1581 2170 catenis
1596 2139 1739 2169 ἰιιίωτοιι]
1751 2139 1870 2175 .Egypti.

1077 2174 1143 2209 Qua:
1161 2183 1221 2202 cum
1242 2175 1355 2203 vidisset
1374 2178 1502 2212 quamam
1522 2178 1654 2205 inlirmata
1669 2183 1722 2212 est,
1741 2183 1768 2205 et
1789 2174 1871 2211 periit

1152 2212 1319 2245 exspectatio
1334 2212 1410 2247 ejus:

1118 2247 1179 2274 tulit
1198 2255 1279 2274 unum
1299 2247 1333 2276 de
1359 2248 1494 2277 lenticulis
1516 2249 1584 2284 suis,
1600 2248 1709 2277 leonem
1735 2247 1877 2278 constituit

1151 2290 1223 2310 eum.

1040 2300 1067 2331 Β
1080 2318 1130 2353 Qui
1146 2300 1289 2346 iit‘ele'iiebat
1300 2319 1369 2348 inter
1387 2319 1494 2355 leones,

1116 2359 1140 2382 et
1157 2355 1244 2381 l'aetus
1262 2362 1304 2382 est
1320 2357 1384 2384 leo:

1116 2395 1142 2428 et
1158 2389 1248 2428 didicit
1266 2393 1385 2428 praedam
1400 2400 1508 2428 capere,
1529 2398 1557 2421 et
1571 2393 1694 2421 homines
1718 2392 1854 2421 devorare
1870 2400 1877 2419 :

1081 2425 1180 2453 Didicit
1192 2425 1287 2454 viduas
1298 2427 1398 2460 facere,

1116 2465 1145 2489 et
1158 2462 1281 2490 civitates
1291 2472 1388 2490 eorum
1405 2464 1430 2491 in
1442 2463 1581 2492 desertum
1603 2465 1739 2493 adducere
1755 2473 1761 2492 :

1082 2498 1301 2561 Etttesolatalfsi
1320 2505 1401 2535 terra,
1417 2504 1445 2528 ct
1464 2501 1604 2536 plenituth
1620 2502 1689 2536 ejus,
1716 2510 1730 2527 a
1751 2508 1819 2528 voce
1834 2508 1880 2527 ru-

1156 2540 1247 2561 Ειιιιει
1274 2543 1323 2561 IIIS.

1156 2540 1227 2568 guns
1241 2536 1323 2565 illius.

1086 2569 1121 2597 Et
1146 2576 1334 2613 convenerunt
1357 2571 1487 2600 adversus
1509 2580 1573 2601 eum
1599 2579 1693 2609 gentes
1706 2573 1826 2609 undique
1843 2571 1879 2600 de

1159 2614 1316 2641 provinciis,

1121 2646 1149 2682 et
1164 2643 1353 2682 expandet-unt
1367 2651 1449 2680 super
1466 2652 1528 2672 eum
1544 2649 1601 2673 rete
1615 2652 1704 2680 suum,

1121 2679 1148 2704 in
1164 2679 1321 2716 vulneribus
1335 2688 1429 2708 earum
1443 2685 1538 2716 captus
1551 2686 1605 2709 est.

1086 2713 1121 2741 Et
1134 2713 1267 2742 miserunt
1283 2724 1344 2743 cum
1360 2716 1386 2743 iit
1402 2713 1513 2744 caveam
1529 2716 1555 2749 ι’,

1122 2755 1150 2777 et
1165 2758 1192 2777 in
1202 2752 1306 2779 catenis
1316 2752 1487 2780 adduxerunt
1498 2759 1560 2780 eum
1571 2752 1605 2780 ad
1618 2760 1710 2789 regem
1718 2750 1863 2789 Babylonis
1873 2758 1881 2778 :

1090 2823 1189 2857 prgeter
1205 2820 1242 2855 id,
1256 2821 1327 2857 quod
1338 2828 1353 2849 e
1364 2821 1441 2849 nobis
1455 2820 1571 2857 positum
1585 2821 1693 2856 legitur.
1709 2821 1799 2848 Mser.

1125 2855 1138 2876 δ
1149 2855 1329 2885 Ρειιθιὴιιξιιιθ.
1341 2857 1442 2893 aliique
1453 2855 1537 2894 penes
1545 2855 1667 2894 ilartian.
1680 2857 1795 2884 Helirteo
1807 2864 1883 2892 pres.

1088 2891 1157 2931 sitis,
1170 2894 1197 2922 in
1208 2902 1310 2923 caveam
1321 2895 1349 2922 in
1361 2891 1468 2930 catenis,
1484 2897 1509 2923 et
1521 2893 1689 2922 adduxerunt
1701 2901 1770 2930 eum,
1782 2891 1837 2922 etc.
