4108 6360
340 314 466 377 -965

364 437 735 497 His-eruntque
762 451 886 491 eum
920 435 972 489 in
1014 450 1313 501 careerem,

440 526 505 562 ne
535 508 812 563 aodintm-
845 524 943 563 Vox
976 512 1091 579 ejus
1120 511 1256 564 ultra
1286 524 1448 574 super
1488 517 1702 563 montes
1759 506 1951 563 Israel.

364 580 416 636 Μ
439 593 537 635 iter
572 591 656 635 tua
682 582 831 647 quasi
862 582 1016 637 vinea
1053 583 1103 637 in
1129 581 1389 651 sanguine
1446 592 1535 635 tuo
1566 596 1732 649 super
1756 595 1953 650 aquam

515 653 749 720 plantam
786 670 799 704 :

438 723 646 777 fruetus
676 729 814 791 ejus,
850 731 906 778 et
936 721 1156 779 frondes
1187 722 1303 794 ejus
1336 729 1628 779 creverunt
1678 734 1747 777 ex
1804 721 1957 792 aquis

475 798 680 849 multis.

358 865 434 921 Et
478 866 629 921 facta:
676 876 800 921 sunt
840 867 887 921 ei
920 868 1085 938 virga:
1133 866 1319 923 solida:
1344 866 1394 921 in
1428 874 1641 937 sceptra
1668 864 1955 921 dominan-

509 940 639 992 liurn

436 1018 491 1064 et
519 983 751 1063 cialiata
778 1021 856 1064 est
883 1018 1089 1064 statura
1121 1010 1237 1080 ejus
1266 1010 1409 1065 inter
1440 1009 1661 1064 frondes
1689 1026 1701 1061 :

358 1082 436 1137 Et
461 1081 595 1135 vidit
630 1081 974 1136 altitudinem
1021 1096 1176 1136 suam
1205 1083 1260 1137 in
1294 1081 1643 1136 multitudine
1676 1079 1959 1153 palmitum

509 1169 754 1207 Slltll‘lllll.

363 1226 438 1281 Et
461 1225 640 1279 evulsa
675 1235 757 1277 est
787 1224 839 1279 in
870 1226 969 1285 ira,
1005 1225 1055 1278 in
1090 1235 1404 1293 terramque
1437 1224 1701 1293 projectu,

439 1307 493 1351 ct
529 1308 720 1349 \‘ettltts
748 1312 911 1350 urens
938 1298 1161 1351 siccavit
1196 1300 1425 1352 fructum
1456 1297 1612 1363 ejus:

363 1369 743 1432 Marcucrunt,
778 1380 831 1423 et
862 1367 1115 1423 art-factae
1152 1381 1278 1423 sunt
1301 1369 1464 1439 virgm
1491 1366 1697 1422 roboris
1725 1366 1841 1439 ejus
1874 1382 1887 1419 :

443 1442 579 1510 ignis
608 1441 845 1493 eomedit
871 1455 1013 1494 eam.

366 1513 435 1567 Et
466 1526 605 1565 nunc
628 1514 1023 1580 transplautata
1056 1511 1210 1565 estin
1241 1511 1540 1578 desertum,

440 1586 494 1637 in
520 1593 661 1637 terra
688 1582 831 1636 invia
865 1591 919 1638 et
966 1585 1189 1636 sitienti.

373 1657 437 1711 Et
468 1668 719 1737 egressus
740 1663 825 1708 est.
852 1655 990 1736 ignis
1020 1655 1089 1708 de
1122 1656 1264 1737 virga
1297 1669 1576 1709 ramorum
1604 1654 1750 1724 ejus,

441 1726 529 1796 qui
559 1727 785 1779 fructum
814 1726 931 1793 ejus
962 1728 1200 1782 comedit
1235 1746 1247 1778 :

373 1799 440 1854 Ει
474 1814 576 1850 noti
609 1797 707 1849 fuit
738 1799 789 1850 in
821 1813 884 1852 ea
912 1800 1061 1867 virga
1083 1800 1260 1863 fortis,

444 1882 715 1932 sceptrmn
741 1877 764 1904 ⁸
791 1869 1208 1924 dominantium.

372 1942 630 1997 Planctus
653 1949 757 2005 est,

456 2027 507 2067 et
535 2013 638 2066 erit
669 2012 719 2064 in
752 2013 1043 2079 planctum.

373 2084 526 2157 [ϐαρ.
580 2081 725 2152 XX]
788 2085 854 2137 Et
892 2084 1103 2157 laetum
1151 2092 1234 2137 est
1290 2082 1342 2136 in
1395 2096 1537 2137 anno
1591 2083 1855 2154 septimo,
1910 2080 1964 2137 in

523 2157 733 2225 quinto,
777 2159 829 2207 itt
871 2155 1081 2209 decima
1111 2156 1352 2208 mensis:

447 2224 709 2281 venerunt
737 2227 837 2281 viri
886 2226 955 2280 de
1000 2227 1311 2281 senioribus
1338 2226 1522 2292 Israel,
1556 2236 1613 2280 ut
1652 2224 1965 2296 interroga-

529 2310 645 2352 rent
682 2298 989 2362 Dominum,

455 2379 509 2423 et
536 2370 794 2423 sederunt
824 2385 1005 2423 coram
1041 2385 1125 2422 me
1160 2386 1173 2421 :

382 2442 449 2495 Et
471 2444 637 2493 lactus
660 2452 742 2495 est
770 2456 947 2494 sermo
981 2439 1191 2494 Domini
1222 2439 1289 2493 ad
1319 2455 1425 2507 me,
1455 2439 1641 2495 dicens
1670 2455 1685 2493 :

392 2513 494 2567 Fili
523 2513 774 2576 hominis,

461 2587 676 2653 loquere
702 2582 1007 2645 St‘niOI'ibttS
1036 2582 1226 2650 Israel,
1258 2592 1311 2637 et
1341 2582 1488 2637 dices
1521 2582 1585 2636 ad
1617 2595 1711 2636 eos
1741 2599 1757 2636 :

391 2655 512 2708 llzec
540 2654 669 2708 dicit
701 2656 958 2708 Dominus
989 2654 1133 2707 Dens
1162 2675 1172 2706 ;

385 2726 519 2780 Nunt
547 2727 612 2778 ad
647 2727 1085 2793 interrogandum
1120 2741 1207 2779 me
1232 2740 1330 2779 vos
1358 2726 1625 2780 venistis?

388 2797 642 2922 νηνοῦςο
671 2800 793 2866 quia
838 2815 943 2851 non
999 2797 1337 2866 respondebo
1386 2800 1559 2865 vobis,
1610 2800 1684 2854 ait
1711 2798 1974 2853 Dominus

575 2884 690 2922 ens.
1936 2904 1939 2907 .

575 2884 690 2923 CUS.

386 2941 443 2996 Si
466 2941 677 3009 judtt'as
705 2954 820 3001 eos.
855 2940 899 2995 si
923 2939 1153 3010 iudicas.
1186 2940 1254 2994 iiii
1286 2939 1542 3001 hominis,

465 3013 899 3066 abominationes
952 3026 1163 3083 patrum
1217 3030 1405 3068 eorum
1456 3012 1564 3084 [AL
1592 3011 1837 3085 suorum]
1868 3024 1974 3085 ,οε-

534 3085 692 3137 tende
720 3085 819 3137 eis.

390 3154 459 3208 Et.
486 3156 633 3208 dices
661 3155 727 3209 ad
748 3170 845 3209 eos
873 3172 886 3207 :

388 3226 511 3280 lltee
542 3226 672 3280 dicit
701 3229 959 3279 Dominus
992 3225 1138 3281 Deus
1166 3242 1180 3279 :

391 3296 448 3351 ltt
477 3298 584 3363 die,
619 3314 720 3365 qua
754 3301 889 3367 elegi
924 3297 1112 3362 ls‘t'ael,

465 3368 633 3423 levavi
658 3385 873 3422 manum
900 3384 1072 3423 meatu
1100 3369 1392 3441 prohstirpe
1433 3368 1625 3427 domus
1651 3372 1840 3441 Jacob,

467 3452 519 3493 et
546 3442 764 3509 :ipparui
790 3441 868 3493 eis
902 3443 953 3493 itt
990 3454 1135 3493 terra
1167 3438 1406 3511 Egypti,

468 3522 521 3564 et
551 3512 717 3566 levavi
748 3527 963 3565 manum
1001 3528 1173 3564 meam
1200 3526 1295 3580 pro
1323 3512 1421 3579 eis,
1454 3512 1647 3569 dicens
1673 3532 1687 3567 :

397 3580 510 3651 Ego
538 3584 789 3636 Dominus
815 3584 954 3637 Deus
985 3592 1162 3637 voster
1189 3600 1205 3635 :

394 3651 449 3706 In
479 3653 563 3708 die
588 3654 675 3707 illa
704 3655 873 3709 levavi
899 3670 1116 3707 mattutn
1165 3669 1336 3708 meam
1364 3670 1461 3724 pro
1482 3656 1583 3722 eis,

464 3733 523 3779 ut
566 3728 849 3780 educerem
915 3741 1012 3779 eos
1057 3727 1135 3796 tle
1181 3737 1323 3779 terra
1374 3727 1591 3796 [Egypti
1647 3728 1697 3781 in
1751 3736 1969 3794 terram,

536 3813 693 3863 quam
724 3798 1065 3866 provideram
1093 3795 1192 3861 eis,
1229 3795 1490 3850 liuentem
1514 3804 1652 3854 lacte
1681 3811 1735 3854 et
1764 3801 1924 3855 melle
1954 3818 1967 3853 :

395 3872 402 3890 ⁵
462 3884 583 3938 qua:
607 3880 693 3922 est
717 3869 929 3937 egregia
962 3870 1101 3921 inter
1131 3882 1323 3921 omnes
1349 3880 1543 3924 terras.

396 3939 458 3993 Et
480 3942 590 3994 dixi
613 3943 678 3992 atl
703 3955 797 3993 eos
826 3957 837 3991 :

396 4010 780 4080 Unusquisque
809 4008 1453 4084 oilen~ionesoculormn
1483 4024 1704 4067 suorum
1728 4012 1975 4084 abjiciat,

463 4094 517 4137 et
547 4088 597 4137 itt
620 4084 780 4137 idolis
802 4080 1019 4151 Aﬂgypti
1045 4081 1214 4136 nolite
1236 4084 1403 4152 pollui
1439 4098 1454 4135 :

398 4154 508 4225 Ego
544 4157 801 4207 Dominus
835 4156 974 4207 Deus
1007 4164 1213 4207 vester.

397 4229 461 4281 Et
490 4227 839 4282 trri:averunt
862 4240 971 4290 me,

479 4301 872 4366 nolueruntque
895 4313 979 4350 me
1009 4296 1219 4363 audire,

467 4372 836 4438 unusquisque
856 4369 1287 4424 abominationes
1310 4368 1592 4435 oculorum
1615 4384 1839 4426 suorum
1870 4388 1977 4427 non

542 4442 788 4509 projecit,

470 4526 573 4565 nec
612 4512 749 4563 idola
776 4509 995 4579 .tEgypti
1018 4510 1353 4580 reliquerunt
1380 4527 1396 4568 :

404 4583 469 4637 Et
487 4583 685 4655 divum
704 4580 1037 4655 eiunderetn
1055 4582 1474 4655 ittdtgttatibttcm
1494 4601 1667 4641 meam
1682 4600 1845 4655 super
1860 4601 1976 4649 eos,

474 4654 830 4777 etEplerem
858 4654 988 4705 iram
1042 4669 1216 4706 meum
1272 4656 1325 4708 iu
1354 4654 1454 4722 eis,
1503 4660 1559 4711 in
1608 4654 1785 4713 medio
1826 4668 1982 4712 terra!

619 4727 788 4777 evuu.

619 4727 788 4792 syrti-

405 4796 469 4853 Et
504 4794 601 4848 feci
644 4801 866 4864 propter
892 4807 1088 4848 nomen
1117 4809 1314 4859 meum,
1342 4806 1397 4851 ut
1421 4816 1526 4853 non
1569 4800 1864 4855 violaretur
1892 4815 1980 4854 co-

547 4880 659 4919 tam
692 4867 959 4935 gentibus,
990 4865 1043 4917 itt
1075 4882 1299 4934 quarum
1325 4872 1505 4925 medto
1541 4883 1719 4937 erant,

475 4947 529 5005 et
556 4938 698 4993 inter
727 4953 862 5004 quas
883 4942 1106 5006 apparui
1158 4942 1259 5005 eis,
1317 4949 1379 4994 ut
1415 4946 1705 4999 educerem
1763 4958 1859 4999 eos
1916 4941 1985 4998 de

548 5022 687 5064 terra
720 5007 963 5078 (Egypti.

404 5080 552 5152 Ejeci
577 5096 706 5150 ergo
729 5097 824 5135 eos
851 5083 921 5134 de
951 5090 1090 5135 terra
1122 5080 1362 5154 Egypti,

474 5167 524 5209 et
556 5153 713 5207 edim
750 5156 801 5205 itt
828 5154 1120 5206 desertum.

406 5226 473 5281 Et
501 5225 623 5278 dedi
656 5226 737 5278 eis
758 5240 1022 5294 praecepta
1052 5241 1193 5293 mea,

476 5309 528 5352 et
545 5297 745 5366 judicia
780 5311 894 5349 mea
919 5297 1134 5351 ostendi
1154 5302 1253 5363 eis,

474 5385 593 5438 qua:
624 5369 783 5421 faciat
812 5368 994 5433 homo,
1028 5380 1082 5422 et
1114 5371 1254 5421 vivat
1295 5370 1345 5424 in
1373 5369 1474 5438 eis,

405 5440 626 5510 Insuper
648 5450 701 5493 et
738 5439 961 5493 sabbata
989 5456 1106 5496 mea
1148 5443 1270 5495 dedi
1311 5444 1412 5510 eis,

478 5522 536 5566 ut
560 5523 702 5565 esset
728 5511 938 5579 signum
968 5511 1111 5565 inter
1135 5529 1218 5566 me
1239 5526 1289 5567 et
1321 5530 1416 5569 eos
1444 5532 1457 5568 :
1636 5566 1639 5567 ,

478 5596 528 5638 et
552 5584 755 5636 st-irent
783 5585 905 5650 quia
932 5599 1031 5653 ego
1062 5585 1321 5639 Dominus
1346 5583 1695 5639 sanetiﬁeans
1724 5600 1842 5641 eos.

406 5657 471 5713 Et
502 5657 846 5708 irrttaverunt
879 5671 961 5707 me
990 5656 1182 5709 domes
1210 5656 1380 5711 Israel
1411 5658 1462 5709 itt
1494 5661 1736 5725 deserto,

477 5729 527 5782 in
563 5728 844 5796 prtereptis
877 5742 1008 5781 mets
1038 5744 1143 5782 non
1167 5728 1607 5794 ambulaverunt,

1460 315 1667 376 LIBER
1706 313 2110 376 EZECHIELIS
2147 308 2563 374 PROPHE'LE.

1984 442 2035 495 Α

1993 1843 2044 1903 Β

2001 3236 2048 3302 C

3550 309 3657 371 966

2134 446 2188 490 et
2211 435 2410 504 judicia
2443 449 2559 489 mea
2596 431 2963 503 projeeeruut,

2135 524 2255 577 quae
2291 508 2491 560 faciens
2518 506 2679 559 homo
2710 517 2850 559 vivet
2874 507 2924 559 itt
2957 504 3084 577 eis:

2134 575 2186 631 et
2210 579 2433 631 sabbata
2468 592 2584 630 mea
2611 575 3321 632 violaveruntvehementer
3357 591 3371 629 :

2064 651 2183 705 Dixi
2213 666 2360 719 ergo,
2388 659 2446 703 ut
2469 649 2804 705 eﬂ'uuderetn
2839 652 3074 704 furorem
3108 664 3286 703 meum
3346 662 3510 719 super
3557 663 3653 704 eos

2207 721 2259 774 in
2294 720 2535 785 deserto,

2137 802 2191 846 et
2216 807 2593 847 (‘Ottsutttcrcm
2622 806 2740 846 eos.

2066 865 2131 921 Et
2155 865 2254 919 feci
2285 879 2506 933 propter
2528 879 2721 918 numen
2753 878 2955 928 meum,
3014 877 3083 918 ne
3122 863 3421 919 violaretur
3466 877 3649 919 coram

2209 937 2481 1004 geminos,

2138 1007 2207 1062 de
2240 1006 2432 1076 quibus
2467 1006 2597 1075 ejeci
2633 1021 2726 1060 eos
2750 1005 2802 1059 in
2835 1016 3129 1075 conspectu
3165 1020 3385 1077 earum.

2067 1080 2179 1151 Ego
2206 1080 2367 1147 igitur
2388 1078 2555 1151 levavi
2585 1093 2798 1151 manum
2826 1093 2999 1131 mnam
3030 1092 3193 1151 super
3211 1093 3306 1131 eos
3330 1076 3385 1131 in
3413 1076 3656 1145 deserto,

2209 1146 2279 1205 ne
2308 1150 2621 1204 intlttcerem
2664 1149 2773 1222 1.4!.
2818 1146 3136 1222 educerem]
3184 1165 3279 1203 eos
3315 1151 3383 1222 νίη
3434 1159 3656 1216 terram,

2213 1238 2371 1290 quam
2401 1224 2526 1275 dedi
2553 1223 2654 1285 eis,
2685 1221 2939 1274 ﬂuentem
2976 1224 3113 1275 lacte
3134 1234 3186 1275 et
3219 1221 3405 1291 melle,

2142 1298 2466 1362 przecipuam
2503 1305 2767 1347 terrarum
2797 1294 3040 1345 omnium
3066 1310 3079 1345 :

2068 1364 2200 1433 Quia
2232 1365 2425 1430 judicia
2461 1379 2578 1417 mea
2604 1365 2977 1433 pt‘njt-certtnt,

2141 1449 2194 1491 et
2225 1440 2276 1490 in
2321 1439 2604 1503 pra-contis
2632 1450 2765 1488 mets
2794 1450 2899 1487 non
2937 1434 3373 1503 ambulaverunt,

2142 1520 2194 1561 et
2225 1509 2446 1561 sabbata
2484 1526 2598 1560 mea
2634 1508 2977 1560 violaverunt
3012 1524 3026 1560 :

2144 1590 2264 1646 post
2288 1580 2429 1631 idola
2466 1580 2610 1633 enim
2636 1594 2729 1631 tror
2756 1593 2786 1632 e
2811 1594 2941 1631 trum
2966 1578 3337 1648 gradiebatttr.

2072 1652 2135 1707 ΕΙ
2154 1650 2394 1719 pepercit
2407 1652 2595 1704 oculus
2610 1666 2755 1703 utens
2771 1663 2934 1719 Super
2948 1664 3059 1717 eos,
3082 1665 3133 1705 ut
3150 1651 3509 1709 interficerent
3523 1667 3618 1711 eos
3642 1695 3653 1706 .

2143 1738 2242 1776 nec
2270 1725 2577 1789 consumpsi
2602 1736 2697 1775 eos
2724 1724 2773 1774 in
2805 1723 3043 1775 deserto.

2074 1794 2192 1848 Dixi
2226 1806 2405 1847 autem
2430 1793 2492 1845 ad
2520 1795 2655 1845 lilios
2687 1808 2873 1847 eorum
2901 1796 2950 1845 itt
2981 1791 3270 1849 solitudine
3298 1836 3309 1846 .

2141 1864 2196 1918 in
2227 1866 2507 1933 prteeeptis
2539 1877 2746 1931 patrum
2782 1876 3081 1936 vestrorum
3111 1868 3278 1922 nolite
3307 1866 3585 1936 incedere,

2148 1951 2248 1990 nec
2266 1936 2467 2004 judicia
2492 1950 2677 1989 eorum
2704 1935 3043 2000 enswdiatis,
3498 1960 3501 1963 λ

2146 2022 2246 2062 nec
2275 2007 2327 2061 in
2359 2007 2517 2061 idolis
2539 2023 2724 2059 eorum
2759 2007 3089 2075 polluamini.

2075 2078 2187 2149 Ego
2222 2079 2480 2133 Dominus
2513 2080 2651 2132 heus
2681 2089 2861 2131 vester
2888 2096 2900 2131 :

2145 2156 2197 2204 in
2240 2150 2523 2219 praeceptis
2556 2149 2690 2204 meis
2719 2150 3012 2213 ambulate.

2139 2223 2337 2291 judicia
2377 2237 2492 2275 mea
2533 2221 2805 2275 custodiLe
2839 2230 2893 2273 t-t
2923 2222 3077 2277 l'acite
3109 2238 3211 2280 ea:

2073 2293 2138 2349 Et
2167 2296 2393 2349 sabbata
2420 2308 2537 2347 mea
2570 2293 2923 2358 sanctificate,

2148 2377 2205 2420 ut
2231 2368 2302 2419 sit
2332 2366 2542 2434 signum
2578 2367 2716 2417 inter
2751 2379 2836 2417 me
2869 2374 2922 2417 et
2954 2380 3070 2429 Vos,

2145 2446 2202 2493 et
2238 2437 2421 2491 sciatis
2460 2434 2566 2506 [AL
2622 2434 2847 2505 sciatur]
2895 2438 3018 2507 quia
3074 2452 3173 2508 ego
3220 2452 3341 2497 sum
3399 2440 3663 2499 Dominus
3750 2492 3751 2495 η

2225 2508 2367 2563 Deus
2393 2521 2590 2563 vester.

2077 2582 2143 2637 Et
2168 2580 2518 2635 exuet'rbavet
2538 2587 2632 2631 unt
2671 2593 2755 2633 me
2788 2578 2904 2644 (illi,

2148 2655 2201 2705 iu
2235 2654 2520 2720 pl‘:L‘.t‘eplis
2546 2651 2679 2704 meis
2705 2669 2807 2703 non
2840 2648 3271 2720 ambulaverunt,

2149 2735 2200 2778 et
2226 2722 2423 2791 judicia
2460 2737 2575 2775 mea
2626 2738 2730 2775 non
2770 2724 3149 2777 ettStodietunt
3190 2738 3249 2780 ut
3287 2724 3528 2783 facerent
3561 2744 3662 2785 ea:

2149 2813 2267 2863 qua:
2299 2809 2420 2847 eum
2454 2794 2637 2848 l'eceril
2672 2793 2854 2857 homo,
2886 2794 3027 2847 vitet
3051 2798 3101 2850 in
3126 2798 3243 2852 eis:

2152 2877 2207 2920 et
2235 2866 2459 2919 sabbata
2489 2882 2603 2919 mea
2637 2864 2977 2918 violaverunt
3011 2883 3024 2917 :

2078 2937 2148 2994 Et
2176 2939 2532 2993 comminatus
2570 2953 2691 2990 sunt
2736 2950 2793 2990 ut
2824 2936 3156 2993 ell‘underem
3202 2939 3441 2997 furorem
3477 2958 3658 3001 meum

2223 3024 2387 3077 super
2413 3024 2525 3075 eos,

2152 3090 2205 3137 et
2228 3082 2507 3148 implerem
2542 3081 2673 3132 iram
2708 3095 2881 3133 meam
2916 3079 2966 3133 itt
2998 3079 3076 3135 eis
3102 3080 3155 3135 in
3185 3081 3424 3139 deserto.

2081 3154 2264 3209 Averti
2289 3167 2467 3205 autem
2500 3166 2715 3203 manum
2747 3165 2947 3218 meum,

2148 3237 2198 3280 et
2227 3223 2327 3277 feci
2368 3234 2593 3293 propter
2633 3238 2826 3276 nomen
2874 3239 3076 3291 meum,
3126 3235 3182 3280 ut
3214 3242 3321 3283 non
3367 3228 3666 3286 violaretur

2221 3310 2399 3349 coram
2423 3296 2695 3364 gentibus,

2148 3367 2215 3421 de
2237 3367 2431 3435 quibus
2451 3366 2588 3435 ejeci
2616 3381 2711 3419 eos
2738 3365 2790 3418 in
2812 3365 2988 3422 oculis
3011 3381 3220 3423 earum.

2076 3440 2283 3511 lterum
2304 3440 2474 3491 levavi
2505 3453 2719 3511 manum
2742 3452 2915 3511 nteant
2947 3440 2998 3492 itt
3031 3455 3124 3495 eos
3152 3442 3203 3494 itt
3232 3442 3527 3500 solitudine
3546 3488 3561 3511 ,

2149 3519 2206 3565 ut
2234 3509 2600 3578 dispergerem
2633 3509 2757 3563 illos
2783 3507 2835 3562 itt
2869 3512 3134 3573 nationes.
3188 3522 3242 3567 et
3268 3507 3588 3572 ventilarem
3612 3517 3666 3573 in

2220 3591 2395 3634 terras
2424 3595 2439 3635 ε

2077 3653 2157 3709 Eo
2180 3653 2318 3722 quod
2340 3652 2540 3720 judicia
2565 3665 2682 3706 mea
2715 3664 2823 3706 non
2852 3650 3127 3722 fecissent,

2149 3737 2202 3779 et
2233 3733 2498 3793 prmeepta
2528 3739 2645 3778 mea
2671 3724 3077 3793 reprobasseut,

2150 3804 2206 3851 et
2226 3796 2447 3849 sabbata
2469 3811 2585 3848 mea
2609 3795 2924 3858 violassent,

2151 3876 2210 3921 et
2241 3877 2356 3935 post
2388 3867 2527 3921 idola
2555 3877 2767 3933 patrum
2792 3881 3016 3921 suorum
3048 3870 3271 3926 fuissent
3291 3874 3431 3929 oculi
3455 3888 3663 3931 eorum.

2082 3938 2225 4009 Ergo
2255 3948 2307 3992 et
2337 3953 2437 4007 ego
2458 3938 2580 4010 dedi
2602 3938 2981 4010 eisprmcepta
3004 3957 3109 3996 non
3136 3946 3297 4010 bona,

2223 4021 2277 4063 et
2302 4010 2504 4078 judicia
2534 4008 2586 4062 in
2617 4009 2810 4079 quibus
2835 4029 2938 4065 non
2965 4014 3167 4068 vivent.

2084 4082 2151 4137 Et
2184 4082 2477 4153 pellitieos
2501 4080 2553 4134 in
2586 4083 2903 4137 muneribus
2932 4081 3067 4153 suis,

2150 4169 2272 4233 cum
2296 4152 2557 4233 olferrent
2586 4167 2746 4208 omne
2766 4157 2911 4224 quod
2939 4159 3114 4225 aperit
3160 4159 3399 4229 vulvam,
3448 4170 3667 4233 prejuter

2224 4226 2416 4280 delicta
2441 4239 2536 4279 sua
2575 4241 2590 4277 :

2151 4308 2205 4352 et
2233 4297 2407 4351 scient
2435 4299 2555 4365 quia
2588 4311 2692 4366 ego
2715 4295 2999 4354 Dominus.

2080 4368 2447 4445 Quamobrem
2484 4370 2703 4445 loqttete
2726 4373 2791 4423 ad
2823 4371 3042 4427 domum
3075 4371 3263 4441 Israel,
3314 4374 3389 4429 iiIi
3413 4374 3669 4445 hominis,

2224 4449 2277 4494 et
2302 4440 2451 4493 dices
2480 4442 2543 4491 ad
2570 4456 2662 4492 eos
2698 4458 2710 4492 :

2084 4512 2211 4567 Hice
2234 4512 2361 4565 dicit
2395 4513 2652 4564 Dominus
2675 4510 2817 4565 Deus
2852 4529 2865 4565 :

2086 4585 2276 4639 Adhuc
2306 4594 2359 4637 et
2389 4584 2440 4636 in
2466 4583 2567 4663 hoc
2609 4582 3119 4652 blasptietnaveruot
3161 4601 3247 4640 me
3270 4599 3453 4654 patres
3481 4592 3673 4659 veStri,

2230 4670 2352 4708 CUttt
2382 4666 2718 4722 spreVIssent
2744 4670 2829 4708 me
2858 4668 3275 4712 contemnentes
3300 4676 3314 4712 :

2091 4729 2157 4782 Ει
2188 4727 2518 4781 induxiss‘eltt
2574 4741 2671 4778 eos
2726 4724 2783 4779 in
2810 4736 3047 4801 terram,
3096 4744 3262 4798 super
3306 4746 3464 4801 quam
3495 4733 3667 4789 levavi

2234 4814 2450 4851 manum
2484 4812 2682 4860 meum,
2710 4813 2764 4851 ut
2789 4798 2972 4852 datetn
3000 4801 3148 4853 illaut
3183 4804 3278 4855 eis.

2090 4870 2356 4926 Viderunt
2386 4884 2601 4921 onmetn
2631 4869 2826 4923 collem
2862 4872 3167 4939 excelsum,
3191 4885 3246 4928 et
3276 4888 3441 4931 omne
3470 4876 3674 4947 lignum

2234 4956 2602 5005 nemorosum,

2161 5025 2215 5069 et
2258 5013 2677 5066 itmnolaverunt
2703 5011 2772 5065 ibi
2802 5012 3052 5068 victimas
3074 5029 3232 5082 suas;

2161 5095 2217 5140 et
2245 5085 2511 5139 dederunt
2534 5084 2606 5159 ibi
2632 5086 2989 5159 irritationem
3019 5087 3309 5142 oblationis
3334 5102 3468 5159 sum,

2165 5168 2221 5213 et
2252 5170 2545 5225 posuerunt
2576 5155 2899 5227 ibiiodurem
2925 5161 3208 5213 suavitatis
3236 5174 3371 5227 suae,

2162 5241 2216 5283 ct
2247 5229 2548 5301 libaverunt
2582 5224 2685 5298 [ΑΙ.
2714 5228 2839 5281 add.
2871 5228 2965 5301 ibi]
2993 5229 3281 5288 libatiOttes
3300 5224 3447 5289 suas.

2092 5302 2159 5355 Et
2178 5300 2287 5353 dixi
2313 5302 2377 5352 ad
2409 5314 2505 5353 eos
2538 5316 2551 5351 :

2091 5373 2233 5440 Quid
2261 5383 2345 5425 est
2371 5372 2670 5437 excelsum,
2700 5370 2765 5425 ad
2790 5371 2935 5442 quod
2958 5386 3056 5427 vos
3080 5373 3464 5443 ingredimini?

2165 5454 2220 5499 et
2242 5455 2495 5521 vocatum
2528 5456 2611 5497 est
2641 5460 2838 5498 nomen
2879 5460 2994 5515 ejus
3020 5463 3035 5500 :
3066 5447 3373 5519 Excelsum,
3415 5462 3585 5521 usque
3611 5450 3680 5507 ad

2241 5515 2378 5568 lianc
2405 5515 2569 5568 diem.

2099 5587 2394 5658 Propterea
2414 5588 2512 5658 die
2536 5588 2602 5641 ad
2634 5587 2858 5643 domum
2888 5589 3050 5645 Israel
3074 5609 3091 5644 ι

2101 5656 2229 5715 Haec
2256 5659 2388 5711 dicit
2413 5656 2671 5713 Dominus
2696 5660 2838 5715 Deus
2872 5679 2887 5717 :

2174 5730 2335 5785 Cet-te
2359 5727 2464 5800 [Αι.
2494 5741 2597 5785 ωε.
2628 5732 2800 5805 certe]
2827 5734 2880 5787 in
2912 5735 2995 5788 via
3027 5744 3565 5806 patrumvestrorum
3589 5740 3689 5801 vos

480 5877 507 5913 α
534 5866 719 5927 Canon
748 5864 1265 5933 San-Germanensis
1293 5879 1347 5929 et
1369 5883 1470 5927 ms.
1494 5867 1842 5943 Corbeieasis
1868 5867 2039 5947 prima
2072 5881 2258 5945 manu,
2283 5867 2340 5928 in
2368 5879 2623 5945 sceptrum
2654 5868 3052 5939 dominantium.
3078 5872 3255 5941 Μιιτ.

3052 6060 3085 6070 σι-
3106 6060 3125 6071 πί
