4108 6360
455 222 560 307 96":

1470 244 1526 302 s.
1567 241 1948 301 IIIERONYMI
1986 240 2221 302 DIVINA
2259 243 2738 303 BIBLIOTHECA.

604 363 929 437 polinimiui,
963 370 1017 420 et
1049 369 1171 435 post
1210 360 1529 419 offendicula
1578 376 1765 417 eorum
1798 376 1894 416 vos
1938 361 2050 415 for-
2077 362 2126 423 Λ
2157 362 2221 416 Et
2246 361 2382 437 dixi.

607 455 860 493 lllCﬂ‘lllllll
896 455 908 491 ζ

462 512 535 569 Et
563 512 616 566 in
641 511 913 565 oblatione
943 508 1206 562 donorum
1240 515 1569 571 vestrorum,

536 599 660 639 cum
695 580 1045 638 transdueitis
1072 580 1210 635 lilios
1237 588 1447 633 vestros
1476 592 1573 649 per
1598 576 1799 649 ignem,

533 671 636 711 vos
684 653 987 725 polluimini
1038 653 1093 707 in
1142 649 1396 706 omnibus
1440 647 1601 705 idolis
1627 647 1835 707 vestris
1877 662 2051 720 usque

606 725 767 784 hodie
790 744 802 780 :

414 802 421 810 '
464 797 658 871 Etego
680 794 1024 871 respondebo
1048 794 1225 871 vobis,
1255 793 1449 871 domus
1479 792 1679 871 Israel?

538 865 674 926 Vivo
699 865 799 941 ego
820 868 954 941 dicit
990 866 1254 923 Dominus
1284 865 1451 935 Deus,
1506 866 1631 938 quia
1682 881 1789 922 non
1822 877 2051 937 respon-

608 939 755 998 debo
774 939 951 996 vobis.

463 1013 656 1102 Neque
677 1013 929 1102 cogitatio
960 1012 1156 1102 mentis
1184 1020 1379 1102 vestrae
1405 1011 1516 1102 lict,
1541 1009 1833 1102 dicentium
1857 1026 1870 1063 :

536 1083 766 1141 Erimus
783 1087 923 1141 sicut
944 1094 1155 1154 gentes,
1202 1092 1258 1139 et
1297 1084 1437 1139 sicut
1488 1083 1839 1155 cognationes
1869 1091 2050 1150 teme,

610 1168 668 1213 ut
689 1159 933 1214 colamus
957 1159 1100 1225 ligna
1131 1165 1185 1211 et
1216 1156 1443 1223 lapides.

472 1228 610 1285 Vivo
635 1245 753 1300 ego,
789 1229 919 1284 dicit
946 1227 1210 1300 Dominus
1234 1225 1399 1294 Deus,

538 1295 792 1373 quoniam
824 1301 883 1373 in
904 1316 1065 1355 manu
1091 1297 1239 1373 forti,
1283 1309 1337 1354 et
1369 1297 1589 1353 brachio
1616 1304 1860 1365 extento,
1914 1306 1969 1354 et
1998 1295 2051 1353 in

610 1372 793 1429 furore
813 1372 984 1429 elI'nso
1014 1370 1255 1441 regnabo
1279 1386 1441 1441 super
1471 1386 1587 1425 vos.

466 1442 536 1500 Et
558 1445 781 1502 educam
813 1460 909 1498 vos
936 1443 1005 1499 de
1032 1443 1246 1514 populis
1274 1460 1288 1497 :

538 1526 593 1572 et
613 1511 1061 1589 congregabovos
1074 1514 1141 1569 de
1164 1514 1349 1589 terris,
1365 1514 1417 1570 in
1436 1513 1633 1584 quibus
1645 1511 2049 1589 dispersiestis:

607 1594 659 1646 in
692 1585 853 1645 manu
886 1586 1083 1654 valida,
1111 1588 1239 1642 etin
1272 1585 1498 1641 brachio
1522 1595 1765 1653 extento,
1793 1597 1849 1641 et
1876 1587 1935 1640 iu
1967 1585 2052 1639 Iu-

608 1679 734 1718 rore
759 1662 930 1718 elI’uso
961 1660 1201 1729 regnabo
1230 1674 1391 1727 super
1422 1672 1537 1712 vos.

466 1736 537 1793 Et
567 1735 829 1791 adducam
858 1747 953 1786 vos
983 1732 1035 1785 iu
1075 1729 1348 1785 desertum
1382 1729 1720 1798 populorum,

418 1810 421 1819 ’
537 1805 889 1877 etjudicabor
920 1802 1194 1877 vobiscum
1221 1802 1293 1877 ibi
1320 1802 1455 1856 l'acie
1481 1800 1548 1855 ad
1578 1801 1797 1855 faciem.

469 1870 625 1937 Sicut
645 1878 848 1947 judicio
890 1874 1142 1947 conteiLdi
1195 1874 1482 1947 adversum
1509 1881 1691 1941 patres
1736 1880 1945 1928 vestros
2000 1870 2051 1927 in

608 1944 824 2005 deserto
852 1957 1010 2003 terra:
1045 1944 1287 2017 A3gypti,

540 2022 616 2077 sic
636 2019 892 2089 judicabo
918 2034 1035 2083 vos,
1067 2014 1197 2071 dicit
1222 2015 1480 2071 Dominus
1510 2014 1677 2072 Deus.

465 2093 534 2151 Et
564 2094 849 2162 subjiciam
872 2104 966 2143 vos
989 2099 1203 2162 sceptro
1231 2104 1374 2162 meo,

530 2175 587 2222 et
612 2158 860 2220 inducam
890 2177 989 2216 vos
1019 2158 1329 2215 inivinculis
1365 2158 1606 2215 foederis.

463 2236 533 2295 Et
559 2239 754 2308 eligam
780 2235 847 2291 de
874 2232 1027 2308 vobis
1050 2244 1482 2308 transgressores
1507 2240 1562 2285 et
1604 2227 1822 2300 impios,

530 2320 586 2366 et
613 2302 683 2365 de
714 2318 856 2363 terra
889 2304 1151 2359 incolatus
1177 2318 1363 2358 eorum
1405 2302 1633 2357 educam
1662 2318 1779 2371 eos,

535 2390 592 2438 et
618 2391 817 2436 terram
850 2377 1015 2433 Israel
1053 2392 1158 2430 non
1191 2374 1564 2444 iugredientur
1594 2392 1608 2429 :

534 2462 590 2510 et
612 2449 797 2508 scietis
826 2449 950 2518 quia
977 2462 1078 2518 ego
1098 2444 1381 2502 Dominus.

463 2526 534 2583 Et
549 2540 670 2589 vos,
692 2522 885 2578 domus
916 2518 1105 2582 Israel.

462 2598 594 2655 Haec
612 2596 746 2651 dicit
769 2593 1029 2649 Dominus
1057 2591 1198 2645 Deus
1225 2605 1240 2647 :

462 2669 820 2740 Singulipost
852 2663 994 2740 idola
1016 2674 1193 2719 vestra
1215 2658 1513 2740 ambulate,
1537 2668 1593 2716 et
1612 2661 1813 2717 servite
1839 2659 1941 2717 eis.

460 2733 615 2811 Quod
650 2733 777 2794 si'et
808 2739 861 2793 in
885 2735 985 2790 boc
1017 2752 1122 2790 non
1155 2733 1436 2811 audieritis
1458 2749 1570 2811 me.

533 2822 589 2869 et
608 2826 805 2867 nomen
836 2823 1014 2863 meum
1040 2817 1285 2861 sanctum
1316 2804 1621 2874 pollueritis
1649 2804 1791 2861 ultra
1820 2805 1874 2860 in
1927 2818 2049 2859 mu-

602 2883 822 2939 neribus
842 2879 1059 2946 vestris,
1086 2886 1143 2934 et
1172 2878 1225 2931 in
1256 2875 1418 2931 idolis
1443 2879 1643 2930 vestris
1669 2894 1684 2931 :

460 2954 519 3016 In
550 2966 734 3012 monte
766 2965 951 3008 sancto
982 2966 1103 3005 lneo
1129 2994 1143 3017 ,
1182 2950 1237 3004 in
1268 2959 1452 3003 monte
1485 2949 1703 3004 excelso
1750 2946 1915 3003 Israel
1941 2992 1955 3019 ,
1988 2954 2046 3004 et

605 3030 678 3083 ait
704 3026 966 3081 Dominus
1000 3022 1161 3084 Deus.

535 3099 609 3156 ibi
635 3100 833 3155 serviet
854 3095 986 3151 mihi
1010 3093 1188 3149 omnis
1214 3092 1410 3148 domus
1434 3090 1624 3159 Israel;

460 3173 685 3236 Omnes,
709 3172 948 3240 inquam,
982 3168 1230 3240 interra,
1261 3166 1313 3219 iu
1338 3179 1446 3235 qua
1479 3165 1779 3240 placebunt
1793 3161 1950 3240 mihi,

531 3256 584 3302 et
616 3234 685 3299 ibi
719 3234 959 3312 qureram
991 3236 1256 3312 primitias
1296 3234 1509 3312 vestras
1534 3278 1548 3301 ,
1581 3245 1635 3291 et
1667 3235 1874 3312 initium
1899 3234 2045 3312 deci-

604 3306 814 3370 marum
845 3306 1151 3368 vestrarum
1172 3310 1225 3363 in
1246 3307 1497 3364 omnibus
1526 3306 2045 3364 sanctilicatiombus

601 3388 819 3443 vestris.

458 3458 518 3520 In
549 3458 773 3516 odorem
807 3455 1088 3513 suavitatis
1111 3453 1404 3523 suscipiam
1435 3467 1554 3515 vos.

532 3549 656 3589 cum
679 3530 920 3587 ednxero
946 3543 1045 3584 vos
1072 3527 1140 3581 de
1167 3526 1398 3596 populis,
1432 3536 1487 3579 et
1516 3537 1917 3596 congregavero
1947 3536 2045 3578 vos

604 3605 671 3659 de
695 3607 876 3665 terris,
906 3602 959 3655 in
988 3615 1124 3667 quas
1148 3598 1379 3667 disnersi
1406 3598 1563 3662 estis,

533 3689 587 3733 et
608 3674 988 3730 sanctilicubor
1019 3677 1069 3726 in
1098 3670 1251 3724 vobis
1276 3670 1327 3724 in
1357 3669 1529 3723 oculis
1559 3670 1863 3724 nationum.

463 3752 532 3811 Et
554 3748 737 3805 scietis
766 3747 889 3815 quia
918 3760 1021 3816 ego
1050 3743 1326 3816 Dominus,

534 3838 658 3877 cum
682 3809 1069 3874 induxero'vos
1091 3814 1158 3868 ad
1191 3824 1387 3868 terram
1416 3809 1607 3878 Israel,

536 3893 591 3949 in
616 3902 838 3954 terram,
867 3904 963 3959 pro
979 3902 1081 3960 qua
1108 3887 1279 3960 levavi
1305 3900 1528 3940 manum
1553 3898 1754 3949 meam,
1779 3890 1836 3937 ut
1859 3878 2045 3936 darem

606 3980 725 4020 eam
753 3959 1242 4035 patriliuslvestris.
1758 4034 1766 4035 ί
1936 4023 1949 4035 ⁸

466 4039 533 4097 Et
559 4031 975 4093 recordabimini
1008 4031 1078 4086 ibi
1110 4031 1685 4105 viarumvestrarum,
1718 4034 1781 4105 et
1804 4031 2045 4105 omnium

608 4109 871 4165 scelerum
902 4115 1228 4169 vestrorum,
1254 4101 1453 4171 quibus
1474 4100 1659 4170 polluti
1685 4098 1816 4171 estis
1848 4098 1899 4151 in
1926 4098 2043 4171 eis_:

538 4190 594 4238 et
620 4178 975 4250 displicebitis
1002 4175 1153 4250 vobis
1180 4168 1233 4228 in
1261 4168 1769 4250 consnecttrvestto
1792 4169 1851 4224 in
1881 4168 2049 4222 onmi-

607 4241 958 4307 bus-malitiis
988 4247 1211 4307 vestris.
1241 4260 1376 4314 quas
1408 4241 1635 4299 fecistis.

469 4327 539 4385 Et
566 4323 749 4381 scietis
777 4322 905 4392 quia
924 4336 1023 4390 ego
1060 4318 1340 4392 Dominus,

542 4412 663 4453 cum
696 4390 1018 4450 ben’efecero
1043 4390 1195 4444 vobis
1223 4396 1445 4458 propter
1476 4401 1673 4441 nomen
1704 4400 1905 4451 meum,

539 4481 594 4524 et
616 4482 725 4523 non
752 4463 1049 4521 secundum
1080 4462 1192 4515 vias
1220 4468 1429 4516 vestras
1459 4459 1650 4521 malas,

539 4556 714 4609 neque
759 4535 1053 4609 secundum
1074 4532 1291 4609 scelera
1333 4540 1513 4586 vestra
1544 4530 1807 4600 pessima,
1854 4530 2047 4587 domus

609 4606 795 4671 Israel,
826 4609 899 4663 ait
930 4607 1191 4661 Dominus
1223 4606 1383 4661 Deus.

470 4686 539 4741 Et
564 4685 736 4739 lactus
763 4692 847 4736 est
873 4694 1053 4736 sermo
1082 4677 1289 4733 Domini
1317 4674 1383 4730 ad
1408 4691 1515 4741 me,
1548 4674 1738 4730 dicens
1772 4692 1783 4728 :

466 4758 567 4814 Fili
600 4754 855 4830 hominist.
1360 4820 1370 4830 .
1507 4820 1519 4830 .
1611 4818 1674 4830 _.
1778 4825 1787 4830 .
1848 4818 1878 4830 _.

540 4816 899 4902 poneAfaciem
927 4835 1072 4879 tuam
1106 4830 1293 4878 contra
1324 4820 1464 4875 viam
1493 4818 1712 4885 Austri,
1740 4825 1795 4874 et
1814 4818 1955 4873 stilla
1982 4816 2048 4874 ad

606 4899 981 4972 Αριιιήθιιηι,Δ
1080 4968 1090 4972 _
1342 4966 1353 4972 _
1655 4962 1667 4972 -

538 4984 593 5029 et
628 4962 884 5041 propheta
909 4962 983 5023 'ad
1014 4968 1213 5041 saltum
1243 4966 1356 5038 agri
1384 4962 1693 5021 meridiani.

402 5044 405 5045 ⁷
468 5045 538 5102 Et
562 5040 709 5100 dices
737 5042 895 5096 saltui
928 5040 1229 5097 meridiano
1260 5058 1273 5094 :

468 5118 606 5173 Audi
636 5114 853 5171 verbum
883 5112 1097 5168 Domini
1124 5130 1138 5166 :

471 5189 594 5245 Ilzec
619 5188 749 5245 dicit
778 5187 1033 5241 Dominus
1056 5183 1199 5238 Deus
1225 5199 1240 5236 :

470 5264 609 5318 Ecce
639 5276 739 5331 ego
761 5258 1084 5331 succendam
1114 5256 1166 5310 in
1201 5266 1251 5308 te
1278 5252 1479 5331 ignem,

537 5344 591 5390 et
618 5319 933 5387 comburam
974 5330 1025 5383 in
1057 5336 1110 5382 te
1140 5319 1547 5394 omne'lignum
1580 5319 1775 5389 viride,
1807 5330 1861 5378 et
1890 5334 2051 5377 omne

605 5407 802 5478 lignum
830 5402 1065 5478 aridum.
1484 5465 1497 5478 ο
1578 5466 1588 5477 .

465 5480 582 5536 Non
602 5473 974 5544 eistinguetur
1005 5473 1218 5525 llamma
1250 5473 1622 5544 succensiouis
1654 5483 1665 5519 :

539 5562 595 5607 et
622 5539 971 5605 contbitretur
999 5545 1050 5601 in
1081 5559 1144 5598 ea
1169 5545 1347 5597 omnis
1372 5540 1540 5595 facies
1562 5539 1631 5593 ab
1652 5546 1854 5593 Austro
1878 5551 2050 5609 usque

828 5619 862 5651 ἰ

465 5697 537 5759 Et
560 5619 1049 5751 vigilia?
1068 5701 1219 5757 caro,
1244 5684 1369 5763 quia
1389 5700 1489 5761 ego
1511 5683 1765 5753 Dominus
1793 5681 2050 5745 succendi

536 5779 1073 5919 uezaemxitioguctutr

2080 1774 2131 1835 B

2077 4570 2129 4632 D

2230 435 2271 488 Δ
2297 453 2323 486 a
2357 452 2406 496 τι,
2443 436 2668 490 Domine
2692 435 2833 490 Ileus
2860 450 2874 490 :

2153 503 2259 577 Ipsi
2293 506 2477 562 dicunt
2507 510 2574 562 de
2606 523 2693 561 me
2728 526 2741 563 :

2226 577 2496 650 Numquid
2528 596 2634 634 non
2668 595 2767 650 per
2792 575 3079 647 parabolas
3101 576 3341 648 loquitur
3371 576 3511 633 iste?

2155 646 2525 778 [Caph'EXL]
2563 650 2633 707 Et
2668 646 2847 708 l’actus
2888 660 2975 707 est
3020 646 3203 707 sermo
3250 649 3469 706 Domini
3514 648 3584 705 ad
3629 663 3753 719 me,

2337 740 2346 775 ι
2387 738 2520 777 ens:

2337 736 2481 778 108115
2508 741 2520 777 Ζ

2154 792 2257 849 Fili
2288 794 2543 865 hominis,

2229 881 2369 937 pone
2399 866 2590 950 faciem
2621 876 2766 925 tuam
2794 864 2861 925 ad
2889 864 3222 937 Jerusalem,
3249 878 3304 926 et
3329 868 3473 928 stilla
3498 867 3565 927 ad
3588 883 3751 926 sant:-

2303 950 2498 1008 tuarta,

2228 1017 2284 1066 et
2315 1011 2574 1080 propheta
2601 1023 2790 1070 contra
2816 1012 3045 1071 humum
3076 1011 3245 1072 Israel
3276 1032 3291 1069 :

2157 1078 2227 1137 Et
2251 1078 2400 1137 dices
2420 1078 2587 1139 terra:
2616 1085 2780 1142 Israel
2816 1104 2829 1140 :

2158 1154 2287 1209 Ilzec
2312 1154 2444 1210 dicit
2470 1157 2732 1213 Dominus
2756 1158 2938 1216 Deus:

2156 1225 2299 1282 Ecce
2324 1242 2425 1299 ego
2451 1228 2517 1283 ad
2541 1240 2613 1296 te,

2235 1307 2290 1355 et
2310 1299 2525 1373 ejiciam
2551 1300 2787 1371 gladium
2817 1317 2997 1358 meum
3030 1301 3098 1358 de
3118 1301 3309 1373 vagina
3339 1315 3459 1371 sua,

2229 1378 2284 1426 et
2308 1371 2551 1427 occidam
2583 1373 2634 1427 in
2666 1384 2719 1429 te
2747 1374 2954 1441 justum
2986 1384 3042 1429 et
3067 1371 3309 1442 impium.

2157 1440 2354 1517 Proeo
2377 1454 2556 1499 autem
2580 1446 2725 1513 quod
2749 1440 2998 1501 occidisti
3027 1452 3081 1500 in
3114 1440 3167 1500 te
3187 1445 3395 1515 justum
3417 1453 3475 1500 et
3497 1444 3753 1517 impium,

2233 1515 2436 1570 idcirco
2469 1517 2783 1586 egredietur
2813 1517 3024 1586 gladius
3054 1533 3208 1572 meus
3237 1519 3305 1572 de
3337 1519 3526 1586 vagina
3557 1515 3655 1572 sua
3684 1520 3756 1573 ad

2300 1603 2517 1659 onmem
2545 1604 2764 1644 carnem
2792 1589 2861 1642 ab
2876 1589 3075 1645 Austro
3102 1589 3169 1642 ad
3194 1589 3519 1659 Aquilonem
3549 1605 3564 1645 :

2232 1656 2300 1714 Ut
2327 1663 2463 1714 sciat
2494 1658 2602 1730 [ΑΙ.
2631 1675 2687 1714 0'.
2715 1659 2867 1731 sciet]
2909 1661 3084 1716 omnis
3107 1675 3238 1731 caro
3260 1656 3391 1729 quia
3419 1659 3760 1731 egoDomi-

2302 1746 2403 1785 nus
2429 1732 2587 1787 eduxi
2616 1730 2865 1803 gladium
2888 1748 3067 1788 meum
3091 1730 3162 1788 de
3190 1734 3382 1803 vagina
3408 1746 3504 1788 sua
3535 1730 3757 1789 irrevo-

2302 1818 2362 1857 ca
2373 1803 2552 1858 bilem.

2157 1872 2223 1929 Et
2256 1884 2331 1942 ttt,
2363 1876 2436 1928 ltli
2462 1874 2720 1939 hominis,

2227 1944 2524 2016 ittgetnisco
2555 1948 2607 2001 in
2639 1948 2967 2003 contritione
2993 1945 3321 2015 lumborum,

2231 2028 2286 2073 et
2317 2018 2367 2071 in
2400 2017 2850 2091 amaritudinibus
2880 2021 3179 2091 ingetnisce
3208 2034 3392 2076 coram
3414 2018 3518 2077 eis.

2155 2087 2403 2161 Cumque
2432 2090 2669 2146 dixerint
2700 2090 2766 2147 ad
2792 2101 2880 2147 te:

2226 2161 2404 2229 Quare
2433 2172 2489 2217 tu
2518 2163 2726 2234 gentis?

2222 2234 2411 2307 dices:
2448 2305 2479 2307 ἡ
2698 2306 2703 2307 ί
3008 2304 3021 2307 ἡ

2228 2305 2330 2379 Pro
2360 2305 2545 2361 auditu
2573 2321 2587 2360 :
2616 2306 2741 2379 quia
2762 2307 2932 2364 venit.

2152 2375 2221 2432 Et
2253 2377 2493 2435 tabescet
2521 2375 2683 2437 omne
2706 2394 2823 2449 cor,
2845 2390 2900 2437 et
2927 2379 3302 2437 dlssolventur
3330 2377 3601 2436 universae
3631 2390 3754 2435 ma-

2297 2466 2419 2517 nus,

2223 2532 2280 2578 et
2293 2520 2575 2648 tinﬁt-tuabi
2584 2536 2669 2579 tur
2688 2523 2866 2580 omnis
2890 2518 3132 2594 spiritus,
3156 2531 3213 2581 et
3234 2538 3332 2596 per
3352 2520 3752 2594 cuneta'genua

2335 2606 2458 2648 IICIII.
2482 2611 2655 2648 801133.

2335 2606 2458 2649 ttettt
2482 2611 2655 2650 auum.

2152 2612 2702 2740 Eceeuv'eeri‘iltfgi’ii’en
2726 2667 2801 2740 ait
2831 2665 3090 2724 Dominus
3115 2669 3255 2724 Deus
3283 2668 3392 2740 [ΑΙ.
3419 2676 3523 2725 lac.
3550 2666 3743 2739 Deus].

2152 2737 2219 2793 Et
2242 2739 2414 2794 factus
2451 2748 2538 2795 est
2565 2754 2747 2796 sermo
2774 2738 2995 2797 Domini
3025 2740 3093 2796 ad
3123 2756 3231 2810 me,
3257 2737 3447 2797 dicens
3478 2760 3492 2808 :_

2149 2809 2251 2865 Fili
2276 2811 2530 2875 hominis,

2224 2882 2506 2951 propheta,
2531 2892 2585 2937 et
2605 2881 2754 2938 dices
2787 2898 2803 2936 :

2149 2952 2277 3010 Haec
2304 2953 2435 3010 dicit
2466 2955 2726 3010 Dominus
2751 2953 2897 3010 Deus
2928 2972 2943 3010 :

2147 3024 2392 3094 Loquere
2425 3044 2437 3080 ε

2147 3098 2390 3163 Gladius,
2423 3098 2635 3169 gladius
2661 3106 2923 3155 exacutus
2953 3108 3056 3166 est,
3090 3108 3145 3157 et
3172 3100 3412 3157 limatus.

2067 3165 2115 3229 C
2221 3169 2288 3226 Ut
2317 3165 2491 3224 caedat
2524 3171 2787 3235 victimas,
2812 3182 3072 3228 exacutus
3099 3182 3221 3230 est:

2222 3250 2279 3295 ut
2307 3242 2611 3311 splendeat,
2639 3242 2857 3297 limatus
2885 3254 3007 3299 est:

2149 3313 2250 3382 Qui
2281 3329 2465 3369 moves
2496 3321 2765 3383 sceptrum
2791 3314 2881 3369 lilii
2910 3316 3039 3381 mei,

2220 3386 2497 3440 succidiin
2529 3402 2692 3440 oume
2722 3386 2945 3454 lignum.

2152 3456 2214 3513 Et
2246 3458 2368 3511 dedi
2397 3474 2517 3513 eum
2542 3460 2609 3511 ad
2637 3458 3009 3527 leVigundum,
3042 3470 3095 3513 ut
3120 3468 3364 3515 teneatur
3388 3475 3553 3517 manu
3583 3477 3598 3517 :

2224 3531 2325 3583 iste
2356 3541 2614 3583 evacutus
2643 3539 2725 3583 est
2755 3530 2990 3602 gladius,
3020 3540 3077 3585 et
3098 3532 3202 3587 iste
3228 3533 3467 3602 limatus,

2222 3611 2279 3654 ut
2300 3603 2366 3654 sit
2392 3602 2445 3655 in
2476 3616 2636 3654 nzanu
2664 3601 3059 3657 interﬁcientis.

2149 3671 2353 3733 Clama.
2385 3685 2437 3727 et
2464 3674 2629 3737 ulnla,
2664 3671 2740 3725 lili
2766 3671 3023 3738 hominis,

2220 3746 2343 3813 quia
2378 3745 2464 3799 hic
2494 3747 2670 3815 lactus
2692 3754 2775 3798 est
2802 3744 2853 3798 in
2885 3748 3083 3815 populo
3109 3761 3252 3809 meo,

2224 3816 2309 3890 hic
2334 3817 2383 3870 in
2411 3819 2622 3890 cunctis
2645 3814 2874 3872 ducibus
2900 3814 3065 3872 Israel
3092 3820 3183 3887 qui
3212 3820 3457 3890 fugerant
3486 3836 3500 3872 :

2151 3887 2345 3944 Gladio
2370 3888 2548 3943 traditi
2576 3897 2704 3942 sunt
2732 3904 2856 3943 cum
2887 3892 3088 3959 popqu
3121 3906 3265 3959 meo,

2228 3959 2432 4033 idcirco
2460 3959 2657 4030 plaudo
2686 3975 2851 4027 super
2895 3963 3100 4027 femur,
3133 3964 3258 4031 quia
3298 3961 3562 4033 probatus
3604 3971 3691 4019 est
3726 3978 3742 4015 :

2221 4042 2278 4087 et
2312 4032 2421 4105 hoc
2445 4071 2477 4105 ,_
2502 4047 2624 4105 eum
2654 4045 2927 4105 sceptrum
2974 4032 3342 4105 subverterit,
3382 4046 3439 4090 et
3467 4050 3575 4089 non
3606 4035 3737 4101 erit,

2293 4102 2425 4158 dicit
2454 4102 2709 4158 Dominus
2737 4104 2899 4159 Deus.

2151 4175 2232 4232 Tu
2264 4190 2416 4246 ergo,
2444 4176 2519 4229 lili
2546 4173 2804 4243 hominis,
2836 4175 3122 4247 propheta,
3151 4185 3209 4234 et
3233 4187 3461 4249 percute
3489 4193 3643 4235 manu
3663 4175 3730 4233 ad

2297 4263 2538 4313 manum,

2222 4329 2277 4376 et
2301 4318 2606 4394 duplicetur
2634 4317 2844 4391 gladius
2865 4360 2882 4389 ,
2914 4335 2978 4377 ac
3006 4320 3306 4393 triplicetur
3332 4321 3544 4394 gladius
3567 4322 3738 4379 inter-

2300 4390 2559 4447 fectorum
2597 4409 2610 4445 :

2155 4463 2253 4519 IIie
2274 4473 2357 4518 est
2385 4463 2593 4533 gladius
2619 4462 2911 4520 occisionis
2936 4480 3165 4536 magum.

2227 4536 2316 4606 qui
2345 4536 2734 4600 obstupescere
2765 4550 2861 4591 eos
2896 4538 3043 4607 facit,
3073 4548 3128 4594 et
3155 4537 3321 4596 corde
3344 4538 3628 4596 tabescere
3647 4579 3663 4607 ,
3685 4546 3747 4596 et

2307 4608 2625 4675 multiplicat
2652 4609 2860 4664 ruinas.

2161 4677 2219 4734 In
2253 4680 2505 4754 omnibus
2531 4682 2715 4754 portis
2741 4680 3087 4754 eorumdedi
3120 4683 3588 4740 conturbationem
3621 4682 3745 4754 gla-

2302 4751 2375 4826 dii
2400 4755 2567 4826 aeuti,
2598 4762 2650 4826 et
2683 4752 2856 4807 limati
2883 4753 2950 4809 ad
2972 4754 3305 4826 Iulgendum,

2228 4825 2412 4878 amicti
2438 4823 2501 4876 ad
2528 4824 2752 4879 caedem.

2160 4894 2463 4959 Exacuerc,
2487 4896 2622 4969 vado
2647 4896 2711 4949 ad
2739 4895 3049 4969 dexteram,
3081 4900 3193 4954 sive
3219 4900 3285 4954 ad
3306 4897 3611 4969 sinistram,

2144 5012 2191 5041 ._
2231 4983 2573 5041 quocumque
2604 4968 2762 5041 faciei
2788 4980 2893 5022 tutu
2916 4982 2999 5023 est
3027 4975 3317 5041 appetitus.

2159 5038 2376 5112 Quiuet
2399 5055 2499 5108 ego
2528 5040 2775 5107 plaudam
2809 5055 2969 5096 mauu
2999 5038 3307 5099 adit—uanum
3333 5085 3349 5112 ,

2226 5118 2281 5164 et
2310 5109 2543 5183 implebo
2576 5112 2997 5181 itnlignatioueut
3026 5131 3223 5183 meam,

2224 5197 2325 5251 ego
2351 5180 2609 5237 Dominus
2632 5180 2841 5237 locutus
2869 5200 3011 5239 sum.

2155 5251 2226 5327 Et
2250 5254 2429 5327 Iactus
2453 5264 2538 5327 est
2563 5269 2745 5327 sermo
2766 5255 2983 5311 Domini
3015 5258 3080 5312 ad
3110 5273 3221 5327 me,
3250 5259 3443 5316 dicens
3472 5277 3490 5316 :

2156 5326 2224 5381 Et
2255 5335 2333 5389 tu,
2360 5325 2434 5380 [ili
2460 5325 2709 5390 Itontittis,

2229 5413 2368 5521 pore
2394 5399 2493 5480 tibi
2525 5398 2661 5453 duas
2690 5399 2825 5467 vias,
2856 5412 2917 5456 ut
2950 5403 3128 5459 veniat
3155 5402 3364 5475 gladius
3386 5404 3531 5476 regis
3561 5403 3743 5477 Baby-

2320 5485 2436 5521 onts
2461 5485 2475 5521 :

2320 5485 2436 5523 OIIIS
2461 5485 2475 5525 ζ

2160 5542 2237 5598 De
2258 5551 2403 5599 terra
2436 5556 2538 5596 una
2569 5543 2915 5612 egredientur
2934 5545 3106 5603 amba:
3141 5566 3156 5604 :

2231 5625 2286 5669 et
2312 5628 2475 5668 manu
2503 5618 2679 5685 capiet
2703 5619 3093 5686 conjecturam.

2234 5687 2285 5742 in
2316 5687 2494 5756 capite
2518 5689 2619 5742 viae
2640 5689 2876 5745 civitatis
2901 5690 3176 5760 conjiciet.

2168 5758 2537 5896 νῖυωᾼῑέιῶῖῖ
2545 5769 2603 5818 ιιι
2627 5760 2807 5839 veniat
2852 5758 3073 5853 gladius.
3108 5764 3178 5825 ad
3220 5764 3469 5827 Iiabbath
3510 5766 3744 5851 aliorum
