4108 6360
367 245 472 307 969

1455 242 1663 304 LIBER
1701 242 2113 307 EZECHIELIS
2150 240 2589 307 PROPIIE'I‘E.‘

3560 245 3668 309 970

435 360 573 440 et_ad
591 357 1494 440 J_udamin_[4t._etad]_Jerusalem
1514 362 1957 440 munitissimam.
1988 365 2040 425 Α
2066 362 2198 432 Quae
2225 365 2385 440 juxta
2431 372 2578 434 sunt,
2623 370 2679 421 et
2717 376 2838 436 quae
2873 362 3065 436 procul
3092 375 3124 423 a
3151 372 3224 435 te,
3257 366 3666 440 triumphabant

364 435 527 492 Stetit
551 436 694 490 enim
724 450 820 488 rex
843 433 1225 506 Babylonisin
1255 433 1424 499 bivio,
1454 434 1508 488 in
1535 435 1710 505 capite
1731 434 1959 489 duarum

510 506 742 573 viarum,
774 506 1167 561 divinationem
1194 520 1469 576 quaerens,

436 579 801 634 commiscens
830 577 1054 646 sagittas
1078 594 1093 631 :
1122 575 1472 648 interrogavit
1498 575 1664 645 idola,

436 658 561 706 exta
592 649 887 704 consuluit.

364 720 448 779 Ad
491 722 773 778 desieram
818 720 935 791 ejus
979 721 1121 778 facta
1160 730 1242 778 est
1281 719 1545 778 divinatio
1591 735 1758 793 super
1806 722 1963 780 Jeru-

509 794 704 862 salem,

437 874 496 920 ut
527 875 694 935 ponat
715 863 940 934 arietes,

441 948 498 991 ttt
527 939 739 1005 aperiat
765 951 826 990 os
854 936 908 991 in
937 937 1109 1001 caede,

437 1016 498 1062 ut
522 1010 700 1064 elevet
727 1022 916 1064 vocem
952 1011 1004 1064 in
1032 1010 1265 1077 ululatu,

438 1088 497 1135 ut
527 1089 694 1150 ponat
723 1080 923 1135 arietes
950 1088 1141 1136 contra
1174 1090 1387 1152 portas,

436 1160 497 1206 ut
517 1160 824 1219 comportet
852 1167 1132 1222 aggerem,

437 1232 496 1278 ut
520 1223 755 1279 aedificet
782 1226 1135 1279 munitiones.

367 1292 598 1366 Erilque
627 1296 780 1367 quasi
818 1296 1113 1352 consulens
1150 1295 1355 1353 frustra
1387 1294 1665 1353 oraculum
1694 1295 1749 1353 in
1790 1296 1964 1353 oculis

509 1382 700 1422 eorum
713 1410 728 1435 ,

439 1446 495 1495 et
519 1438 865 1495 sabbatorum
894 1440 1065 1495 otium
1098 1438 1321 1495 imitans
1352 1456 1366 1495 :

366 1508 489 1583 Ipse
512 1519 693 1583 autem
718 1511 1097 1583 recordabitur
1120 1512 1422 1580 iniquitatis
1453 1512 1519 1568 ad
1546 1511 1893 1583 capiendum.

367 1581 578 1637 Idcirco
609 1581 723 1636 hac
756 1582 887 1638 dicit
912 1583 1171 1637 Dominus
1210 1583 1355 1637 Deus
1386 1601 1399 1639 :

365 1650 473 1709 Pro
502 1668 569 1708 eo
598 1654 742 1724 quod
791 1655 1059 1709 recordati
1110 1654 1243 1709 estis
1291 1655 1594 1725 iniquitatis
1634 1663 1831 1712 vestrae
1857 1697 1871 1724 ,
1912 1661 1968 1711 et

510 1727 797 1782 revelastis
824 1726 1303 1792 praevaricationes
1335 1735 1568 1789 vestras,

438 1806 495 1853 et
523 1806 893 1869 apparuerunt
923 1805 1142 1864 peccata
1173 1805 1356 1851 vestra
1390 1798 1442 1852 in
1480 1798 1734 1853 omnibus
1755 1798 1961 1869 cogita-

512 1868 750 1923 tionibus
773 1869 969 1925 vestris
996 1886 1007 1920 :

367 1938 478 1996 Pro
506 1954 593 2022 eo,
626 1940 879 2023 inquam,
912 1940 1057 2012 quod
1095 1938 1369 1995 recordati
1404 1941 1557 2010 estis,
1590 1954 1754 1995 manu
1781 1939 1963 2011 capie-

510 2026 665 2066 ῐηιηι.

368 2082 450 2139 Ttt
477 2092 680 2148 autem,
712 2082 957 2153 profane,
994 2082 1159 2153 impie
1185 2081 1292 2137 dux
1323 2083 1515 2151 Israel,

441 2154 595 2224 cujus
620 2157 766 2210 venit
798 2155 915 2209 dies
942 2156 995 2209 in
1031 2165 1275 2224 tempore
1312 2154 1611 2225 iniquitatis
1641 2154 1909 2227 przefinita
1944 2171 1958 2209 :

370 2224 499 2281 Haec
526 2228 658 2281 dicit
688 2227 953 2282 Dominus
978 2227 1125 2281 Deus
1157 2243 1171 2279 :

371 2297 543 2357 Aufer
567 2298 817 2366 cidarim,
848 2298 979 2353 tolle
1006 2311 1263 2353 coronam
1295 2314 1309 2351 :

444 2384 626 2425 nonne
655 2369 773 2425 haec
802 2380 914 2435 est,
950 2385 1070 2441 qua:
1108 2368 1372 2425 humilem
1417 2368 1753 2439 sublevavit,
1789 2377 1844 2424 et
1872 2382 1965 2424 su-

520 2441 742 2497 blimem
764 2441 1104 2495 humiliavit?

375 2510 736 2583 Iniquitatem,
774 2512 1114 2583 iniquitatem
1139 2553 1153 2577 ,
1189 2511 1532 2581 iniquitatem
1554 2527 1752 2583 ponam
1802 2526 1962 2566 eam:

445 2593 504 2641 et
533 2584 638 2640 hoc
664 2600 773 2656 non
800 2584 1002 2638 factum
1034 2594 1149 2656 est,
1182 2583 1357 2638 donec
1392 2586 1602 2640 veniret
1641 2583 1749 2656 [AL
1785 2583 1880 2638 fiet
1917 2591 1967 2636 et

516 2655 719 2727 veniat]
746 2656 902 2726 cujus
928 2664 1012 2710 est
1030 2655 1322 2724 judicium,

447 2734 506 2784 et
534 2728 745 2783 tradam
772 2733 843 2783 ei.

376 2798 445 2856 Et
476 2808 553 2865 tu,
584 2798 661 2853 fili
684 2798 941 2867 hominis,
972 2798 1258 2868 propheta,
1294 2798 1458 2854 etdic
1490 2815 1501 2849 :

376 2871 504 2927 Haec
532 2870 663 2925 dicit
691 2870 952 2926 Dominus
981 2869 1129 2925 Deus
1155 2870 1222 2923 ad
1255 2870 1391 2924 filios
1422 2869 1677 2936 Ammon,

447 2952 503 2997 et
530 2941 596 2997 ad
627 2940 975 3012 opprobrium
999 2952 1291 3012 eorum,iet
1316 2941 1503 2996 dices:

374 3011 580 3078 Muero,
608 3011 818 3073 mucro,
845 3012 1068 3078 evagina
1095 3023 1145 3067 te
1172 3011 1240 3065 ad
1270 3012 1646 3083 occidendum,

449 3085 573 3140 lima
603 3095 675 3149 te,
706 3092 763 3139 ut
793 3083 1107 3149 interlicias,
1137 3092 1191 3137 et
1212 3082 1445 3154 fulgeas,

1991 1754 2041 1817 B

2136 436 2631 573 soﬁidiinobilis,
2666 509 2888 579 grandis
2915 509 3157 565 interitu.

2064 576 2510 662 EcceOpriucipes
2538 576 2703 636 Israel
2735 580 2933 653 singuli
2963 582 3023 637 in
3050 580 3274 639 brachio
3306 596 3407 639 suo
3448 582 3665 641 fuerunt

2135 660 2617 779 adlgfi‘iiitdendum
2648 725 2989 797 sanguinem.

2062 791 2278 867 Patrem
2312 803 2365 849 et
2390 804 2621 850 matrem
2648 791 2997 854 coniumeliis
3024 798 3325 855 affecerunt
3350 800 3407 855 in
3435 807 3507 867 te,

2138 864 2399 921 advenam
2432 867 2747 922 calumniati
2779 878 2904 923 sunt
2934 871 2986 923 in
3012 868 3193 924 medio
3218 873 3321 938 tui,

2138 938 2394 1025 pupillum
2427 948 2483 994 et
2504 937 2719 1025 viduam
2746 940 3207 1025 contristaverunt
3230 937 3372 1025 apud
3400 951 3459 1025 te
3478 959 3495 1025 ξ

2070 1007 2408 1151 δθηεῖἓξῖξὲ]
2433 1023 2555 1065 mea
2598 1011 2851 1079 sprevisti
2874 1012 2990 1084 [AL
3028 1007 3369 1085 sprevistis],
3400 1012 3509 1085 [Αι.
3542 1014 3658 1085 pol-

2272 1097 2284 1135 l
2345 1098 2355 1133 I
2416 1124 2433 1147 ,

2139 1124 2445 1208 et-suabbaia
2478 1166 2595 1208 mea
2623 1152 2864 1223 polluisti

2080 1224 2198 1281 Viri
2226 1223 2562 1308 detractores
2589 1225 2807 1282 fuerunt
2847 1228 2901 1283 in
2934 1236 2988 1285 te
3017 1227 3085 1283 ad
3123 1227 3507 1285 effundendum
3540 1241 3667 1285 san-

2248 1310 2337 1349 um
2375 1312 2426 1350 tn

2140 1375 2195 1424 et
2210 1310 2382 1436 ξιιρεί
2415 1338 2626 1424 montes
2658 1369 3016 1425 comederunt
3044 1370 3096 1425 in
3129 1379 3203 1439 te,

2140 1438 2319 1494 scelus
2345 1440 2553 1509 Operati
2580 1450 2706 1495 sunt
2732 1441 2783 1494 in
2816 1441 2997 1496 medio
3028 1442 3121 1497 tui.

2075 1509 2476 1583 verecundiora
2509 1512 2677 1580 patris
2701 1512 3194 1582 discooperuerunt
3220 1514 3272 1569 in
3301 1520 3379 1583 te,

2140 1582 2539 1637 immunditiam
2568 1593 2924 1639 menstruatae
2959 1582 3387 1640 humiliavcrunt
3412 1585 3467 1639 in
3500 1592 3589 1640 te:

2070 1654 2141 1710 Et
2169 1653 2539 1727 unusquisque
2569 1654 2621 1707 in
2653 1670 2877 1711 uxorem
2905 1657 3137 1726 proximi
3168 1657 3253 1712 sui
3281 1664 3541 1727 operatus
3582 1662 3667 1713 est

2216 1724 2703 1791 abominationem,

2112 1804 2113 1807 ‘
2140 1804 2196 1868 et
2221 1809 2379 1849 socer
2406 1811 2600 1849 nurum
2631 1810 2783 1851 suam
2812 1797 3013 1868 polluit
3042 1797 3274 1867 nefarie,

2138 1867 2318 1992 fratert
2348 1880 2595 1923 sororem
2639 1883 2791 1923 suam
2816 1910 2831 1936 ,
2872 1870 3041 1923 tiliam
3086 1871 3255 1940 patris
3283 1871 3365 1926 sui
3394 1873 3666 1945 oppressit

2214 1954 2266 1992 III
2321 1954 2370 1992 e.

2214 1954 2266 1992 III
2299 1954 2370 1993 ιθ.

2067 2010 2292 2070 Munera
2321 2018 2655 2082 acceperunt
2683 2010 2825 2082 apud
2856 2018 2908 2067 te
2938 2010 3004 2066 ad
3033 2010 3418 2070 effundendum
3443 2015 3664 2088 sangui-

2214 2097 2336 2137 nem
2364 2099 2378 2136 2

2067 2154 2301 2212 Usuram
2331 2160 2387 2209 et
2416 2152 2974 2224 superabundantiam
3002 2155 3281 2225 accepisti,

2150 2234 2205 2281 et
2234 2240 2395 2280 avare
2420 2228 2697 2291 proximos
2732 2234 2855 2281 tuos
2881 2226 3303 2283 ealumniaharis

2146 2297 2363 2368 meique
2394 2297 2559 2379 oblita
2590 2311 2670 2365 es,
2706 2299 2781 2351 ait
2807 2297 3068 2351 Dominus
3102 2297 3285 2353 Deus:

2071 2370 2215 2426 Ecce
2263 2368 2524 2437 complosi
2568 2382 2762 2422 manus
2802 2382 2952 2423 meas
2993 2384 3156 2438 super
3203 2369 3483 2427 avaritiam
3516 2379 3663 2430 tuam

2214 2455 2374 2511 quam
2404 2438 2612 2505 fecisti,

2141 2520 2196 2567 et
2219 2509 2387 2581 super
2419 2512 2768 2579 sanguinem,
2804 2510 2894 2580 qui
2921 2509 3126 2566 effusus
3151 2519 3234 2566 est
3264 2511 3317 2567 in
3346 2514 3525 2569 medio
3557 2517 3653 2570 tui.

2072 2582 2346 2653 Numquid
2374 2581 2663 2636 sustinebit
2686 2596 2787 2653 eor
2819 2590 2994 2651 tuum,
3027 2590 3121 2635 aut
3146 2585 3517 2651 praevalebunt
3543 2601 3658 2641 ma-

2215 2651 2315 2709 nus
2350 2662 2475 2717 tum,
2510 2653 2563 2706 in
2592 2651 2782 2706 diebus
2807 2667 2941 2721 quos
2969 2668 3068 2721 ego
3096 2653 3286 2707 faciam
3320 2655 3449 2710 tibi?

2147 2741 2248 2797 ego
2274 2726 2531 2780 Dominus
2563 2724 2944 2797 locutussum,
2980 2730 3036 2779 et
3064 2724 3277 2779 faciam.

2076 2798 2146 2855 Et
2173 2794 2477 2867 dispergam
2512 2804 2563 2850 te
2594 2795 2648 2849 in
2678 2794 2949 2863 nationes,
2991 2802 3046 2850 et
3076 2796 3352 2852 ventilaho
3383 2805 3435 2854 te
3466 2797 3523 2855 in
3551 2804 3660 2856 ter—

2220 2883 2332 2935 ras,

2149 2951 2203 2997 et
2231 2940 2465 2995 deficere
2496 2937 2691 2993 faciam
2719 2937 3114 2993 immunditiam
3144 2946 3291 2994 luant
3322 2955 3351 2995 a
3384 2947 3454 2997 te.

2079 3013 2147 3070 Et
2180 3010 2473 3082 possidebo
2506 3019 2555 3063 te
2586 3009 2640 3063 in
2670 3018 3023 3079 conspectum
3054 3011 3293 3081 gentium
3322 3028 3336 3066 :

2150 3094 2204 3139 et
2230 3082 2371 3138 scies
2399 3084 2521 3152 quia
2554 3094 2655 3152 ego
2689 3082 2966 3152 Dominus.

377 3154 508 3212 Cum
561 3147 671 3211 tibi"
701 3155 1012 3211 viderentur
1040 3147 1175 3208 vana
1195 3194 1211 3221 ,
1258 3147 1320 3209 ei
1360 3153 1736 3211 divinarentur
1763 3163 1789 3194 ⁸
1818 3169 1973 3213 men-
2001 3147 2048 3215 C
2081 3155 2151 3211 Et
2181 3154 2379 3209 factum
2411 3147 2495 3207 est
2524 3150 2751 3207 verbum
2782 3151 2999 3206 Domini
3026 3152 3093 3207 ad
3119 3169 3229 3224 me,
3262 3153 3487 3212 dicens:

445 3228 735 3355 ιιιῗὶῗιῗὲιῖε
763 3311 926 3368 super
954 3299 1091 3356 colla
1122 3297 1530 3353 vulneratorum
1562 3297 1847 3368 impiorum
1871 3316 1885 3356 :

448 3386 680 3442 quorum
709 3372 858 3426 venit
878 3371 995 3426 dies
1020 3379 1269 3439 tempore
1301 3369 1604 3442 iniquitatis
1637 3371 1925 3438 praefinita.“

376 3440 674 3499 Revertere
712 3442 779 3498 ad
811 3443 1061 3512 vaginam
1100 3451 1270 3507 tuam,
1316 3440 1369 3494 in
1403 3440 1524 3496 loco
1572 3440 1628 3495 in
1674 3456 1781 3510 quo
1821 3455 1977 3498 crea-

522 3523 610 3570 tus
638 3528 719 3582 es,

450 3585 505 3641 in
533 3597 677 3641 terra
710 3584 1009 3641 nativitatis
1037 3593 1141 3640 tuae
1165 3582 1423 3653 judicabo
1456 3591 1531 3651 te,

448 3667 502 3713 et
529 3657 800 3714 effundam
831 3672 993 3728 super
1024 3665 1079 3728 te
1102 3655 1527 3728 indignationem
1552 3668 1727 3710 meam
1760 3673 1775 3713 :

376 3728 435 3786 In
468 3729 590 3800 igne
622 3729 819 3784 furoris
842 3727 950 3783 mei
974 3727 1200 3800 sulflabo
1230 3728 1297 3800 in_
1312 3737 1381 3791 te,

449 3795 696 3870 daboque
727 3808 779 3855 te
817 3801 871 3870 in
919 3813 1107 3870 manus
1152 3795 1431 3870 hominum
1461 3797 1829 3870 insipientium
1864 3796 1970 3869 [Αι.

518 3867 849 3941 stultorum],
881 3879 935 3926 et
965 3868 1345 3924 fabricantium
1377 3868 1656 3923 interitum
1702 3867 1808 3941 [Αἰ.
1854 3867 1974 3926 cor-

520 3941 873 4014 rupﬁonenﬂ.

376 4015 491 4089 Igni
518 4017 634 4089 eris
651 4014 829 4081 cibus,

448 4086 668 4157 sanguis
698 4095 819 4141 tuus
846 4083 953 4157 erit
984 4084 1036 4139 in
1069 4081 1251 4139 medio
1284 4089 1464 4152 teme,

448 4156 711 4215 oblivioni
743 4156 974 4212 traderis
999 4172 1015 4212 :

448 4230 575 4300 quia
608 4244 708 4300 ego
732 4228 993 4300 Dominus
1024 4226 1238 4281 locutus
1267 4241 1408 4300 sum.

377 4296 751 4427 [CdpaiiXIL]
778 4300 843 4354 Et
885 4298 1087 4355 factum
1116 4306 1200 4353 est
1234 4297 1458 4354 verbum
1485 4296 1697 4353 Domini
1750 4296 1817 4353 ad
1864 4311 1972 4365 me,

564 4387 710 4427 If'ells
734 4389 747 4425 2

564 4387 710 4427 κνίδης
734 4389 747 4425 2

377 4442 449 4500 Et
475 4451 554 4509 tu,
583 4442 657 4496 fili
681 4441 937 4508 hominis,

449 4529 578 4568 num
603 4513 837 4583 judicas,
867 4528 990 4567 num
1016 4513 1227 4582 jttdicas
1255 4512 1526 4568 civitatem
1559 4513 1919 4583 sanguinum?

380 4585 450 4639 Et
474 4584 729 4637 ostendes
759 4582 868 4654 [AL
900 4584 1172 4653 ostendis]
1220 4584 1269 4637 ei
1314 4598 1504 4639 omnes
1540 4582 1971 4639 abotninationes

524 4667 671 4715 suas,
704 4662 760 4708 et
784 4654 932 4707 dices
956 4670 972 4708 ι

378 4725 508 4780 ηερε
533 4723 668 4779 dicit
693 4723 956 4778 Dominus
983 4725 1126 4780 Deus
1152 4742 1165 4778 :

377 4797 583 4853 Civitas
605 4795 889 4852 effundens
917 4797 1231 4867 sanguinem
1263 4795 1315 4851 in
1345 4795 1525 4852 medio
1555 4797 1659 4866 Sui,
1695 4805 1753 4852 ut
1788 4795 1972 4853 veniat

518 4878 731 4937 tempus
760 4868 878 4934 ejus
902 4883 915 4919 :

450 4947 506 4995 et
536 4955 655 5010 quae
686 4938 811 4995 fecit
840 4938 982 4995 idola
1027 4945 1217 4995 contra
1264 4939 1637 5010 semetipsam,
1671 4947 1730 4995 ut
1767 4938 1974 5010 pollue-

522 5022 693 5066 I'BIIII'.
1957 5022 1976 5041 ⁸

378 5080 435 5139 In
467 5083 731 5153 sanguine
759 5089 875 5145 tuo.
903 5081 993 5152 qui
1026 5096 1055 5136 a
1088 5090 1138 5136 te
1166 5082 1367 5137 effusus
1389 5092 1492 5144 est,
1522 5079 1797 5152 deliquisti
1824 5100 1835 5133 :

449 5163 503 5209 et
530 5152 589 5209 in
615 5153 773 5209 idolis
805 5153 1081 5223 tuis,quae
1111 5152 1305 5219 fecisti,
1341 5154 1543 5223 polluta
1574 5168 1669 5210 es:

376 5224 447 5282 Et
470 5226 902 5295 appropinquare
928 5222 1104 5279 fecisti
1129 5222 1248 5279 dies
1276 5222 1422 5291 tues,

424 5294 515 5369 \et’
534 5294 1047 5369 adduxistitempus
1076 5310 1338 5369 annorum
1372 5303 1585 5369 tuorum
1607 5310 1623 5363 ;

378 5366 677 5439 Propterea
705 5366 831 5421 dedi
862 5376 913 5421 te
941 5366 1294 5439 opprobrium
1325 5366 1600 5436 gentibus,

448 5438 503 5497 et
532 5438 842 5495 irrisionem
866 5438 1135 5493 universis
1169 5439 1350 5493 terris.

452 5617 479 5647 ε
505 5607 800 5662 Consutum
832 5604 920 5661 hic
949 5605 1109 5660 habet
1162 5601 1403 5658 Cononis
1451 5599 1973 5659 San-Germanensis

379 5687 557 5737 textus
586 5694 740 5734 sacer
762 5678 1003 5732 scholion
1027 5675 1172 5731 istud
1205 5690 1439 5745 sequens
1473 5692 1485 5727 :
1517 5674 1642 5729 Non
1671 5684 1745 5728 est
1773 5675 1969 5745 dieme-

378 5767 500 5811 num
532 5750 803 5818 divinatio,
842 5749 933 5805 sed
958 5748 1057 5802 Dei
1071 5747 1354 5819 judicium,
1384 5746 1475 5817 qui
1492 5747 1734 5817 perfecta:
1758 5744 1973 5801 malitia:

907 5843 1187 5905 PATROL.
1234 5838 1532 5902 XXVIII.

2078 3224 2184 3282 Fili
2215 3224 2473 3286 hominis,

2149 3311 2306 3351 versa
2332 3305 2416 3350 est
2444 3294 2575 3349 mihi
2604 3294 2796 3349 domus
2829 3294 2995 3351 Israel
3023 3295 3075 3350 in
3106 3296 3336 3352 scoriam
3364 3316 3378 3354 :

2151 3367 2351 3442 Otnnes
2376 3368 2463 3442 isti
2493 3380 2586 3442 aes,
2604 3374 2659 3421 et
2684 3377 2959 3442 stannum,
2979 3376 3033 3423 et
3054 3366 3280 3435 ferrum,
3304 3378 3359 3426 et
3383 3369 3661 3442 plumbum

2225 3440 2278 3494 in
2310 3439 2489 3494 medio
2517 3436 2758 3492 fornacis
2784 3455 2795 3490 :

2149 3512 2323 3567 scoria
2354 3509 2560 3581 argenti
2594 3509 2715 3563 facti
2747 3517 2890 3564 sunt.

2078 3583 2375 3654 Propterea
2407 3582 2523 3635 haec
2552 3580 2684 3654 dicit
2718 3581 2976 3654 Dominus
3010 3580 3186 3638 Deus:

2078 3655 2159 3711 Eo
2188 3652 2331 3721 quod
2360 3654 2500 3708 versi
2532 3652 2666 3706 estis
2691 3665 2881 3707 omnes
2911 3653 2963 3707 in
2996 3654 3253 3721 scoriam,

2149 3734 2439 3849 prepterea
2474 3737 2603 3780 ecce
2634 3736 2734 3792 ego
2764 3725 3112 3794 congregabo
3140 3740 3238 3781 vos
3273 3725 3328 3782 in
3360 3726 3545 3785 medio
3571 3726 3671 3786 Je-

2221 3811 2345 3849 I'IISD
2373 3807 2499 3849 em.’

2221 3807 2499 3860 rusalem,’

2149 3866 2570 3940 congregatione
2600 3868 2914 3940 argenti,_et
2945 3868 3088 3934 aeris,
3114 3874 3170 3924 et
3197 3867 3351 3938 ferri,
3378 3878 3433 3927 et
3461 3871 3667 3940 stanni,

2220 3937 2277 3994 et
2302 3938 2507 4009 plumbi
2537 3940 2589 3993 in
2616 3939 2798 3994 medio
2829 3937 3092 3993 fornacis:

2148 4019 2211 4066 ut
2238 4010 2567 4066 succendam
2599 4009 2654 4063 in
2685 4025 2745 4065 ea
2776 4011 2957 4080 ignem
2987 4011 3053 4065 ad
3082 4010 3457 4068 conflandum.

2079 4083 2174 4142 Sic
2219 4082 2562 4153 congregabo
2607 4080 2661 4135 in
2707 4080 2891 4137 furore
2930 4096 3076 4149 meo,
3127 4091 3183 4138 et
3227 4084 3281 4139 in
3315 4085 3395 4141 ira
3426 4098 3572 4153 mea,
3614 4092 3671 4141 et

2222 4155 2561 4225 requiescam
2583 4170 2596 4209 :

2150 4235 2207 4283 et
2240 4225 2485 4281 conflabo
2515 4240 2633 4281 vos.

2078 4296 2149 4354 Et
2174 4297 2517 4368 congregabo
2542 4311 2660 4362 vos,

2148 4378 2205 4424 et
2234 4365 2557 4423 succendam
2589 4382 2686 4423 vos
2719 4367 2773 4422 in
2810 4368 2928 4436 igne
2950 4365 3153 4423 furoris
3180 4369 3308 4437 mei,

2149 4453 2205 4496 et
2235 4438 2600 4495 conflabimini
2629 4439 2678 4492 in
2706 4439 2884 4493 medio
2912 4439 3050 4507 ejus.

2083 4510 2150 4567 Ut
2178 4511 2441 4567 conflatur
2472 4522 2751 4579 argentum
2797 4511 2850 4564 in
2893 4511 3073 4563 medio
3105 4509 3364 4578 fornacis,
3404 4511 3485 4567 sic
3512 4511 3666 4569 eritis

2224 4581 2277 4637 in
2310 4580 2486 4636 medio
2513 4581 2659 4649 ejus:

2150 4662 2203 4709 et
2235 4654 2417 4708 scietis
2448 4656 2571 4720 quia
2598 4666 2697 4721 ego
2734 4651 3022 4717 Dominus,
3050 4666 3172 4707 eum
3212 4652 3496 4709 effuderint
3528 4655 3670 4711 indi-

2221 4725 2530 4796 gnationem
2558 4738 2730 4796 meam
2764 4738 2926 4796 super
2953 4739 3070 4796 vos.

2077 4770 2370 4853 Et
2403 4801 2486 4850 est
2514 4794 2736 4849 verbum
2770 4770 3080 4849 Dtiminivad
3112 4809 3220 4860 me,
3251 4794 3469 4852 dicens:

2080 4868 2179 4923 Fili
2211 4867 2463 4934 hominis,

2149 4938 2236 4994 dic
2259 4939 2338 4994 ei:

2082 5009 2164 5067 Tu
2193 5024 2253 5067 es
2276 5017 2420 5065 terra
2453 5009 2748 5074 immunda,

2152 5090 2207 5137 et
2235 5097 2343 5138 non
2370 5083 2640 5151 compluta
2672 5084 2725 5136 in
2748 5080 2836 5136 die
2863 5078 3086 5136 furoris.

2079 5151 2396 5223 Conjuratio
2428 5153 2812 5223 prephetarum
2841 5155 2895 5207 in
2925 5152 3106 5208 medio
3134 5152 3276 5222 ejus,

2149 5224 2293 5280 sicut
2316 5226 2403 5281 leo
2432 5226 2674 5295 rugiens,
2708 5223 3035 5295 rapiensque
3059 5223 3319 5294 praedam,

2149 5296 2386 5351 animam
2415 5295 2830 5361 devoraverunt,

2151 5382 2284 5437 opes
2312 5374 2367 5422 et
2392 5368 2623 5437 pretium
2653 5373 2999 5435 acceperunt,

2154 5435 2342 5494 viduas
2368 5435 2487 5509 ejus
2516 5438 3009 5508 multiplicaverunt
3034 5437 3089 5493 in
3120 5436 3303 5494 medio
3328 5435 3528 5495 illius.‘

2079 5599 2218 5655 dedit
2260 5600 2434 5668 ﬁnem.
2462 5598 2619 5656 Unde
2647 5598 2865 5657 ﬂuxerit
2893 5600 3162 5659 sententia
3190 5601 3339 5670 haec,
3374 5616 3387 5655 :
3415 5598 3677 5659 Nostrum

2078 5686 2188 5730 non
2215 5679 2299 5730 est
2319 5672 2585 5729 divinare.
2614 5672 2795 5729 Manr.

3228 5831 3347 5891 31-
