2054 3180
203 143 256 173 975

706 140 735 168 S.
757 135 947 167 IIIERONYMI
967 135 1084 166 DIVINA
1102 135 1340 165 BIBLIOTHECA.

1796 127 1853 161 976

201 202 275 231 Ecce
295 206 346 237 ego
365 198 486 237 polluam
508 196 818 237 sanctuarinruumcum,
843 195 997 231 superbiam
1014 198 1038 227 Α
1089 199 1118 223 ut
1132 202 1185 237 non
1201 195 1236 222 sit
1246 194 1314 222 ultra
1329 191 1459 221 memoria
1472 191 1591 221 ﬁliorum
1602 191 1718 220 Ammon
1734 190 1763 220 in
1782 196 1851 226 gen-

273 232 381 271 imperi‘i
393 235 490 268 vestri,
505 239 532 261 et
546 232 726 261 desiderabile
739 232 881 260 oculorum
894 236 1000 259 vestro-

276 280 336 300 rum

240 313 269 337 et
277 293 367 343 lsiiper
382 314 436 342 quo
449 309 531 343 pavet
545 305 632 332 anima
647 308 749 337 vestra,

240 349 269 373 et
283 339 332 371 ﬁlii
345 339 439 375 vestri,
451 339 481 370 et
494 342 555 369 ﬁlia:
566 345 673 374 vestrae,
689 348 755 376 quas
768 339 928 375 reliquistis,
943 339 1000 375 gla-

277 380 321 407 dio
337 379 445 407 cadent.

205 416 240 445 Et
251 415 356 444 facietis
371 415 442 442 sicut
456 412 504 440 feci
523 421 529 439 :

241 452 295 480 Ora
308 450 407 478 amictu
421 456 474 476 non
491 448 625 478 velabitis,

240 492 269 515 et
283 486 358 513 cibos
374 484 523 520 lugentium
540 492 593 511 uon
610 483 771 511 comedetis.

205 523 326 551 Coronas
340 520 476 548 habebitis
492 520 517 546 in
533 520 666 553 capitibus
683 520 792 553 vestris,

241 563 268 586 et
282 557 466 584 calceamenta
483 556 509 582 in
522 555 639 589 pedibus
655 565 661 581 :

205 594 264 621 Non
276 591 411 628 plangetis
423 598 512 628 neque
526 590 641 628 ﬂebitis],

241 625 289 657 sed
303 633 331 656 et.
346 625 492 655 tabescetis
506 627 532 653 in
548 626 734 660 iniquitatibus
746 625 855 659 vestris,

240 669 268 692 et
282 663 466 697 unusquisque
482 667 571 696 gemet
584 662 616 688 ad
633 662 741 688 fratrem
756 669 847 688 suum.

204 701 318 734 Eritque
332 698 459 734 Ezechiel
475 697 762 734 vobisiuportcntnm
781 706 787 723 :

237 730 315 771 juiita
329 733 419 771 omnia
427 741 491 771 Δ(ιιιερ
505 731 579 771 fecit,
594 732 699 771 facietis
712 740 772 760 eum
784 731 890 760 venerit
904 730 978 758 istud
993 739 999 757 τ

239 768 267 798 et
281 770 375 797 scietis
388 769 451 802 quia
466 775 516 803 ego
530 768 660 795 Dominus
672 768 754 796 Deus.

205 807 240 835 Et
256 811 298 841 tu,
316 806 353 832 lili
367 804 499 841 hominis,

241 837 305 870 ecce
333 841 361 868 in
387 839 430 867 dic
447 860 454 873 ,
481 847 534 874 qua
563 839 656 867 tollam
685 839 719 868 ab
745 839 786 867 eis
813 837 1000 867 fortitudinem

276 883 369 905 eorum

240 897 415 948 etvg’atidiitm
437 910 596 947 dignitatis,
623 915 651 939 et
668 910 834 939 desiderium
857 909 1000 938 oculorum

275 956 369 976 eorum
380 968 388 980 ,

239 991 322 1020 super
337 983 579 1020 quoreqiiicscunt
594 982 693 1010 animm
709 989 814 1016 eorum,

241 1018 312 1047 ﬁlios
327 1023 354 1046 et
368 1018 439 1046 lilias
454 1026 549 1045 eorum
564 1027 570 1045 :

204 1055 234 1083 In
249 1054 353 1117 dicgila
372 1062 433 1082 cum
452 1054 559 1082 venerit
574 1054 679 1088 fugiens
694 1053 728 1081 ad
744 1059 769 1082 te
780 1075 788 1087 ,
810 1057 840 1081 ut
858 1052 1002 1081 annuntiet

276 1094 294 1117 tt
317 1098 325 1116 ι
340 1099 345 1116 :

276 1089 325 1117 tibi
340 1099 345 1116 :

203 1126 232 1154 In
246 1126 308 1189 die,
326 1125 453 1167 inquam,
467 1125 512 1152 illa
529 1125 667 1160 aperietur
687 1133 717 1153 os
736 1130 813 1153 tuum
829 1132 891 1153 cum
907 1131 941 1153 eo
955 1123 1001 1159 qui

291 1166 347 1189 ιιαιῑ
359 1169 366 1187 ἶ

291 1166 347 1196 ugtt
359 1169 366 1187 :

241 1201 269 1225 et
281 1196 412 1231 loqueris,
428 1201 455 1224 et
466 1204 519 1224 non
535 1197 630 1224 silebis
644 1197 715 1224 ultra
731 1205 739 1225 :

205 1233 321 1267 EriSque
333 1233 374 1259 eis
388 1233 414 1258 in
428 1237 593 1266 portentum,

241 1273 269 1296 et
283 1268 375 1295 scietis
390 1269 451 1302 quia
467 1275 518 1301 ego
535 1268 675 1295 Dominus.

205 1303 282 1340 [Cap.
299 1302 397 1338 XXV]
414 1303 448 1330 Et
463 1303 550 1331 factus
565 1308 609 1331 est
622 1311 712 1332 sermo
727 1303 836 1332 Domini
852 1302 887 1332 ad
902 1310 945 1332 me
960 1302 1002 1331 di-

274 1345 341 1367 cens
355 1347 361 1364 ε

204 1374 256 1402 Fili
272 1373 391 1401 hominis
403 1395 410 1407 ,

239 1416 310 1446 pone
330 1409 427 1446 faciem
444 1413 518 1437 tuam
538 1414 633 1438 contra
653 1411 724 1439 filios
745 1412 879 1445 Ammon,
896 1415 924 1439 et
939 1417 1002 1446 pro-

273 1444 399 1480 phetabis
412 1445 445 1473 de
458 1446 509 1473 eis.

204 1480 238 1509 Et
252 1481 325 1508 dices
339 1480 403 1507 ﬁliis
417 1481 535 1508 Ammon
548 1490 554 1507 :

239 1516 330 1544 audite
343 1516 459 1544 verbum
473 1516 581 1544 Domini
592 1517 659 1545 Dei:

203 1551 268 1579 Hrec
283 1551 349 1579 dicit
365 1551 496 1579 Dominus
510 1553 600 1580 Deus:

203 1587 258 1615 Pro
273 1594 306 1615 eo
320 1586 392 1622 quod
406 1586 499 1614 dixisti
512 1596 519 1614 :

239 1622 327 1686 Eutge,
340 1630 410 1686 igge
423 1630 506 1658 super
517 1624 703 1652 sanctuarium
718 1632 820 1660 meum,
837 1626 900 1661 quia
914 1624 1004 1661 pollu-

289 1666 332 1686 um
392 1677 399 1685 .

289 1666 332 1686 um
347 1663 399 1686 est.

239 1698 268 1723 et
279 1701 361 1729 super
376 1698 476 1731 terram
488 1694 585 1731 Israel.
598 1697 725 1731 quoniam
740 1697 864 1725 desolata
874 1701 931 1724 est:

238 1734 268 1758 et
287 1730 501 1771 superhdomum
524 1730 615 1765 Juda,
640 1732 769 1768 quoniam
792 1733 867 1760 ducti
889 1736 954 1760 sunt
976 1731 1003 1759 in

275 1769 479 1800 captivitatem:

205 1800 308 1830 Idcirco
324 1808 375 1836 ego
393 1801 499 1829 tradam
517 1805 545 1830 te
564 1802 628 1831 ﬁliis
647 1803 829 1832 orientalibus
843 1803 872 1831 in
887 1803 1005 1832 haeredi-

277 1840 358 1864 tatem
372 1857 379 1869 ,
833 1842 835 1844 ‘

240 1877 268 1901 et
277 1872 450 1913 collocabant
462 1873 555 1900 caulas
570 1881 634 1913 suas
646 1875 673 1903 in
688 1879 726 1910 te,

242 1912 271 1936 et
285 1912 387 1943 ponent
398 1909 426 1935 in
441 1913 467 1936 te
480 1909 598 1937 tentoria
612 1918 672 1938 sua.

205 1943 260 1979 Ipsi
273 1943 418 1979 comedent
431 1943 523 1979 fruges
535 1949 595 1972 tuas
610 1955 617 1973 :

241 1983 270 2018 et
284 1979 334 2014 ipsi
348 1978 441 2018 bibent
453 1978 495 2018 lae
508 1981 648 2018 tuum[Al.
657 1985 728 2018 tacet
743 1981 841 2018 tuum].

206 2014 336 2051 Daboque
349 2014 472 2051 Rabbath
487 2016 514 2042 in
528 2014 713 2044 habiiaculum
725 2014 893 2046 camelorum
905 2038 912 2051 ,

239 2054 268 2078 et
280 2049 350 2086 ﬁlios
363 2050 480 2077 Ammon
494 2051 521 2077 in
534 2052 625 2079 cubile
636 2059 764 2086 pecorum
778 2061 785 2079 :

240 2090 268 2121 et
281 2085 372 2113 scietis
385 2086 448 2121 quia
462 2093 511 2121 ego
527 2087 658 2115 Dominus
671 2097 677 2115 :

204 2120 273 2154 Quia
288 2120 345 2148 hate
356 2120 421 2148 dicit
437 2120 568 2149 Dominus
581 2122 650 2150 Deus
663 2132 670 2150 :

204 2156 258 2184 Pro
271 2163 304 2184 eo
319 2156 389 2197 quod
405 2156 529 2197 plausisti
543 2165 626 2197 manu
638 2163 665 2186 et
680 2159 840 2193 percussisti
855 2160 936 2197 pede,

241 2197 268 2229 et
279 2193 372 2227 gavisa
385 2199 414 2219 es
426 2199 459 2219 ex
473 2196 530 2219 toto
541 2193 639 2229 affectu
650 2201 733 2229 super
746 2200 846 2223 terram
856 2193 945 2225 Israel
959 2203 967 2223 :

205 2226 310 2267 Idcirco
333 2234 396 2267 ecce
411 2234 462 2267 ego
475 2228 621 2267 eglendam
633 2226 742 2258 marium
757 2239 847 2259 meam
862 2239 947 2267 super
964 2236 1004 2266 te,

241 2266 269 2290 et
283 2263 386 2301 tradam
398 2266 427 2301 te
440 2262 467 2290 in
481 2263 665 2301 direptionem
677 2266 811 2301 gentium,

241 2302 270 2326 et
291 2298 450 2326 interﬁciam
467 2303 493 2327 te
507 2298 716 2336 de’populisfet
731 2298 844 2337 perdam
856 2302 891 2331 de
906 2303 1001 2337 terris,

274 2337 302 2362 et
314 2338 450 2362 conteram
465 2343 472 2361 :

238 2372 267 2396 et
281 2370 350 2405 scies
363 2369 425 2405 quia
440 2377 490 2405 ego
504 2370 646 2405 Dominus,

202 2403 267 2432 Hasc
280 2404 345 2433 dicit
359 2403 488 2432 Dominus
503 2405 586 2434 Deus.

203 2439 260 2475 Pro
267 2446 301 2467 eo
312 2440 383 2475 quod
397 2440 525 2468 dixerunt
539 2441 618 2470 Moab
627 2447 655 2471 et
669 2443 732 2472 Seir
744 2453 752 2472 :

239 2474 310 2511 Ecce
320 2474 390 2503 sicut
404 2483 500 2503 omnes
514 2482 620 2511 genles,
634 2479 731 2508 damus
745 2480 815 2509 Juda
833 2489 840 2508 :

201 2508 386 2574 Idcirctimcscce
401 2518 451 2546 ego
464 2508 584 2547 aperiam
601 2508 840 2545 humerumMoab
856 2517 891 2545 de
905 2517 999 2546 civita-

287 2555 294 2574 I
354 2567 361 2574 .

287 2553 346 2574 IDUS

236 2567 592 2623 deicivli‘ttitibuskinquam,
602 2585 672 2623 ejus,
687 2590 715 2614 et
726 2586 760 2623 de
772 2586 872 2615 ﬁnibus
884 2589 953 2623 ejus,

235 2618 340 2680 inim;
343 2622 438 2680 £31m
452 2618 672 2648 Beth-JcSitnotlt
693 2626 721 2650 et
736 2618 997 2653 Beel-Meon'et'Ca-

270 2659 407 2688 rtatnaim,

197 2687 275 2716 Filiis
284 2687 404 2726 orientis
413 2698 474 2718 cum
489 2691 551 2719 ﬁliis
563 2691 693 2726 Ammon,

233 2727 262 2752 et
274 2724 344 2753 dabo
355 2733 417 2754 eam
431 2726 458 2754 in
473 2726 660 2756 hmreditatem
676 2738 683 2755 :

226 2829 238 2843 α
250 2825 370 2867 Yerbum
384 2826 456 2867 istud
470 2826 558 2855 vineas
570 2835 624 2867 non
638 2829 818 2867 intelligentes
833 2836 945 2861 veteres
954 2832 990 2862 Ii-

186 2860 270 2899 I_trarii
286 2866 423 2899 mutarunt
444 2862 472 2890 in
494 2870 560 2891 mss.
577 2865 680 2899 aliquot
694 2860 832 2895 codicibus
848 2860 985 2898 inimcos.

186 2896 238 2926 Est
248 2901 338 2927 autem
352 2898 424 2926 vinea
438 2896 650 2928 instrumentum
666 2901 796 2931 bellicum
811 2904 862 2932 sub
872 2896 989 2941 [μοορ

1125 231 1206 258 tibus.

1051 266 1084 294 Et
1099 266 1126 293 in
1143 267 1220 294 illaab
1240 266 1335 293 faciam
1347 265 1448 301 judicia
1462 273 1468 292 :

1087 307 1114 330 et
1129 303 1215 329 scient
1228 302 1291 337 quia
1306 309 1356 337 ego
1370 302 1509 329 Dotninus.

1051 337 1115 365 Hrcc
1129 338 1192 365 dicit
1204 338 1334 365 Dominus
1347 338 1419 365 Deus
1432 346 1437 364 :

1052 373 1105 401 Pro
1116 381 1148 435 elo
1161 373 1232 436 Ἡρά
1244 372 1308 436 ge?
1319 373 1435 401 Idumaza
1449 372 1593 408 ultionem,
1606 376 1636 401 ut
1647 379 1677 400 se
1692 371 1845 400 vindicaret

1122 416 1155 436 (ὓ
1179 418 1185 436 ι
1198 417 1230 436 IIS
1262 417 1277 436 ιι
1298 417 1323 436 3.

1122 410 1155 436 de
1169 409 1230 437 filiis
1244 409 1323 441 Juda,

1088 445 1262 507 pegcavilque
1285 444 1464 480 delinquens,
1486 449 1515 474 et
1538 444 1685 473 vindictam
1713 443 1847 479 expetivit

1142 487 1157 507 e
1170 488 1219 507 CIS.

1142 487 1157 508 e
1170 488 1220 514 eis,

1053 516 1155 544 Idcirco
1170 516 1228 544 haec
1242 516 1307 544 dicit
1322 516 1453 544 Dominus
1468 517 1539 545 Dens
1557 525 1563 543 :

1051 552 1202 581 Extendam
1214 560 1323 580 manum
1338 560 1424 581 meam
1440 561 1523 588 super
1534 552 1692 584 Idumteam,

1087 593 1113 615 et
1128 589 1248 615 auferam
1262 588 1296 616 de
1306 595 1337 615 ea
1352 588 1489 616 hominem
1506 592 1534 617 et
1545 588 1711 623 iumentum,
1842 587 1848 605 ι

1089 628 1116 651 et
1127 624 1221 651 faciam
1237 631 1295 652 eam
1311 623 1447 652 desertam
1460 624 1494 651 ab
1506 629 1599 652 austro
1616 632 1624 651 :

1087 665 1115 696 et
1127 659 1172 694 qui
1187 663 1251 696 sunt
1264 659 1317 696 [Αἰ.
1334 659 1445 695 desunt]
1470 661 1496 687 in
1512 660 1617 696 Dedan.
1631 658 1722 694 gladio
1736 657 1845 686 cadent.

1053 695 1086 723 Et
1099 694 1169 722 dabo
1181 694 1310 723 ultionem
1323 702 1411 723 meam
1423 694 1505 731 super
1516 695 1660 723 Idumaeam
1674 702 1723 730 per
1736 701 1846 722 manum

1124 732 1214 764 populi
1231 732 1283 757 mei
1300 731 1380 757 Israel
1398 739 1405 758 :

1088 773 1114 794 ct
1131 767 1226 803 facient
1241 767 1294 801 ὶΑι.
1310 766 1417 803 faciam]
1430 767 1456 795 in
1467 766 1552 795 Edom
1564 766 1643 802 juxta
1659 765 1729 794 iram
1743 772 1845 800 meam,

1089 808 1115 829 et
1131 802 1251 829 furorem
1266 810 1354 828 nicum
1372 812 1376 827 :

1089 843 1115 865 ct
1138 838 1224 875 scient
1249 838 1395 875 vindictam
1416 838 1470 875 [ΑΙ.
1494 836 1721 875 indignationem]
1743 843 1844 871 meam,

1127 873 1191 900 dicit
1202 874 1332 900 Dominus
1347 873 1427 902 Deus:

1014 890 1038 921 Β
1127 890 1191 914 ιιιιιιι
1202 890 1332 915 Jlullltllllﬁ
1348 890 1427 902 "Vua-

1054 910 1116 937 Iirec
1131 909 1194 936 diCll
1207 910 1335 936 Dominus
1350 910 1440 939 Dens:

1052 946 1105 974 Pro
1122 954 1153 973 eo
1167 946 1237 980 quod
1253 945 1375 972 fecerunt
1390 946 1524 974 Palaestini
1541 946 1568 973 in
1585 945 1743 977 vindictam,

1089 987 1115 1009 ct
1136 978 1183 1007 ttlli
1204 989 1233 1008 sc
1247 986 1309 1008 sunt
1330 985 1387 1008 toto
1401 982 1509 1016 animo,
1530 982 1725 1010 interficientes
1748 983 1777 1007 et
1792 978 1845 1007 imo

1126 1017 1229 1051 pleutes
1246 1017 1400 1043 inimicitias
1412 1022 1539 1045 veteres:

1054 1053 1201 1087 Propterea
1217 1053 1273 1080 haec
1288 1053 1351 1079 dicit
1368 1053 1499 1080 Dominus
1513 1053 1584 1080 Detts
1597 1061 1605 1080 :

1054 1090 1122 1117 Ecce
1133 1097 1182 1124 ego
1195 1089 1460 1124 extendatumanum
1475 1097 1561 1116 meam
1576 1095 1658 1124 super
1671 1087 1843 1122 Palaestinos,

1125 1123 1158 1152 et
1167 1123 1327 1152 interﬁciam
1342 1123 1542 1158 interfectores,

1088 1165 1116 1188 et
1131 1159 1242 1195 perdam
1258 1158 1383 1195 reliquias
1398 1160 1538 1187 maritimze
1552 1160 1672 1195 regionis
1687 1168 1695 1188 :

1053 1194 1216 1229 Faciamque
1228 1196 1254 1222 in
1265 1195 1304 1222 eis
1316 1194 1432 1223 ultiones
1445 1203 1556 1231 magnas
1567 1194 1684 1231 arguens
1693 1195 1720 1223 in
1731 1194 1823 1224 furore
1835 1203 1844 1223 :

1088 1236 1116 1259 et
1130 1232 1216 1259 scicnt
1230 1231 1291 1266 quia
1303 1238 1353 1266 ego
1367 1231 1506 1264 Dominus,

1089 1275 1150 1295 cum
1164 1267 1267 1294 dedero
1281 1267 1427 1294 vindictam
1443 1275 1531 1294 meam
1545 1274 1626 1302 super
1639 1274 1698 1295 eos.

1054 1303 1131 1339 [Cap.
1144 1302 1299 1339 XXVI.]_Et
1309 1302 1406 1329 factum
1418 1308 1459 1330 est
1471 1303 1497 1330 in
1508 1301 1652 1330 undecimo
1663 1301 1847 1339 anno,_prima

1126 1338 1238 1370 mensis,
1250 1337 1337 1365 factus
1349 1342 1391 1365 est
1404 1345 1494 1366 sermo
1504 1339 1611 1366 Domini
1622 1339 1655 1366 ad
1667 1346 1720 1372 me,
1733 1337 1828 1366 dicens
1837 1345 1847 1365 :

1052 1373 1103 1402 Fili
1118 1374 1246 1407 hominis,

1088 1418 1138 1446 pro
1152 1418 1185 1438 eo
1194 1409 1266 1446 quod
1279 1409 1349 1437 dixit
1358 1409 1446 1446 Tyrus
1458 1409 1492 1438 de
1505 1409 1657 1446 Jerusalem
1673 1419 1679 1437 :

1053 1446 1139 1481 Euge,
1156 1445 1301 1474 confractae
1316 1445 1480 1481 sunt’portte
1491 1445 1667 1481 populorum,

1088 1489 1220 1510 conversa
1232 1486 1274 1509 est
1286 1481 1320 1509 ad
1332 1489 1375 1510 me
1388 1491 1394 1509 :

1089 1517 1233 1553 implebor,
1249 1516 1356 1545 deserta
1368 1521 1420 1545 est.

1054 1553 1202 1589 Propterea
1219 1553 1279 1581 haec
1289 1553 1354 1581 dicit
1366 1553 1497 1582 Dominus
1507 1553 1579 1582 Deus
1594 1561 1601 1581 :

1016 1584 1039 1616 C
1056 1584 1125 1617 Ecce
1139 1597 1191 1624 ego
1204 1596 1285 1624 super
1297 1593 1334 1622 te,
1353 1589 1433 1624 Tyre.

1093 1629 1122 1653 et
1133 1621 1283 1653 ascendere
1297 1621 1394 1652 faciam
1408 1624 1440 1652 ad
1452 1624 1505 1661 [ΑΙ.
1521 1623 1615 1661 super]
1635 1628 1662 1652 te
1675 1627 1771 1660 gentes
1781 1621 1850 1651 mul-

1128 1666 1178 1696 tas,

1092 1696 1163 1724 sicut
1172 1696 1293 1724 ascendit
1304 1704 1379 1725 mare
1389 1696 1534 1724 ﬂuctuans.

1057 1731 1092 1759 Et
1106 1732 1276 1767 dissipabunt
1286 1740 1379 1760 muros
1390 1733 1466 1768 Tyri,
1481 1737 1507 1768 et
1520 1732 1661 1760 destruent
1673 1736 1761 1760 turres
1772 1731 1830 1768 ejus
1842 1738 1849 1757 ε

1092 1773 1119 1795 et
1133 1767 1225 1795 radam
1253 1768 1393 1803 pulverem
1409 1766 1467 1803 ejus
1492 1767 1526 1796 de
1540 1775 1583 1801 ea,
1606 1771 1635 1795 et
1657 1768 1728 1796 dabo
1741 1774 1802 1795 eam
1822 1766 1851 1794 in

1128 1803 1345 1838 limpidissimam
1360 1808 1474 1839 petram.

1059 1838 1177 1867 Siccatio
1193 1846 1352 1874 sagenarum
1362 1838 1417 1867 erit
1432 1840 1459 1866 in
1474 1839 1564 1867 medio
1575 1840 1670 1873 maris,

1092 1875 1155 1910 quia
1171 1882 1221 1910 ego
1235 1875 1341 1902 locutus
1355 1882 1426 1908 sum,
1438 1875 1476 1902 ait
1492 1875 1622 1904 Dominus
1637 1875 1710 1903 Deus
1725 1882 1733 1902 :

1057 1910 1091 1946 Et
1106 1910 1160 1937 erit
1174 1911 1199 1938 in
1210 1910 1390 1946 direptionem
1406 1911 1544 1946 gentibus.

1057 1945 1134 1974 Filiae
1144 1953 1258 1987 quoque
1271 1944 1340 1982 ejus,
1357 1944 1419 1982 quoi
1431 1951 1494 1974 sunt
1509 1947 1536 1974 in
1551 1953 1629 1983 agro,
1643 1946 1734 1982 gladio
1746 1944 1851 1974 interﬁ-

1127 1987 1232 2009 ςιοιιιιιιπ
1247 1991 1253 2009 ε
1652 1996 1656 1999 κ

1093 2020 1121 2055 et
1133 2016 1225 2055 scient
1232 2018 1303 2055 quia
1312 2025 1365 2055 ego
1377 2018 1517 2046 Dominus.

1057 2052 1125 2089 Quia
1139 2054 1196 2081 haec
1211 2052 1277 2081 dicit
1291 2052 1420 2081 Dominus
1437 2055 1507 2082 Deus
1520 2053 1574 2089 [AL
1587 2058 1652 2081 tacet
1665 2052 1750 2088 Deus]
1765 2061 1772 2080 :

1057 2087 1128 2116 Ecce
1132 2095 1187 2125 ego
1198 2089 1329 2125 adducam
1340 2089 1373 2116 ad
1386 2089 1486 2125 Tyrum
1496 2087 1750 2117 Nabuchodonosor
1760 2094 1851 2124 regem

1130 2123 1276 2160 Babylonis
1291 2125 1325 2151 ab
1337 2123 1476 2160 aquilone,
1489 2132 1581 2160 regem
1596 2133 1699 2161 regum,

1098 2166 1160 2187 cum
1173 2160 1261 2194 equis,
1275 2165 1302 2188 et
1315 2161 1452 2195 curribtts,
1467 2161 1648 2196 etequitibus,
1664 2165 1691 2188 et
1705 2164 1788 2193 caalu,
1806 2166 1853 2195 po-

1129 2195 1248 2231 puloque
1263 2203 1371 2231 magno.

1059 2229 1142 2258 Filias
1157 2229 1226 2265 tuas,
1240 2229 1375 2267 quassum
1387 2232 1413 2260 in
1424 2239 1498 2267 agro,
1514 2231 1605 2267 gladio
1618 2230 1784 2259 interﬁciet:

1015 2281 1044 2313 D
1094 2265 1375 2313 et_chir-c_u_nl‘dabit_t_e
1393 2265 1646 2302 munitionibus,et
1670 2265 1854 2302 comportabit

1129 2310 1256 2339 esserem
1271 2304 1297 2330 in
1312 2310 1389 2339 syro,

1094 2343 1121 2366 et
1133 2337 1234 2375 levabit
1246 2337 1339 2366 contra
1356 2344 1382 2366 te
1396 2339 1530 2375 ciypettm.

1058 2373 1094 2401 Et
1116 2378 1129 2392 ει
1143 2374 1247 2405 vineas.
1263 2378 1291 2402 et
1305 2375 1406 2402 arietes
1424 2373 1598 2409 iemperabit.
1621 2373 1648 2401 in
1671 2380 1763 2401 muros
1779 2376 1850 2407 tuos,

1095 2412 1123 2436 ει
1137 2413 1225 2437 turres
1239 2414 1297 2437 luas
1312 2410 1435 2438 destruet
1450 2412 1475 2437 ῘΙΙ
1491 2414 1627 2437 armatura
1644 2416 1701 2436 sua.

1059 2444 1240 2473 Inundatione
1253 2452 1385 2480 equorum
1398 2446 1456 2480 ejus
1472 2446 1577 2480 operiet
1588 2449 1615 2472 te
1628 2444 1719 2480 pulvis
1731 2450 1826 2472 eorum
1843 2451 1851 2471 :

1094 2488 1109 2507 a
1121 2481 1213 2508 sonitu
1225 2481 1358 2516 equitum,
1374 2485 1402 2509 et
1413 2485 1545 2515 rotarum,
1559 2484 1587 2508 et
1602 2487 1743 2513 curruum,
1758 2486 1852 2507 move—

1129 2515 1230 2543 buntur
1246 2515 1314 2544 inuri
1328 2517 1378 2550 tui,

1056 2553 1060 2556 '
1093 2551 1157 2579 dum
1173 2552 1311 2587 ingressus
1324 2549 1405 2580 fuerit
1418 2556 1510 2587 portas
1522 2556 1584 2580 tuas
1598 2550 1677 2587 quasi
1691 2558 1742 2586 per
1756 2549 1854 2579 introi-

1130 2592 1185 2624 tum
1201 2588 1276 2616 urbis
1290 2587 1440 2624 dissipatae.

1056 2622 1172 2659 Ungulis
1184 2630 1317 2659 equorum
1332 2622 1443 2651 su'orum
1459 2622 1631 2652 conculcabit
1644 2630 1739 2651 omnes
1745 2622 1851 2659 plateas

1127 2663 1188 2686 tuas
1200 2667 1208 2686 ζ

1091 2694 1222 2729 populum
1236 2699 1309 2722 tuum
1326 2694 1417 2730 gladio
1428 2695 1527 2728 caedet,

1055 2760 1057 2762 _
1093 2734 1121 2758 et
1134 2734 1230 2758 statua:
1245 2734 1298 2759 tuae
1311 2731 1415 2759 nobiles
1427 2731 1455 2759 in
1469 2736 1569 2759 terram
1584 2734 1723 2760 corruerit.

1043 2836 1201 2904 ggnantes
1215 2832 1310 2862 urbem
1326 2834 1411 2864 tutius
1426 2834 1458 2863 ad
1473 2841 1565 2864 muros
1584 2832 1783 2900 suavertendos
1796 2840 1848 2870 pu-

1103 2877 1119 2896 n
1136 2888 1142 2897 .
1293 2892 1326 2904 μ
1640 2878 1704 2899 Itur.

1103 2877 1142 2897 nl.
1294 2892 1298 2899 ι
1614 2877 1704 2899 MART.

1293 2892 1326 2908 ιιι
