4108 6360
291 221 398 286 9.79

364 344 422 414 et
450 332 639 414 insula;
669 331 872 404 multm,
906 331 1200 414 negotiatio
1231 344 1424 396 manus
1465 339 1590 414 tute.
1766 411 1773 414 _
1819 403 1830 414 .

363 407 556 466 dentes
583 406 854 462 eburneos
897 412 955 461 et
979 404 1278 466 hebeninos
1307 409 1782 466 commutaverunt
1819 404 1873 467 in

483 477 619 532 retio
644 487 756 531 tuo.

299 494 800 621 Syrugrt‘itlagiiiiittor
831 556 953 602 tuus
977 553 1199 617 propter
1227 543 1626 612 multitudinem
1659 560 1884 616 operum

446 630 685 684 tuorum,

367 707 638 767 gemmam
671 690 780 767 [ᾼΙ.
805 687 1056 767 guttam],
1081 697 1135 743 et
1163 701 1476 758 purpuram.
1510 696 1564 767 et
1584 688 1883 767 scuto-lata,

372 756 428 819 Et
478 756 732 834 byssntn',
783 756 836 823 et
864 756 1130 834 sericum,
1163 756 1235 813 'et
1277 774 1497 814 coccum
1551 756 1636 829 [1].
1688 767 1716 796 α
1746 760 1887 816 cbad

447 829 613 904 chde
643 829 1121 904 proposueruutin
1149 840 1393 904 mercatu
1423 838 1536 904 tuo.

300 903 438 962 Juda
461 916 520 978 et
549 899 690 964 terra
715 899 880 978 lsrael
909 903 1012 974 ipsi
1040 901 1325 972 institores
1380 900 1457 964 tui
1505 899 1559 956 in
1613 899 1889 968 frumento

480 989 616 1030 rimo

374 993 698 1109 baisrriiiiiiin,
727 1051 783 1100 et
812 1044 943 1116 mel,
965 1053 1030 1110 et
1057 1044 1262 1113 oleum,
1305 1050 1363 1108 et
1397 1041 1640 1110 resinam
1680 1059 1891 1116 propo-

443 1126 667 1171 suerunt
695 1117 747 1171 in
781 1115 1035 1170 nundinis
1065 1116 1187 1170 luis.

301 1188 666 1243 Damasceuus
692 1189 994 1258 negotiator
1024 1196 1144 1240 tuus

375 1260 430 1316 in
463 1255 799 1313 tnultituditfe
832 1273 1056 1329 operum
1109 1266 1370 1322 tuorum,
1433 1256 1484 1313 in
1537 1255 1891 1327 multitudine

447 1329 553 1402 [ΑΙ.
587 1329 765 1402 copia]
795 1330 1130 1402 diversarum
1165 1344 1348 1402 opum,

375 1401 426 1454 in
448 1399 578 1454 Vino
602 1399 780 1470 pingui
802 1443 816 1466 ,
852 1401 902 1453 in
929 1399 1292 1470 ianisicoluris
1320 1399 1530 1470 optimi.

301 1471 513 1542 Dan,et
539 1469 770 1535 Graecia,
801 1482 856 1530 et
877 1471 1038 1528 Meael
1073 1469 1149 1540 [Ιι.
1183 1469 1401 1542 tiluzal],

372 1545 428 1599 in
462 1542 718 1598 nundinis
737 1543 841 1596 tuis
863 1558 961 1608 pro
970 1541 1484 1612 posneruntt'errum
1502 1541 1858 1602 fabrefactum
1877 1562 1888 1598 :

374 1624 547 1670 stacte
575 1623 628 1668 et
649 1614 889 1669 calamus
917 1613 969 1667 in
1003 1613 1366 1684 negotiatione
1391 1623 1500 1670 tua.

300 1682 488 1742 Dedau
514 1684 794 1748 institores
818 1684 893 1740 tui

377 1758 428 1810 in
461 1756 736 1826 tapetibus
759 1755 824 1809 ad
857 1753 1182 1810 sedendum.

1309 219 1369 278 s.
1409 186 1790 281 animum
1825 217 2055 280 omna
2093 217 2575 277 BIBLIOTHECA.

1899 331 1953 392 Α

3483 216 3588 276 980

2119 345 2281 386 SUDBI‘
2308 341 2358 385 te
2389 349 2402 386 2

2059 345 2637 458 ads‘tltiiii‘ltltfndedueta
2669 418 2747 467 es,
2781 410 2835 460 et
2862 415 2967 460 non
2995 401 3104 460 eris
3121 400 3236 474 [ΑΙ.
3258 401 3386 462 add.
3419 401 3580 476 ultra]

2136 489 2304 542 usque
2328 475 2380 526 in
2415 486 2758 543 perpetuum.

1993 543 2143 616 [Cap.
2175 544 2440 618 XXVlll.J
2458 548 2521 601 Et
2547 550 2717 604 tactus
2738 553 2822 603 est
2838 560 3021 604 sermo
3045 544 3264 606 Domini
3278 544 3346 601 ad
3363 560 3472 613 me,
3497 545 3556 606 sli

2136 631 2289 670 CCIISZ

1991 685 2089 741 Fili
2125 687 2358 742 hominis
2373 727 2388 752 ,

2061 757 2149 821 dic
2178 759 2402 826 principi
2433 758 2558 828 Tyri
2589 777 2603 814 :

1991 827 2118 883 Hzec
2144 832 2274 883 dicit
2302 827 2556 884 Dominus
2593 832 2733 886 Deus
2765 847 2780 883 :

1992 899 2069 954 Eo
2097 901 2238 970 quod
2262 901 2528 960 eleratum
2558 912 2642 956 est
2665 918 2760 958 cor
2783 911 2959 966 tuum,
2992 911 3046 956 et
3069 900 3255 958 dixisti
3288 918 3304 956 :

2063 970 2204 1053 Deus
2236 987 2505 1053 cgo_snm,
2535 983 2589 1053 et
2613 975 2665 1028 in
2693 974 2950 1028 cathedra
2978 973 3074 1028 Det
3101 972 3264 1028 sedeo
3294 971 3402 1045 [Αι.
3431 971 3580 1046 sedi]

2133 1043 2185 1097 in
2225 1043 2390 1098 corde
2421 1044 2586 1102 maris
2611 1063 2623 1097 :

1996 1109 2129 1166 Cum
2162 1114 2235 1168 sis
2270 1115 2452 1184 homo,
2485 1124 2540 1171 et
2559 1131 2664 1170 non
2701 1117 2839 1171 Deus
2873 1132 2886 1168 :

2064 1196 2122 1237 et
2148 1184 2340 1238 dedisti
2374 1201 2468 1240 cor
2498 1195 2647 1241 tuum
2680 1187 2829 1255 quasi
2865 1201 2961 1242 cor
2983 1185 3086 1243 Dei
3112 1203 3127 1247 ;

1995 1252 2139 1310 Ecce
2167 1255 2469 1325 sapientior
2489 1273 2556 1313 es
2591 1269 2644 1310 tu
2676 1252 2895 1312 Daniele
2929 1273 2944 1312 :

2065 1342 2227 1381 omne
2251 1337 2519 1382 secretum
2551 1347 2654 1382 non
2687 1327 3173 1388 estabsconditum
3204 1344 3233 1384 a
3259 1337 3336 1382 te.

1996 1396 2052 1452 in
2075 1398 2336 1467 sapientia
2367 1408 2422 1452 et
2454 1401 2735 1467 prudentia
2762 1410 2852 1455 tua
2873 1400 3042 1453 fecisu
3071 1401 3162 1453 tibi
3187 1398 3584 1466 fortitudinem,

2067 1480 2118 1522 et
2149 1470 2424 1542 aequisisti
2455 1487 2644 1524 aurum
2676 1482 2729 1526 et
2758 1481 3044 1542 argentum
3069 1472 3123 1525 in
3155 1472 3427 1542 thesauris
3463 1472 3590 1524 tuis.

1996 1538 2054 1592 In
2086 1540 2435 1613 multitudine
2458 1542 2738 1611 sapientiae
2760 1538 2863 1596 tit-Cr
2893 1583 2906 1604 ,
2935 1550 2990 1597 et
3017 1545 3068 1596 in
3101 1541 3472 1613 negotiatione
3497 1553 3592 1598 tua

2139 1612 2506 1682 niultiplicasti
2539 1613 2631 1666 tibi
2661 1614 3032 1668 fortitudinem
3069 1631 3080 1664 :

2070 1689 2125 1735 et
2153 1683 2420 1738 elevatunt
2445 1693 2530 1738 est
2557 1700 2651 1738 cor
2684 1697 2830 1738 tuum
2857 1688 2908 1738 in
2942 1684 3138 1738 robore
3169 1693 3284 1739 tuo.

1922 1728 1971 1790 Β
1998 1728 2434 1826 eimagis}:
2446 1728 3050 1810 ἶῖίὶῆνοιὶὶἱῖἰῖἰίιζόειιε
3081 1728 3348 1826 [Adiacet
3371 1752 3540 1825 Deus]
3571 1771 3584 1808 :

302 1824 528 1898 Arabia,
552 1839 602 1882 et
633 1826 872 1882 universi
915 1827 1184 1896 principes
1209 1825 1405 1894 Cedar,
1437 1826 1540 1897 ipsi
1593 1829 1894 1900 negotiato-
1999 1824 2080 1900 Eo
2098 1825 2242 1900 quod
2269 1827 2538 1881 elevatutn
2569 1837 2766 1900 estcor
2795 1835 2942 1881 tuum
2972 1824 3121 1896 quasi
3155 1826 3369 1900 coerei
3403 1845 3418 1880 :

445 1915 532 1952 res
561 1913 753 1953 manus
783 1909 885 1952 illi}:
917 1912 932 1951 ζ

375 1984 495 2035 cum
533 1971 705 2038 agnis,
737 1978 792 2024 et
819 1968 1100 2033 arietibus,
1131 1980 1186 2023 et
1209 1967 1378 2024 litedis
1433 1982 1698 2032 reuerttnt
1739 1971 1806 2028 ad
1838 1981 1895 2032 te

443 2040 805 2109 negotiatores
835 2041 930 2094 lui.

305 2108 631 2167 Venditores
662 2112 822 2186 Saba,
850 2120 906 2166 et
934 2108 1133 2172 Reema
1158 2109 1236 2182 [ιι.
1262 2109 1506 2181 [lamna],
1526 2113 1625 2182 ipsi
1647 2115 1893 2186 negotia-

449 2193 595 2237 tores
631 2185 700 2252 ttti
742 2200 754 2236 :

2070 1896 2270 1968 ideirco
2291 1911 2418 1952 ecce
2447 1913 2548 1968 ego
2574 1897 2839 1952 adducam
2883 1913 3049 1968 super
3094 1907 3150 1952 te
3193 1897 3446 1962 alienos,
3497 1911 3585 1956 ro-

2137 1966 2742 2036 bustissitnos'gentium
2775 1987 2787 2022 :

2071 2044 2126 2091 et
2157 2039 2432 2118 nudabunt
2453 2029 2662 2109 gladios
2684 2057 2812 2096 suos
2835 2053 3003 2110 super
3024 2037 3597 2112 pulchritudinomsa-

2141 2111 2360 2177 pientize
2393 2123 2496 2167 tua:
2521 2152 2536 2174 ,

2069 2187 2124 2232 et
2155 2181 2400 2244 polluent
2429 2186 2680 2238 decorem
2712 2192 2886 2238 tuum.

373 2267 494 2327 cum
528 2249 800 2327 universis
830 2253 1015 2327 primis
1034 2253 1380 2327 aromatibns
1409 2297 1422 2320 ,
1461 2261 1516 2306 et
1545 2254 1724 2320 lapide
1769 2272 1898 2324 pre-
1997 2247 2328 2327 lnterlieient
2359 2263 2411 2307 et
2441 2253 2725 2308 detralient
2749 2251 3126 2327 [ALtradenl]
3158 2264 3210 2308 te
3241 2269 3254 2306 :

447 2324 586 2381 tioso
607 2324 711 2397 [ΑΙ.
737 2321 1184 2398 pretiosissimn],
1214 2334 1269 2378 et
1303 2339 1438 2388 auro
1465 2364 1479 2389 ,
1521 2328 1663 2395 quod
1695 2321 1894 2398 propo-

444 2406 671 2451 sueruut
697 2398 748 2450 in
785 2406 1024 2450 mercatu
1054 2409 1171 2450 tuo.

301 2465 505 2532 Ilaran,
539 2475 593 2522 et
613 2467 858 2534 Chenne,
884 2476 939 2520 et
968 2465 1140 2531 Eden,
1167 2466 1532 2534 negotiatores
1561 2469 1636 2522 tui
1663 2486 1674 2521 :

301 2537 466 2602 Saba,
495 2542 685 2604 Assur,
710 2549 763 2593 et
791 2537 1072 2604 Cbelmad,
1108 2540 1414 2591 venditores
1449 2539 1545 2592 tui.

293 2606 401 2679 Ipsi
434 2612 793 2680 negotiatores
825 2610 899 2664 tui
1004 2679 1009 2680 ί
1077 2633 1106 2680 _'

371 2677 719 2734 multifariam
749 2679 1047 2735 involucris
1075 2677 1376 2750 hyacinthi,
1397 2688 1452 2734 et
1478 2681 1887 2752 polymitornm,

440 2765 803 2822 gazarutnque
861 2752 1278 2822 pretiosarum,
1331 2767 1450 2820 qua:
1505 2753 1776 2820 obvoluta:
1836 2766 1892 2814 et

445 2821 681 2877 astricta:
702 2821 1087 2877 erant'funibus
1118 2837 1131 2872 :

372 2894 568 2947 cedros
599 2909 817 2974 quoque
841 2892 1172 2974 habebantin
1207 2892 1660 2974 negotiationibus
1689 2895 1815 2952 tuis.

299 2961 474 3018 Naves
507 2961 690 3032 maris,
717 2961 998 3034 principes
1029 2966 1100 3016 lui
1133 2965 1184 3017 in
1210 2963 1575 3034 negotiatione
1607 2977 1695 3025 tua
1729 2983 1744 3022 :

371 3042 429 3088 et
458 3035 665 3106 repleta
691 3050 772 3102 es,
799 3043 858 3102 et
883 3035 1180 3103 glorificata
1208 3034 1369 3106 nimis
1395 3035 1446 3088 iu
1468 3038 1634 3092 corde
1659 3038 1848 3106 maris.

300 3103 360 3159 ln
387 3107 541 3174 aquis
562 3105 743 3161 multis
768 3110 1110 3160 adduxerunt
1140 3114 1190 3160 te
1217 3105 1446 3174 remiges
1474 3108 1546 3160 tui
1577 3122 1592 3161 ;

373 3187 569 3230 ventus
594 3187 777 3231 auster
803 3177 1060 3231 contrivit
1088 3184 1142 3232 te
1171 3176 1223 3230 in
1248 3179 1415 3234 corde
1451 3179 1636 3236 maris.

300 3244 514 3302 Divitiis
545 3256 672 3315 tute,
695 3260 752 3303 et
781 3247 1018 3306 thesauri
1043 3251 1142 3315 tui,
1167 3259 1220 3306 et
1244 3248 1524 3320 multiplex
1557 3252 1888 3322 instrumen-

444 3327 554 3372 tum
591 3330 770 3385 tuum;

294 3400 307 3458 ί
367 3397 545 3464 nauta:
571 3391 666 3456 tui,
695 3391 1088 3464 gubernatores
1107 3391 1202 3459 tui,
1221 3388 1314 3460 qui
1341 3389 1593 3446 tenebant
1614 3394 1888 3464 supellec-

425 3461 572 3524 tilem
605 3469 769 3524 tuam,
799 3472 850 3515 et
881 3461 1078 3531 populo
1102 3470 1191 3516 tuo
1225 3475 1489 3530 prmerant
1516 3481 1528 3515 :

367 3529 474 3585 viri
495 3548 709 3603 quoque
737 3529 1026 3592 bellaiores
1049 3533 1153 3600 tui,
1188 3529 1275 3604 qui
1300 3543 1452 3594 erant
1479 3536 1530 3596 in
1562 3544 1613 3590 te
1643 3580 1657 3603 ,

367 3615 490 3678 eum
511 3606 757 3678 universa
779 3604 1120 3678 multitudine
1136 3607 1248 3678 tua,
1268 3617 1388 3678 quin
1411 3616 1494 3658 est
1513 3606 1565 3658 in
1583 3607 1765 3663 medio
1788 3610 1884 3678 tui,

364 3675 562 3729 cadent
591 3675 642 3728 in
675 3675 839 3728 corde
866 3677 1028 3729 maris
1059 3677 1110 3728 in
1141 3675 1228 3732 die
1257 3676 1426 3730 ruinae
1452 3687 1574 3730 tuar.

294 3741 542 3799 Asonitu
571 3744 826 3799 clamoris
866 3747 1286 3814 gubernatorum
1335 3755 1550 3801 tuorum
1597 3751 1889 3808 conturba-

439 3817 638 3869 buntur
659 3814 865 3870 classes
893 3833 905 3868 :

293 3882 365 3939 Et
385 3885 720 3946 descendent
749 3887 802 3939 in
826 3888 1052 3942 navibus
1073 3889 1188 3943 suis
1244 3904 1434 3945 omnes
1482 3892 1572 3970 qui
1629 3893 1888 3956 tenebant

431 3971 644 4010 remum
681 3973 693 4010 2

292 4024 482 4152 Nam:
509 4038 567 4152 ei
586 4027 827 4084 universi
853 4027 1249 4099 gubernatores
1280 4032 1448 4098 maris
1478 4033 1529 4086 in
1573 4042 1715 4090 terra
1775 4045 1886 4100 sta-

471 4116 537 4152 ιιη
592 4115 608 4152 ε

471 4107 567 4154 unt
592 4115 608 4153 :

359 4180 411 4225 et
443 4170 727 4239 ejulabunt
754 4186 918 4242 sutper
949 4181 1007 4229 te
1035 4188 1178 4229 voce
1211 4189 1439 4246 magna,
1482 4184 1538 4231 et
1573 4179 1886 4240 clamabunt

431 4257 634 4297 amare.

360 4319 415 4368 et
434 4313 800 4384 superjacient
825 4315 1103 4385 pulverem
1130 4318 1410 4389 capitibus
1429 4321 1573 4391 suis,
1607 4332 1664 4379 et
1699 4327 1884 4384 cinere

430 4397 878 4455 censpergentur.

285 4453 358 4520 Et
379 4453 580 4531 radeut’
599 4453 765 4531 super
802 4468 856 4518 te
883 4456 1186 4531 calvitium,
1211 4469 1269 4516 et
1288 4461 1639 4531 aecingentur
1666 4468 1877 4524 ciliciis.

355 4539 413 4585 et
465 4528 749 4608 plorabant
800 4538 852 4586 te
915 4529 972 4585 in
1011 4533 1377 4599 amaritudine
1419 4528 1615 4592 animae
1665 4539 1880 4608 ploratu

425 4611 668 4654 εηιει-ιδδι
675 4614 784 4656 mo.

279 4665 349 4750 ξι
373 4681 845 4750 assutneutsuper
854 4681 914 4729 te
931 4687 1151 4750 carmen
1167 4673 1420 4746 lugubre,
1439 4677 1776 4750 etplangem
1791 4692 1841 4735 te
1861 4701 1874 4736 :

277 4740 409 4820 Quae
434 4748 518 4820 est
540 4749 599 4820 ut
621 4740 817 4814 Tyrus,
843 4760 966 4820 qua:
993 4740 1265 4806 obmutuit
1289 4750 1344 4800 in
1389 4740 1569 4803 medio
1598 4740 1803 4805 maris?

277 4811 408 4886 Qua:
429 4811 484 4864 in
503 4813 651 4892 exitu
666 4811 1105 4892 negotiationutu
1137 4825 1351 4874 tuarum
1378 4821 1446 4874 de
1477 4821 1612 4874 mari
1638 4822 1870 4892 implesti

421 4885 652 4951 populos
678 4889 878 4946 multos
911 4903 927 4944 :

345 4951 794 5034 in‘muititudiue
828 4957 1136 5034 divitiarum
1183 4969 1395 5034 tuarum
1443 4972 1505 5034 et
1547 4964 1864 5034 populorum

417 5031 654 5106 tuorum,
680 5027 860 5086 (litasti
891 5045 1046 5106 reges
1073 5039 1235 5088 terra:
1258 5031 1364 5106 [AL
1396 5027 1641 5106 multos]:

270 5092 428 5167 Nunc
454 5097 689 5152 contrita
713 5114 773 5162 es
791 5115 825 5154 a
851 5092 1018 5167 mari;

343 5166 399 5222 in
424 5167 704 5244 profundis
733 5166 1155 5244 aguarutnopes
1176 5183 1283 5230 tua:
1301 5213 1319 5239 ,

345 5247 402 5294 et
431 5239 609 5298 omnis
633 5241 928 5305 multitudo
954 5239 1074 5310 tua;
1093 5261 1216 5317 qua:
1251 5255 1377 5303 erat
1429 5247 1482 5302 in
1522 5248 1703 5306 medio
1735 5251 1810 5306 tui
1845 5291 1860 5319 ,

409 5311 746 5365 ceciderunt.

409 5321 698 5372 ceciderunt
707 5321 746 5368 ι.

267 5378 516 5467 Universi
529 5382 708 5438 habita
715 5393 862 5444 tores
871 5385 1585 5463 insularumohstopuerunt
1597 5409 1764 5467 super
1777 5403 1829 5453 te
1844 5413 1859 5450 :

323 5463 386 5510 et
406 5467 566 5525 reges
593 5468 780 5512 earum
815 5470 1006 5515 omnes
1041 5470 1368 5533 tempestate
1409 5466 1641 5534 perculsi
1661 5463 1859 5523 'muta-

400 5534 598 5582 nerunt
621 5525 820 5584 vultus.

400 5534 598 5582 ﬂerunt
621 5534 820 5582 vultus.

254 5593 628 5666 Negotiatores
654 5599 974 5669 populorum
1007 5601 1028 5675 [
1054 5603 1142 5658 ΔΙ.
1173 5605 1457 5679 gentium]
1493 5607 1853 5672 sibilaveront

2068 2330 2124 2375 et
2150 2325 2405 2382 morieris
2439 2327 2488 2378 in
2522 2323 3075 2382 interitn'occisorum
3110 2323 3170 2377 in
3199 2323 3368 2378 corde
3401 2323 3592 2380 maris.

1995 2388 2266 2462 Numquid
2300 2394 2487 2450 dicens
2523 2397 2761 2465 loqueris
2794 2414 2806 2450 :
2853 2397 2994 2450 Deus
3020 2411 3121 2466 ego
3179 2409 3303 2450 sum
3361 2411 3378 2448 :

2068 2478 2252 2518 coram
2296 2468 2752 2522 interiieieutibus
2791 2479 2842 2521 te
2874 2484 2889 2523 :

2065 2549 2186 2608 cum
2213 2537 2288 2590 sis
2319 2537 2502 2604 homo,
2528 2548 2582 2594 et
2613 2554 2719 2593 non
2751 2539 2926 2608 Deus,

2067 2605 2120 2658 iit
2147 2621 2306 2662 manu
2337 2608 2690 2664 occidentium
2718 2611 2804 2664 te?
2910 2605 2919 2608 ⁷
3089 2662 3095 2668 .

1999 2674 2172 2730 Morte
2195 2679 2697 2744 incircmncisorum
2725 2680 2977 2736 morieris
2996 2679 3050 2734 in
3063 2695 3224 2736 manu
3249 2681 3550 2748 alienorum
3577 2697 3592 2734 :

2071 2749 2194 2820 quia
2227 2765 2328 2820 ego
2356 2751 2569 2808 locutus
2599 2769 2748 2818 sum,
2779 2752 2853 2807 ait
2883 2752 3140 2808 υωωυυϋ
3173 2753 3336 2808 Deus.

1997 2817 2381 2893 Etl'aCtusfest
2408 2839 2588 2879 sermo
2607 2821 2816 2878 Domini
2845 2823 2911 2876 ad
2941 2838 3050 2893 me,
3073 2823 3260 2880 dicens
3288 2842 3303 2879 ;

2002 2887 2101 2943 Fili
2137 2889 2369 2946 hominis
2395 2934 2411 2958 ,

2075 2960 2196 3085 leva:j
2204 2963 2481 3046 planctum
2512 2979 2676 3035 super
2704 2980 2885 3036 regem
2918 2965 3046 3038 Tyri
3074 2982 3091 3022 ε

2075 3043 2124 3085 et
2203 3049 2311 3085 tces
2335 3051 2382 3085 et
2419 3054 2432 3085 :

2069 3043 2124 3086 et
2165 3037 2311 3088 dices
2335 3037 2382 3089 ei
2419 3054 2432 3090 ε

1909 3119 1961 3182 C
1993 3100 2282 3182 [la-edicit
2305 3106 2563 3182 Dominus
2592 3108 2738 3182 Deus
2767 3127 2779 3162 :

1993 3171 2074 3227 Tu
2097 3174 2432 3240 signaculum
2462 3179 2862 3245 similitudinis,

2065 3245 2262 3328 plenus
2279 3248 2658 3328 sapientia,__et_
2683 3252 2966 3328 perlectus
2983 3250 3183 3308 detore
3213 3293 3228 3319 ,

2065 3317 2120 3371 in
2160 3317 2375 3392 deliciis
2421 3321 2660 3392 paradisi
2683 3317 2794 3378 'Dei
2823 3323 2967 3378 fuisti
3003 3337 3017 3376 :

2065 3389 2242 3442 omnis
2274 3389 2438 3460 lapis'
2462 3394 2728 3460 pretiosus
2779 3397 3178 3456 oiieritnentum
3232 3402 3382 3448 tuum
3414 3411 3426 3444 ε

2063 3459 2300 3536 sardius,
2331 3459 2594 3536 iopaZios,
2617 3477 2673 3521 et
2697 3465 2891 3536 jaspis,
2913 3463 3304 3536 chrysolithos,
3335 3481 3506 3536 onyx.
3535 3474 3589 3520 ct

2101 3530 2361 3602 beryllus,
2377 3530 2431 3586 sa
2442 3535 2684 3608 ppliirus,
2699 3530 2756 3592 et
2768 3530 3152 3606 carbunculus,
3167 3530 3550 3608 etsmaragdue
3573 3553 3585 3590 ;

2063 3615 2254 3672 aurum
2282 3619 2419 3672 opus
2443 3605 2656 3661 decoris
2685 3608 2757 3661 tui
2787 3625 2800 3661 :

1990 3676 2004 3740 ξ
2060 3679 2118 3734 et
2145 3670 2411 3736 foramina
2436 3685 2524 3732 tua
2551 3679 2604 3734 in
2627 3677 2737 3746 die,
2762 3693 2868 3750 qua
2899 3679 3148 3736 conditus
3174 3695 3254 3748 es,
3287 3687 3584 3750 praeparata

1989 3811 2069 3868 Tu
2099 3813 2304 3872 cherub
2332 3826 2620 3889 extentus,
2654 3829 2707 3875 et
2737 3829 3051 3890 protegens,

2059 3895 2114 3940 et
2140 3890 2294 3956 posui
2326 3902 2376 3945 te
2400 3891 2451 3944 in
2476 3902 2655 3944 monte
2677 3904 2862 3947 sancto
2894 3894 3010 3956 Dei,

2060 3956 2119 4032 in
2145 3958 2326 4014 tnediu
2355 3961 2590 4031 lapidum
2618 3962 2915 4032 ignitorum
2957 3962 3267 4018 ambulasti.

1988 4027 2270 4103 Perfectus
2293 4033 2345 4087 in
2369 4027 2475 4088 viis
2507 4037 2610 4086 tuis
2644 4027 2680 4088 ᾖ
2713 4034 2802 4089 die
2845 4035 3174 4090 conditionis
3214 4045 3316 4089 tua:
3350 4077 3364 4103 ,

2060 4099 2235 4174 donec
2265 4104 2478 4159 inventa
2501 4114 2584 4158 est
2605 4105 2863 4174 iniquitas
2894 4108 2944 4160 in
2976 4114 3048 4160 te.

1990 4169 2049 4226 In
2075 4172 2425 4248 multitudine
2450 4169 2830 4248 negotiationis
2855 4185 2958 4232 tua:
2973 4177 3178 4248 repleta
3203 4185 3331 4232 sunt
3353 4177 3581 4232 interio-

2137 4259 2192 4316 ra
2218 4254 2305 4298 tua
2332 4247 2633 4315 iniquitate,
2663 4256 2718 4301 et
2749 4249 2983 4316 peccasti
3019 4269 3034 4302 :

2060 4323 2114 4369 et
2145 4315 2278 4386 ejeci
2312 4327 2365 4372 te
2397 4319 2461 4371 de
2492 4326 2678 4373 monte
2706 4315 2822 4386 Dei,
2858 4330 2908 4373 et
2944 4318 3150 4388 perdidi
3185 4327 3266 4385 te,
3299 4334 3333 4375 ο
3364 4320 3572 4376 cherub

2131 4396 2441 4459 protegens,
2475 4389 2543 4444 de
2569 4390 2747 4445 medio
2779 4391 3013 4460 lapidum
3046 4391 3362 4460 ignilorum.

1989 4454 2054 4510 Et
2085 4454 2356 4514 elévatuiu
2387 4454 2467 4514 est
2493 4475 2588 4515 eor
2613 4471 2758 4516 tuum
2789 4454 2846 4514 in
2875 4454 3191 4516 decore'tuo
3225 4480 3238 4516 :

1911 4503 1958 4564 Ι)
1985 4503 3238 4605 FéritiitiinsiliaSigni'iBSiIi'iifiteé'diéiiid
3255 4533 3363 4605 [Αι.
3379 4531 3434 4588 in
3453 4533 3576 4605 pul-

2053 4669 2066 4682 ο
2126 4600 2430 4657 cbritudine
2453 4603 2586 4682 tua],

2053 4673 2106 4723 in
2139 4681 2336 4727 terram
2361 4673 2561 4744 proieci
2589 4683 2640 4730 te
2673 4689 2688 4729 :

2050 4752 2173 4816 ante
2198 4744 2387 4799 faciem
2415 4761 2598 4816 regum
2624 4746 2748 4802 dedi
2779 4755 2848 4810 te,
2873 4754 2932 4802 ut
2961 4757 3250 4803 cernerent
3280 4756 3352 4803 te.

1976 4808 2034 4865 In
2060 4814 2408 4890 multitudine
2440 4808 2780 4888 iniquitatum
2813 4808 3029 4875 tuarum
3073 4831 3132 4875 et
3168 4819 3447 4890 iniquitate
3475 4835 3571 4876 ne-

2114 4886 2422 4956 getiationis
2447 4886 2550 4942 tuae
2571 4931 2585 4953 ,

2047 4955 2285 5023 polluisti
2307 4959 2790 5015 sanetilicationem
2817 4974 2961 5015 tuam
2987 4979 3001 5015 :

1973 5025 2434 5104 Producatn_ergo
2450 5031 2634 5102 ignem
2664 5033 2731 5088 de
2747 5032 2932 5096 taedio
2966 5034 3063 5101 tui,
3091 5050 3181 5104 qui
3205 5033 3458 5090 comedat
3489 5044 3560 5102 te,

2039 5108 2100 5154 et
2127 5099 2682 5176 daboiein_eitieretii
2715 5119 2879 5174 super
2923 5099 3123 5160 terr-ani
3167 5107 3225 5160 in
3266 5099 3563 5176 conspectu

2115 5173 2355 5226 omnium
2386 5173 2681 5230 videntium
2712 5173 2795 5232 te.
3244 5185 3251 5192 ‘

1969 5239 2192 5303 Omnes.
2226 5246 2316 5314 qui
2349 5244 2589 5301 viderint
2633 5256 2684 5302 te
2715 5248 2773 5301 in
2820 5246 3072 5317 gentibus
3097 5289 3114 5317 ,
3163 5247 3555 5320 obstupescent

2043 5325 2495 5460 niliiifgciﬁses,
2519 5396 2582 5444 et
2601 5403 2707 5444 non
2737 5389 2846 5446 eris
2877 5390 2941 5460 in
2959 5399 3303 5460 perpetuum.

2041 5456 2107 5529 Et
2125 5456 2299 5529 factus
2328 5466 2412 5514 est
2436 5473 2617 5516 sermo
2642 5459 2856 5516 Domini
2883 5456 3105 5529 ad'me,
3136 5463 3327 5520 dicens
3361 5481 3374 5518 :

1961 5524 2064 5583 Fili
2093 5527 2329 5584 hominis
2348 5572 2364 5597 ,

2032 5614 2172 5670 pone
2203 5599 2393 5657 faciem
2424 5609 2569 5658 tuam
2595 5611 2790 5658 contra
2819 5603 3079 5660 Sidonem
3109 5620 3122 5658 :

256 5715 258 5718 ’
323 5732 352 5763 ι
373 5723 592 5796 Aliquot
610 5741 744 5786 mss.
766 5727 969 5787 habent
997 5729 1052 5788 in
1077 5737 1338 5790 contextu
1388 5747 1546 5795 sacro
1592 5735 1838 5796 scholion
1885 5737 2029 5799 istud
2049 5739 2393 5815 marginata:
2424 5740 2558 5798 chod
2579 5740 2739 5799 cited.
2765 5741 2954 5800 MART-
