4050 6356
395 223 507 295 981

477 344 531 390 et
560 334 910 405 prophetabis
941 334 1008 391 de
1032 350 1118 402 ea,
1151 344 1206 392 et
1233 333 1383 395 dices
1412 354 1425 390 :

394 407 533 462 Hice
556 406 687 462 dicit
712 407 969 461 Dominus
992 408 1140 469 Deus
1175 426 1185 459 :

396 480 546 533 Ecce
574 494 673 548 ego
703 479 769 533 ad
796 487 867 543 te,
892 478 1084 534 Sidon.
1119 487 1171 537 et
1200 478 1547 548 gloriﬁcabor
1574 479 1627 534 in
1660 477 1842 534 medio
1874 477 1949 533 tui
1982 492 1996 532 :

476 558 535 605 et
559 551 733 621 scient
763 555 883 618 quia
912 565 1011 621 ego
1037 550 1297 606 Dominus
1325 591 1338 615 ,

480 636 603 675 cum
636 620 816 677 fecero
848 622 899 676 in
925 620 986 675 ea
1015 622 1239 691 judicia,
1265 633 1318 677 et
1346 620 1714 678 sanctificatus
1752 621 1908 678 furro
1946 621 2001 677 in

554 707 640 749 ea.

405 762 479 819 Et
508 763 796 846 immittam
828 763 877 818 ei
909 762 1270 841 pestilentiam
1308 775 1361 819 et
1387 763 1702 841 sanguinem
1731 764 1786 819 in
1812 763 2006 837 plateis

554 851 672 889 etus
696 852 707 886 ζ

483 914 539 962 et
554 852 821 987 gdisruent
845 904 1113 981 interfecti
1142 906 1196 960 in
1228 906 1409 973 medio
1436 906 1551 978 ejus
1578 905 1758 977 gladio
1779 920 1876 977 per
1896 905 2004 981 pip-

552 987 755 1033 cuti.qu
788 995 802 1033 :

482 1058 535 1103 et
564 1048 743 1103 scient
771 1048 891 1117 quia
920 1062 1021 1115 ego
1049 1047 1325 1109 Dominus.

408 1119 481 1176 Et
508 1121 750 1244 nonderit
780 1120 919 1177 ultra
950 1120 1135 1175 domui
1170 1119 1335 1177 Israel
1370 1117 1756 1177 oﬂ'endicnlum
1803 1119 2004 1193 amari-

552 1200 607 1244 tu
653 1205 754 1244 IIIIS
778 1235 793 1244 .

552 1192 754 1245 tudinis
778 1235 793 1258 ,

477 1272 532 1319 et
556 1263 712 1331 spina
738 1262 981 1335 dolorem
1012 1262 1251 1319 inferens
1280 1262 1519 1334 undique
1568 1276 1664 1335 per
1714 1260 2001 1325 circuitum

547 1348 754 1398 eorum,
790 1334 877 1401 qui
909 1336 1265 1387 adversantur
1298 1336 1414 1389 eis:

476 1412 533 1475 et
564 1406 739 1459 scient
766 1404 889 1474 quia
920 1404 1306 1473 ego,Dnminus
1339 1405 1502 1465 Deus.

406 1476 676 1531 Haectlicit
702 1476 962 1531 Dominus
993 1475 1169 1531 Deus:

404 1546 634 1616 Quando
674 1561 1078 1617 congregavero
1118 1547 1338 1615 domum
1371 1548 1533 1609 Israel
1558 1548 1626 1606 de
1670 1544 1907 1619 populis.
1946 1547 1999 1602 in

549 1619 745 1742 quibus
779 1619 1008 1689 dispersi
1040 1628 1197 1689 sunt,
1223 1620 1605 1681 sanctiﬁcabor
1631 1620 1684 1675 in
1708 1618 1789 1673 eis
1818 1632 2000 1689 coram

550 1700 692 1742 uenit
716 1705 799 1742 ως
834 1708 847 1742 :

550 1700 799 1759 gentibus
834 1708 847 1742 :

482 1762 885 1887 et;iabiltabtint
908 1762 960 1816 in
988 1769 1127 1817 terra
1156 1777 1286 1833 sua,
1317 1779 1479 1835 quam
1524 1762 1649 1821 dedi
1687 1776 1846 1819 servo
1875 1774 2002 1835 meo

584 1847 681 1887 aco
725 1871 738 1884 .

584 1847 738 1889 acor).

410 1902 482 1959 Et
505 1901 825 1959 habitabunt
848 1903 901 1958 in
928 1917 991 1956 ea
1020 1906 1195 1961 securi
1232 1924 1246 1960 :

481 1984 536 2031 et
556 1975 907 2048 Aa‘tliiicabunt
930 1973 1143 2048 domos,
1170 1987 1223 2034 et
1246 1975 1567 2048 plantabunt
1599 1978 1802 2041 vineas.
1826 1982 1886 2032 et
1900 1973 2002 2030 ha-

553 2046 800 2117 hitabuzit
829 2045 1185 2115 confidenter,

479 2116 609 2192 cum,
635 2117 815 2192 fecero
839 2118 1040 2192 julicia
1066 2118 1116 2171 in
1134 2121 1399 2192 omnibus
1423 2122 1512 2192 qui
1541 2119 1899 2175 adversantur
1925 2116 2005 2171 eis

518 2246 533 2261 ‘
554 2189 661 2260 [ΑΙ.
687 2198 820 2245 Iacet
840 2188 945 2261 eis]
970 2203 1069 2261 per
1095 2190 1401 2247 circuitum.

411 2260 480 2315 Et
509 2259 675 2315 scient
709 2261 834 2326 quia
866 2259 964 2325 ego
1000 2259 1260 2316 Dominus
1291 2263 1433 2317 Deus
1456 2276 1666 2316 eorum.

471 2330 618 2403 [Cap.
650 2330 870 2403 XXIX]
900 2331 954 2386 In
988 2347 1129 2385 anno
1153 2333 1360 2388 decimo
1390 2334 1440 2398 ⁸,
1472 2332 1525 2387 in
1558 2332 1767 2393 decimo
1793 2342 2001 2396 mense,

553 2404 837 2457 undecima
862 2404 950 2456 die
979 2406 1183 2458 mensis
1202 2445 1217 2468 ,

478 2472 676 2529 factum
702 2485 785 2529 est
815 2473 1041 2539 verbum
1064 2474 1280 2533 Domini
1309 2474 1375 2530 ad
1407 2490 1512 2540 me,
1546 2474 1738 2531 dicens
1769 2488 1783 2526 :

404 2542 509 2601 Fili
541 2546 776 2599 hominis
794 2588 808 2612 ,

480 2632 619 2684 pone
639 2615 830 2689 faciem
854 2628 995 2676 tuam
1018 2628 1205 2678 contra
1236 2620 1538 2673 Pharonem
1556 2630 1737 2689 regem
1762 2611 2002 2689 Egypti,

478 2698 531 2763 et
552 2688 906 2763 prOphetabis
930 2694 997 2753 dc
1020 2711 1108 2762 eo,
1143 2701 1196 2745 et
1224 2690 1464 2763 IEgypto
1496 2688 1750 2751 universa
1789 2706 1801 2740 :

478 2758 741 2828 Loquere,
775 2770 826 2814 et
853 2761 1006 2822 dices
1036 2782 1050 2821 :

417 2829 539 2884 Haec
567 2829 698 2885 dicit
727 2832 982 2892 Dominus
1003 2838 1148 2897 Deus
1179 2852 1193 2890 :

409 2901 563 2979 Ecce
583 2917 684 2979 ego
710 2901 794 2979 ad_
814 2916 885 2973 te,
915 2909 1146 2974 Pharao,
1176 2922 1270 2962 rex
1300 2904 1545 2977 Egypti,
1576 2901 1754 2979 draco
1765 2914 2002 2979 311513113;

475 2975 564 3039 qui
593 2973 758 3028 cubas
784 2975 834 3027 in
865 2979 1045 3035 medio
1067 2972 1347 3034 ﬂuminum
1379 2972 1623 3039 nierum,
1646 2982 1699 3027 et
1725 2972 1860 3028 dicis
1892 2988 1905 3027 :

475 3044 625 3098 Meus
648 3045 1055 3119 est.ﬂut'ius,‘et
1082 3066 1181 3119 ego
1206 3051 1301 3102 feci
1334 3046 1718 3116 metnetipsum
1744 3062 1759 3099 :

410 3115 484 3170 Et
507 3132 704 3183 ponam
736 3114 950 3174 frenum
979 3120 1033 3174 in
1064 3114 1302 3175 maxillis
1327 3119 1433 3174 tuis
1465 3136 1476 3171 :

1493 221 1700 279 LIBER
1732 219 2136 285 ELECHIEUS
2176 221 2588 281 PROPIIETA'}.

2029 338 2084 417 Α
2180 353 2277 408 1)Γο
2299 337 2573 423 iAl-_la€el
2597 338 2821 423 ,94⁵9160
2851 338 2993 411 quod
3015 337 3220 409 dixeris
3246 356 3257 393 :
3280 338 3505 405 Fluvios
3532 292 3693 420 ,metp

2028 3105 2077 3177 C-

3585 223 3693 285 933

2250 423 2369 476 est,
2388 419 2443 465 et
2471 427 2569 479 ego
2592 410 2693 465 feci
2720 426 2867 467 eum.

2103 480 2312 535 Idcirco
2341 497 2467 535 ecce
2496 497 2596 551 ego
2620 482 2685 536 ad
2714 493 2787 551 te,
2814 492 2867 539 et
2896 482 2963 551 ad
2988 482 3209 541 ﬂumina
3232 487 3323 541 tua
3351 498 3366 536 :

2176 552 2425 633 daboque
2454 550 2653 615 terram
2676 550 2969 625 Egyptiin
2999 552 3339 621 solitudines,
3362 552 3547 625 gladio
3575 553 3686 629 dis-

2246 636 2471 689 supatam
2490 666 2504 689 ,

2246 640 2287 677 SI
2333 644 2357 677 il
2389 644 2415 677 :1
2442 643 2453 677 I

2175 709 2204 748 a
2240 639 2386 749 tui)“:
2414 642 2643 767 glyi‘nes,
2673 710 2842 765 usque
2864 694 2927 768 ad
2958 694 3217 768 terminos
3244 694 3560 768 Ethiopize.
3656 737 3663 743 .

2104 763 2220 819 Non
2252 763 2597 831 pertraiisibit
2628 763 2870 836 eam‘pes
2903 764 3158 836 hominis,

2179 852 2351 907 neque
2375 852 2467 907 pes
2492 838 2719 905 jumenli
2741 837 3014 908 gradietur
3042 840 3092 891 in
3120 854 3180 899 ea
3210 856 3224 893 ε

2178 918 2361 963 etnon
2392 910 2719 965 habitabitur
2742 910 3095 978 quadraginta
3120 908 3296 963 annis.

2105 978 2364 1055 Daboque
2392 988 2590 1035 terram
2618 979 2836 1053 .Egypti
2856 980 3130 1047 desertam
3152 980 3205 1049 in
3233 980 3410 1055 medio
3430 989 3695 1038 terrarum

2250 1051 2608 1118 desertarum,

2178 1132 2237 1180 et
2257 1122 2502 1179 civitates
2534 1126 2648 1191 ejus
2678 1122 2733 1179 in
2764 1120 2942 1187 medio
2969 1121 3182 1191 urbium
3212 1123 3623 1188 subversarum,

2108 1193 2175 1257 Et
2199 1205 2359 1251 erunt
2384 1193 2642 1250 desolata:
2670 1194 3021 1263 quadraginta
3050 1190 3227 1261 antiis,

2176 1275 2232 1321 et
2253 1264 2559 1335 diSpergant
2592 1264 2879 1336 [Egyptios
2902 1264 2954 1318 in
2980 1264 3228 1321 nationes
3253 1306 3268 1332 ,
3298 1263 3569 1321 ventilabo
3601 1279 3697 1320 eos

2251 1336 2303 1390 in
2335 1344 2530 1391 terras.

2109 1406 2242 1473 Quia
2273 1406 2389 1461 haec
2418 1408 2549 1461 dicit
2578 1409 2838 1465 Dominus
2867 1408 3008 1463 Deus
3034 1424 3047 1460 :

2106 1478 2237 1535 Post
2264 1477 2423 1532 finem
2446 1480 2812 1551 quadraginta
2856 1478 3492 1551 annorumcongregabo
3529 1478 3625 1546 1E;
3634 1495 3698 1550 y-

2251 1562 2398 1617 pIutu
2425 1550 2490 1611 de
2510 1550 2750 1621 populis,
2786 1551 2837 1605 in
2862 1551 3055 1621 quibus
3088 1550 3318 1621 dispersi
3348 1557 3579 1615 Inerant,

2114 1620 2183 1675 Et
2212 1621 2463 1677 reducam
2493 1618 2864 1692 captivitatem
2896 1618 3139 1691 Egypti,

2176 1702 2232 1747 et
2254 1692 2537 1773 collocabo
2562 1690 2676 1773 eos
2724 1694 2777 1773 in_
2805 1703 2945 1747 terra
2978 1692 3239 1748 l'hatures
3271 1692 3347 1767 [ιι.
3384 1690 3699 1762 Phathroz],

2254 1763 2306 1816 in
2340 1772 2485 1816 terra
2516 1763 2811 1818 nativitatis
2842 1779 2990 1817 sum;

2179 1843 2232 1889 et
2252 1844 2411 1888 erunt
2444 1833 2517 1888 ibi
2547 1836 2598 1887 in
2628 1850 2848 1905 regnum
2880 1833 3119 1889 humile:

2102 1904 2252 1967 Inter
2283 1912 2476 1977 cgetera
2505 1922 2671 1977 regna
2700 1904 2805 1960 erit
2838 1906 3158 1971 humillima,

2179 1989 2360 2031 etnon
2392 1975 2692 2031 elevabitur
2721 1977 2861 2033 ultra
2895 1991 3058 2046 super
3088 1976 3357 2043 nationes,

2180 2056 2234 2102 et
2258 2048 2576 2113 imminuam
2606 2064 2701 2103 eos
2731 2064 2799 2102 ne
2831 2049 3097 2113 imperent
3127 2048 3399 2117 gentibus.

2108 2118 2291 2187 Neque
2318 2129 2476 2172 erunt
2509 2119 2643 2173 ultra
2677 2120 2859 2175 domui
2888 2118 3055 2173 I~rael
3086 2120 3136 2171 in
3163 2118 3514 2185 confidentia,

2179 2191 2438 2245 docentes
2480 2191 2863 2263 iniquitatem,
2923 2203 2981 2247 ut
3036 2190 3239 2261 fugiant
3299 2198 3354 2244 et
3402 2197 3701 2260 sequantur

2249 2276 2341 2315 €03
2372 2279 2386 2318 ζ

2179 2340 2231 2386 et
2262 2333 2435 2389 scient
2460 2333 2578 2401 quia
2610 2349 2711 2402 ego
2745 2333 3004 2395 Dominus
3026 2332 3192 2389 Deus.

2109 2402 2176 2457 Et
2198 2403 2395 2485 factum
2418 2414 2501 2460 est
2525 2406 2578 2459 in
2603 2404 2860 2485 vicesimo
2889 2415 2941 2461 et
2966 2404 3199 2473 septimo
3223 2418 3389 2469 anno,
3417 2404 3468 2458 in
3495 2403 3694 2475 primo,

2251 2490 2303 2528 tn
2335 2491 2438 2530 una
2473 2491 2695 2542 mensus,

2181 2546 2377 2599 factum
2404 2558 2487 2601 est
2520 2550 2739 2602 verbum
2768 2546 2981 2600 Domini
3013 2546 3078 2600 ad
3109 2561 3217 2613 me,
3250 2546 3436 2603 dicens
3465 2563 3478 2599 :

2108 2615 2210 2671 Fili
2243 2616 2497 2681 hominis,

2178 2688 2681 2762 Nabuchodonosor
2712 2705 2803 2743 rex
2830 2688 3121 2762 Babyfonis
3148 2688 3352 2762 servire
3384 2686 3510 2762 fecit
3537 2701 3699 2743 exer-

2249 2760 2417 2815 citum
2452 2775 2609 2815 suum
2636 2764 2899 2817 servitute
2931 2757 3124 2826 magna
3150 2759 3409 2823 adversus
3447 2757 3649 2829 Tyrum
3680 2777 3691 2809 :

2106 2828 2279 2886 Omne
2308 2841 2467 2901 caput
2496 2834 2869 2901 decalvatum,
2903 2844 2957 2888 et
2998 2824 3175 2886 omnis
3202 2832 3463 2897 humerus
3488 2824 3701 2899 depila-

2251 2911 2337 2958 tus
2361 2914 2445 2959 est
2471 2923 2481 2958 :

2179 2983 2233 3029 et
2256 2991 2462 3029 merces
2494 2991 2598 3029 non
2631 2974 2945 3031 estreddita
2970 2974 3042 3037 ei,

2183 3062 2358 3115 neque
2383 3048 2643 3102 exercitui
2671 3048 2790 3115 ejus
2811 3087 2827 3113 ,
2855 3047 2921 3101 de
2953 3046 3117 3116 Tyro,
3149 3060 3244 3116 pro
3262 3043 3563 3115 servitute,
3594 3057 3700 3116 qua

2252 3119 2476 3171 servivit
2502 3118 2638 3173 mihi
2664 3118 2921 3173 adversus
2952 3134 3092 3173 eam.

484 3172 541 3243 et
589 3172 1470 3261 agglutinabepisceswiiuminuin
1508 3198 1722 3245 tuorum
1772 3184 2005 3256 squamis

2121 3187 2406 3255 Propterea
2438 3191 2553 3243 hinc
2579 3172 2711 3244 dicit
2733 3172 2989 3261 Dominus
3010 3172 3153 3243 Deus
3179 3205 3189 3240 :

557 3259 663 3314 luis
697 3277 710 3312 :

416 3330 482 3385 Et
508 3330 787 3387 extraham
813 3341 865 3389 te
892 3333 960 3390 de
987 3334 1169 3391 medio
1192 3333 1470 3391 ﬂuminum
1504 3341 1719 3387 tuorum
1745 3370 1762 3395 ,

488 3411 541 3454 et
575 3402 815 3458 universi
842 3407 1014 3473 pisces
1044 3407 1115 3461 tui
1144 3404 1385 3473 squamis
1416 3405 1521 3458 tuis
1554 3399 1936 3473 adlltarrebu‘nt.

412 3472 481 3527 Ει
502 3473 786 3555 Projiciagn
818 3468 869 3531 le
891 3478 941 3539 in
976 3468 1273 3546 desertum,
1307 3485 1363 3533 et
1394 3490 1585 3545 omnes
1604 3471 1786 3549 pisces
1821 3468 2006 3533 ﬂumi-

554 3559 637 3597 nts
670 3554 783 3599 tui:

476 3630 644 3681 super
677 3616 864 3674 faciem
898 3628 1057 3677 terra?
1075 3621 1238 3679 cades
1262 3661 1278 3687 ,

481 3701 587 3761 non
619 3688 913 3758 colligeris,
946 3708 1123 3749 neuue
1149 3687 1569 3761 congregaheris
1597 3704 1612 3741 :

412 3757 608 3832 Bestiis
630 3768 812 3832 terrae,
845 3762 1152 3821 volatilibus
1179 3757 1300 3818 οωῙί
1320 3805 1335 3832 ,

479 3828 603 3883 dedi
634 3830 698 3884 ad
727 3832 1099 3889 devorandum
1132 3850 1147 3890 :

406 3898 473 3953 Et
499 3899 678 3957 scient
709 3918 899 3959 omnes
923 3904 1259 3961 habitatores
1291 3900 1509 3974 Egypti
1540 3899 1663 3970 quia
1694 3913 1794 3970 ego
1822 3896 2003 3954 Domi-

548 3988 648 4028 IIUS
672 3989 687 4026 ζ

478 4058 574 4168 ι)νῖ
617 4046 883 4172 eolquod
939 4046 1084 4103 fuisti
1138 4045 1370 4103 baculus
1418 4041 1755 4099 arundineus
1814 4030 1998 4103 domui

577 4132 695 4172 srae
749 4136 762 4172 ἶ

577 4132 716 4172 sraet
749 4136 762 4172 ε

409 4182 633 4251 Quando
661 4190 1141 4257 apprehenderunt
1182 4200 1233 4245 te
1268 4202 1437 4247 manu
1465 4185 1570 4258 [AL
1619 4183 1742 4240 add.
1780 4182 1923 4255 sua],
1950 4192 2007 4251 εὖ

552 4259 858 4316 confractus
881 4278 969 4327 es,

482 4338 534 4382 et
563 4329 809 4387 lacerasti
844 4332 1368 4393 omnembumerum
1402 4344 1591 4389 eorum
1619 4346 1631 4381 :

413 4396 479 4452 Et
502 4400 854 4459 inniteutibus
875 4405 953 4458 eis
980 4419 1143 4473 super
1180 4415 1253 4469 Ie,
1285 4399 1649 4456 comminutus
1679 4412 1738 4455 es
1761 4440 1777 4467 ,

482 4482 535 4525 et
564 4473 852 4529 dissolviin
876 4490 1068 4531 omnes
1094 4490 1250 4529 renes
1280 4488 1494 4528 eorum.

417 4538 707 4607 PMblerea
744 4547 857 4601 hate
878 4546 1007 4601 dicit
1038 4547 1297 4601 Dominus
1324 4545 1463 4597 Deus
1488 4560 1500 4594 :

416 4610 553 4669 Ecce
574 4630 683 4686 ego
710 4615 972 4673 adducam
1002 4632 1163 4686 super
1198 4625 1248 4669 te
1279 4612 1513 4685 gladium
1540 4628 1555 4665 :

486 4693 540 4738 et
571 4685 890 4741 interficiant
916 4689 983 4742 ile
1017 4685 1081 4742 te,
1101 4687 1396 4746 hominem,
1431 4699 1483 4737 et
1505 4687 1827 4748 iumentum.

419 4751 487 4807 Et
512 4757 784 4830 eritplerra
815 4758 1038 4830 Egypti
1057 4759 1113 4830 in
1139 4757 1442 4824 desertum,
1466 4763 1521 4811 et
1540 4754 1595 4808 in
1618 4751 1965 4813 solitudinem
1992 4767 2005 4805 :

486 4836 544 4895 et
565 4829 738 4895 scient
766 4826 1018 4902 quia'ego
1049 4826 1310 4891 Dominus
1340 4844 1355 4883 :

491 5063 517 5093 ⁸
534 5052 601 5111 In
620 5071 761 5110 anno
780 5055 998 5128 decimo.
1014 5054 1190 5110 Locus
1208 5050 1434 5128 multum
1460 5048 1768 5128 implicatus
1787 5055 2009 5128 propter

419 5126 788 5181 diversitatem
847 5127 1160 5181 lectionum.
1213 5124 1267 5177 In
1302 5118 1828 5176 Ilebrzeo'hodierno
1871 5118 2009 5185 legi-

419 5212 538 5252 mus
566 5216 579 5251 :
604 5197 669 5251 In
698 5215 837 5251 anno
862 5198 1079 5259 decimo,
1108 5197 1161 5249 in
1191 5195 1408 5259 decimo,
1451 5194 1503 5245 in
1530 5190 1833 5244 duodecimo
1863 5205 2005 5242 men-

420 5269 509 5323 sis.
551 5268 704 5339 Apud
734 5268 876 5322 LXX
898 5284 1030 5322 vero
1058 5285 1070 5320 :
1098 5265 1164 5339 In
1198 5283 1335 5339 anno
1362 5264 1684 5339 duodecimo,
1710 5261 2013 5339 Δἑτι-ἀεσὶηξο

422 5331 617 5406 mense,
660 5357 764 5393 una
812 5342 1019 5393 mensis.
1063 5337 1161 5395 Ms.
1194 5336 1353 5393 Alex.
1387 5353 1397 5387 :
1428 5332 1492 5386 In
1523 5349 1659 5387 anno
1682 5333 1909 5396 decimo,
1954 5331 2015 5385 ἐκ

425 5410 693 5466 undecimo
741 5427 943 5474 mense,
973 5421 1078 5466 etc.
1112 5409 1281 5462 Porro
1324 5406 1382 5460 S.
1414 5406 1775 5474 Hieronymus
1808 5411 2010 5457 textum

420 5481 586 5552 hujus
637 5482 871 5552 Capituli
920 5482 1014 5535 lib.
1064 5496 1121 5535 Ix
1173 5480 1224 5531 in
1278 5475 1622 5552 Ezechiemm
1676 5475 1773 5552 sie
1809 5474 2010 5552 affert:

426 5544 517 5607 Inv
549 5571 687 5609 anno
718 5544 926 5607 ἀἰεείωο
980 5554 996 5615 (
1022 5554 1126 5606 sive
1163 5551 1319 5620 juxta
1354 5545 1505 5600 LXX
1556 5544 1906 5620 duodecimo)
1947 5544 2014 5620 _t'u

427 5623 623 5696 decimo
678 5642 849 5679 mense
897 5624 917 5696 (
943 5625 1046 5679 sine
1087 5613 1239 5691 inita
1270 5618 1607 5696 Hebraiium,
1639 5613 1965 5696 duodecimo)
1996 5630 2013 5670 :

425 5694 479 5747 in
506 5697 672 5765 prima
699 5698 823 5763 (sive
844 5686 970 5766 una)
1000 5686 1208 5767 mensis,
1243 5700 1351 5767 etc.
1384 5690 1581 5767 Postea
1606 5701 1780 5742 tamen
1806 5686 2016 5767 edisse-

426 5757 555 5824 rens
594 5757 758 5841 caput
798 5757 1133 5827 tricesimum
1156 5762 1401 5839 eiusdem
1430 5759 1732 5834 prephetae,
1763 5757 2014 5818 codicum

2186 3262 2325 3315 Ecce
2352 3276 2451 3329 ego
2476 3261 2618 3314 dabo
2648 3259 3145 3319 Nabuehodonosor
3177 3272 3360 3335 regem
3403 3256 3699 3330 Babylonis

2256 3333 2309 3386 in
2340 3341 2479 3387 terra
2511 3330 2729 3402 Egypti
2764 3350 2776 3386 :
2878 3401 2889 3402 γ
3026 3401 3031 3402 ν
3166 3401 3171 3402 ν
3391 3400 3397 3402 _

2256 3335 2309 3386 in
2340 3341 2479 3387 terra
2511 3335 2729 3387 Eavoti
2764 3350 2776 3386 :

2256 3351 2309 3386 In
2340 3351 2479 3387 terra
2511 3351 2729 3405 mgyptt
2764 3351 2776 3386 :

2184 3413 2240 3458 et
2270 3404 2495 3473 accipiet
2526 3402 2631 3475 [ΑΙ.
2669 3401 2895 3473 auferet]
2926 3401 3326 3469 multitudinem
3352 3400 3494 3472 ejus,

2184 3483 2239 3529 et
2268 3474 2670 3542 depraedabitur
2700 3474 2978 3537 manubias
3006 3475 3145 3544 ejus,

2184 3554 2239 3599 et
2265 3546 2484 3609 diripiet
2510 3548 2677 3615 spolia
2709 3546 2830 3616 ejus
2858 3564 2873 3604 :

2113 3615 2179 3672 Et
2203 3616 2303 3671 erit
2332 3633 2543 3672 merces
2574 3618 2677 3688 {AL
2713 3615 2762 3672 in
2793 3615 3126 3688 intercedem]
3148 3617 3413 3671 exercitui
3439 3615 3603 3688 illius.

2184 3688 2253 3741 Et
2282 3690 2456 3761 operi,
2484 3682 2582 3761 pro
2611 3690 2717 3761 [ΑΙ.
2749 3699 2879 3747 Iacet
2905 3682 3027 3757 pro]
3056 3682 3162 3759 quo
3188 3689 3411 3742 servivit
3435 3687 3545 3760 [AL
3569 3685 3696 3753 add.

2252 3758 2409 3829 mihi]
2439 3758 2698 3815 adversus
2727 3776 2845 3815 eain
2872 3778 2886 3813 :

2106 3828 2244 3886 Dedi
2274 3837 2321 3886 ei
2356 3828 2555 3887 tetiratn
2595 3831 2837 3904 Egypti,

2182 3916 2279 3972 pro
2313 3918 2379 3958 eo
2409 3905 2552 3972 quod
2583 3897 2916 3959 lzibo'raverit
2954 3902 3062 3974 ινΑι.
3094 3897 3500 3969 laboraverunt]
3526 3897 3656 3954 mihi
3680 3940 3697 3968 ,

2252 3976 2323 4027 ait
2356 3974 2614 4030 Dominus
2645 3974 2809 4029 Deus.

2110 4043 2166 4099 In
2189 4044 2277 4098 die
2308 4045 2400 4097 illo
2426 4046 2711 4111 pullulabit
2740 4061 2907 4101 cornu
2933 4044 3116 4100 domui
3147 4043 3253 4116 [AL
3274 4041 3490 4113 domus]
3508 4041 3699 4107 Israel,

2178 4125 2232 4171 et
2260 4116 2351 4170 tibi
2383 4117 2523 4170 dabo
2550 4125 2797 4185 apertum
2824 4134 2884 4172 os
2918 4118 2970 4173 in
3002 4116 3180 4172 medio
3212 4131 3431 4180 eorum;

2180 4196 2233 4240 et
2264 4187 2438 4241 scient
2461 4190 2583 4255 quia
2607 4204 2706 4255 ego
2734 4188 3016 4242 Dominus.

2108 4252 2490 4382 [capiant
2526 4258 2591 4313 Et
2623 4252 2819 4314 factum
2849 4268 2929 4313 est
2972 4257 3192 4314 verbum
3242 4253 3455 4311 Domini
3490 4252 3556 4309 ad
3588 4268 3696 4323 me,

2251 4347 2265 4382 (
2290 4345 2435 4382 ιεθηδ
2459 4347 2474 4382 ζ

2251 4345 2435 4385 utcens
2459 4347 2474 4384 ζ

2107 4398 2209 4453 Fili
2241 4400 2497 4464 hominis,
2532 4402 2816 4470 propheta,
2852 4409 2907 4456 et
2934 4400 3057 4455 dic:

2113 4471 2234 4525 Haec
2263 4470 2396 4525 dicit
2427 4472 2685 4526 Dominus
2714 4473 2891 4528 Deus:

2113 4507 2234 4525 ...λυ
2427 4507 2685 4526 “una...”
2714 4507 2751 4525 υ

2030 4507 2084 4571 Β
2111 4540 2343 4602 Uluiate.
2370 4558 2473 4605 vae.
2500 4558 2582 4597 vae
2610 4542 2756 4597 diei:

2182 4611 2305 4683 quia
2332 4613 2483 4680 juxta
2514 4622 2597 4666 est
2624 4612 2759 4677 dies,
2793 4622 2847 4668 et
2873 4611 3270 4683 appropinquat
3297 4606 3414 4664 dies
3446 4605 3697 4663 Domini:

2184 4682 2507 4754 diesnubis,
2543 4694 2752 4751 tempus
2780 4687 3021 4754 gentium
3051 4683 3174 4740 erit.

2114 4752 2181 4808 Et
2206 4752 2387 4828 veniet
2416 4754 2626 4828 gladius
2648 4752 3058 4828 in_A§gyptum:

2185 4831 2240 4879 et
2268 4822 2371 4879 erit
2401 4840 2567 4895 pavor
2592 4826 2644 4880 itt
2666 4822 2968 4897 Ethiopia,

2113 5049 2428 5107 Latinorum
2459 5052 2745 5108 veritatem
2792 5050 3078 5107 manifeste
3107 5048 3425 5120 comprobat
3457 5050 3541 5104 his
3593 5064 3716 5105 ver-

2113 5120 2198 5177 bis
2231 5142 2243 5176 :
2282 5120 2406 5194 Post
2436 5124 2726 5178 vicesimum
2772 5132 2817 5176 et
2852 5124 3124 5194 septimum
3166 5139 3359 5181 annum
3407 5122 3715 5193 captivitatis

2113 5194 2250 5261 regis
2278 5191 2561 5261 Joiuchim,
2591 5196 2855 5250 revertitur
2898 5191 2963 5248 iul
2996 5210 3216 5262 pra'sens
3246 5191 3476 5264 tempus,
3505 5196 3712 5259 quando

2113 5274 2293 5337 contra
2322 5264 2845 5337 Egyptumcaeperat
2875 5268 3199 5337 prophetare,
3224 5266 3277 5317 id
3300 5275 3393 5329 cst,
3419 5265 3486 5317 ad
3516 5279 3714 5337 annuus

2117 5335 2405 5400 decimum,
2436 5335 2504 5391 ἐι
2554 5335 2807 5391 decimum
2854 5335 3094 5397 mensem,
3152 5337 3476 5391 undecimam
3523 5335 3716 5388 mensis

2118 5407 2277 5470 diem,
2306 5417 2409 5463 etc.
2444 5407 2590 5474 Haec,
2638 5407 2693 5463 ni
2727 5407 2904 5473 fallor,
2938 5408 3097 5476 plane
3133 5410 3389 5463 evincunt
3420 5406 3712 5476 genuinam

2120 5491 2240 5531 esse
2272 5480 2590 5545 lectionem,
2628 5494 2786 5547 quam
2821 5474 3213 5547 repraesentata
3240 5474 3571 5541 exemplaria
3596 5474 3709 5529 La-

2120 5550 2386 5626 tinorum;
2433 5551 2567 5605 alias
2592 5560 2773 5605 autent
2806 5551 3072 5606 lectiones
3105 5553 3269 5604 fuisse
3309 5547 3602 5626 periitixtas
3627 5554 3718 5626 at-

2121 5635 2227 5686 que
2274 5622 2509 5749 Ἤῑηιλε,
2543 5632 2602 5677 ttt
2628 5637 2697 5676 ex
2720 5626 3072 5679 contentione
3100 5615 3416 5678 earumdem
3448 5615 3607 5672 facile
3653 5615 3719 5671 li-

2121 5702 2268 5749 (luet.
2358 5708 2479 5747 aur.

2120 5702 2268 5762 quet.
2304 5693 2479 5749 Man‘r.
