4108 6360
315 299 424 359 985

387 423 444 471 et
469 415 523 471 in
546 414 753 472 cunctis
780 412 1118 471 convallibus
1139 419 1410 467 corruent
1434 410 1573 465 rami
1603 411 1723 480 ejus
1750 453 1764 478 ,

391 496 447 543 et
478 488 887 560 confringentur
917 486 1139 541 arbusta
1167 483 1285 555 ejus
1313 484 1369 540 in
1394 481 1662 539 universis
1685 483 1911 555 rupibus

466 568 627 615 terra:
648 579 662 615 Ξ

318 629 391 685 Ει
420 632 677 688 recedent
701 632 770 688 de
799 627 1115 687 umbraculo
1142 626 1261 697 ejus
1289 642 1479 685 omnes
1506 626 1696 700 populi
1724 634 1908 697 terrae,

392 712 449 758 et
474 702 784 787 relinquent
808 718 953 787 eum.
1106 779 1118 787 Δ
1404 770 1442 787 μ’
1462 786 1467 787 γ

320 773 377 828 In
403 774 563 831 ruina
593 769 713 846 ejus
744 774 1125 831 habitaverunt
1151 771 1332 846 omnia
1359 769 1600 846 volatilia
1628 769 1776 846 coeli,

391 854 449 901 et
477 846 532 903 in
554 839 721 903 ramis
751 849 871 917 ejus
900 846 1119 917 fuerunt
1144 840 1413 917 universae
1436 841 1622 917 bestiae
1645 839 1907 911 regionis.

321 916 495 987 Quam
523 920 593 974 ob
618 934 733 976 rem
762 911 869 976 non
898 913 1259 974 elevabuntur
1284 912 1337 967 in
1365 911 1650 970 altitudine
1674 927 1775 969 sua
1795 927 1914 969 om-

467 991 556 1045 nia
588 991 730 1062 ligna
762 1003 1049 1062 aquarum,

394 1075 495 1118 nec
521 1056 728 1131 ponetit
750 1056 1134 1117 sublimitatem
1164 1069 1318 1112 suam
1348 1056 1490 1114 inter
1514 1068 1803 1113 nemorosa
1828 1061 1910 1111 at-

466 1149 572 1209 que
602 1134 969 1209 frondosa,__.
1032 1201 1044 1209 _
1540 1197 1552 1209 .
1785 1197 1797 1209 .
1862 1196 1874 1209 _

322 1217 424 1259 nec
470 1197 693 1261 stabunt
735 1207 788 1260 in
833 1197 1162 1259 sublimitate
1188 1213 1378 1257 eorum
1408 1197 1590 1256 omnia
1634 1213 1755 1269 qua:
1784 1197 1909 1253 irri-

464 1284 659 1347 gantur
688 1276 841 1346 aquis
867 1292 881 1330 :

322 1340 684 1413 Quia‘omnes
712 1340 895 1403 traditi
924 1357 1051 1402 sunt
1080 1346 1135 1401 in
1164 1350 1393 1399 mortem
1442 1342 1510 1397 ad
1552 1349 1751 1398 terram
1788 1340 1915 1397 ulti-

465 1435 629 1489 mam,
660 1421 712 1475 in
744 1418 923 1475 medio
952 1417 1195 1489 filiorum
1216 1415 1520 1483 hominum,

394 1489 459 1544 ad
490 1506 584 1546 eos
613 1486 703 1558 qui
732 1489 1072 1547 descendunt
1098 1488 1152 1543 in
1182 1486 1384 1542 lacum.

323 1560 449 1616 llaec
480 1562 610 1618 dicit
634 1563 894 1617 Dominus
922 1562 1066 1616 Deus
1094 1579 1106 1613 :

395 1632 452 1687 ln
479 1633 566 1690 die
593 1634 808 1703 quando
833 1631 1114 1690 descendit
1140 1630 1207 1685 ad
1239 1629 1459 1703 inferos,
1494 1626 1664 1683 indixi
1694 1624 1802 1699 [ΑΙ.
1828 1625 1913 1683 in-

464 1704 615 1775 duxi]
648 1707 848 1761 luctum
868 1747 883 1770 ,
916 1704 1105 1774 operui
1134 1717 1257 1758 eum
1288 1702 1523 1773 abysso:

323 1774 391 1830 Et
422 1774 670 1847 prohibui
698 1777 920 1832 flumina
946 1777 1088 1845 ejus,

393 1858 447 1902 et
476 1849 691 1905 coercui
723 1864 891 1919 aquas
920 1848 1164 1919 multas_:

320 1917 688 1987 Contristatus
719 1910 826 1992 [Ᾰι.
860 1915 1148 1992 contritus]
1179 1924 1264 1972 est
1293 1930 1459 1986 super
1482 1929 1611 1972 eum
1645 1910 1905 1982 Libanus,

391 1999 447 2045 et
474 1994 654 2047 omnia
681 1991 822 2060 ligna
851 1991 967 2061 agri
994 2001 1261 2061 concussa
1293 1996 1438 2043 sunt.

320 2062 364 2116 A
397 2063 581 2118 sonitu
607 2064 782 2117 ruina:
815 2060 933 2131 ejus
960 2060 1230 2131 commovi
1257 2067 1469 2127 gentes,

391 2147 513 2189 cum
542 2126 866 2189 deducerem
892 2149 1016 2188 eum
1045 2131 1113 2186 ad
1139 2126 1411 2187 infernum
1436 2144 1556 2185 cum
1587 2128 1672 2185 bis
1694 2126 1785 2198 qui
1812 2126 1909 2185 de-

460 2206 790 2261 scendebant
822 2205 875 2260 itt
905 2205 1080 2259 lacum
1107 2220 1122 2257 :

320 2275 385 2333 Et
430 2279 708 2332 consolata
750 2286 875 2332 sunt
908 2277 961 2330 in
994 2284 1138 2329 terra
1170 2272 1383 2327 infirma
1423 2271 1603 2326 omnia
1635 2270 1778 2341 ligna
1806 2284 1906 2326 vo-

461 2349 705 2418 luptatis,
739 2347 953 2419 egregia
981 2355 1144 2419 atque
1174 2344 1437 2419 praeclara
1468 2341 1524 2397 in
1550 2342 1756 2398 Libano
1776 2382 1793 2411 ,

389 2416 641 2496 universa
658 2416 795 2496 quai
823 2416 1397 2496 irrigabantur_aquis.
1422 2486 1434 2496 _
1482 2485 1503 2496 _
1770 2482 1786 2496 ι
1820 2482 1833 2496 ο

316 2490 455 2547 Nam
487 2500 544 2547 et
572 2482 827 2561 ipsi'cum
865 2482 947 2546 eo'
970 2482 1303 2545 descendent
1332 2485 1387 2541 in
1420 2485 1692 2542 infernum
1720 2482 1789 2539 ad
1818 2482 1904 2540 in-

460 2562 713 2617 terfectos
744 2561 923 2632 gladio
954 2577 968 2614 :

388 2642 445 2690 et
470 2626 1211 2701 brachium'uniuscujusque
1242 2638 1268 2666 ⁸
1311 2628 1524 2684 sedebit
1553 2626 1655 2684 sub
1681 2626 1904 2683 umbra-

457 2705 581 2759 culo
610 2704 728 2772 ejus
759 2704 810 2757 in
840 2702 1019 2759 medio
1062 2702 1364 2756 nationum.

316 2776 413 2833 Cui
445 2768 772 2830 assimilatus
798 2790 858 2830 es
882 2817 897 2839 .
940 2789 973 2829 o
1000 2772 1203 2845 inclyte
1232 2781 1394 2843 atque
1421 2769 1674 2827 sublimis
1701 2810 1717 2837 ,
1760 2768 1903 2825 inter

462 2848 605 2917 ligna
636 2845 962 2917 voluptatis?

316 2918 458 2975 Ecce
495 2912 779 3044 lt'leductus'
804 2934 864 2974 es
900 2932 1021 2973 cum
1069 2915 1231 2987 lignis
1270 2912 1571 2987 voluptatis
1597 2912 1664 2968 ad
1697 2920 1901 2969 terram

457 3005 489 3044 u
517 2999 697 3043 ttmam
727 3007 739 3042 :

457 2991 697 3045 ultimam
727 3007 739 3042 :

386 3060 441 3117 in
471 3060 647 3117 medio
675 3059 1177 3116 incircumcisorum
1209 3056 1447 3114 dormies
1474 3096 1491 3123 ,

388 3148 511 3188 cum
543 3132 623 3187 eis
647 3136 738 3201 qui
768 3131 1041 3187 interfecti
1062 3139 1189 3185 sunt
1212 3130 1390 3201 gladio
1415 3145 1428 3181 :

1386 293 1594 351 LlBER
1633 291 2042 353 EZECHIELIS
2079 293 2498 353 PROPllETIE.

3502 295 3610 355 986

1934 415 1989 474 A
2014 414 2215 472 Omnia
2249 414 2537 470 luminaria
2567 413 2693 469 caeli
2721 426 2955 470 moerere
2983 409 3176 468 faciam
3210 426 3375 483 super
3404 422 3457 469 te
3484 430 3500 469 :

2087 495 2142 541 et
2168 486 2589 611 dagonteqebras
2611 500 2778 556 super
2808 495 3007 541 terram
3039 493 3185 539 tuam
3207 526 3222 554 ,
3259 484 3393 541 dicit
3424 484 3606 542 Domi«

2161 573 2231 611 nu
2339 574 2405 611 eu
2495 596 2510 611 .

2161 572 2262 613 nus
2292 572 2435 613 ueus
2462 572 2510 612 νο

2017 629 2086 685 Et
2116 629 2344 701 irritabo
2378 645 2476 685 cor
2505 628 2827 701 populorum
2857 628 3172 701 multorum,

2086 716 2208 756 cum
2240 699 2923 757 induxero'contritimtem
2966 700 3113 755 tuani
3147 701 3201 755 in
3228 699 3486 771 gentibus
3514 714 3610 758 su-

2162 786 2257 841 per
2288 782 2460 827 terras
2485 786 2618 840 quas
2649 772 2851 827 nescis.

2014 843 2087 901 Et
2112 854 2428 911 stupescere
2457 842 2649 898 faciam
2685 858 2849 910 super
2878 850 2933 897 te
2959 841 3190 912 populos
3214 844 3412 898 multos
3440 862 3453 898 :

2087 923 2144 973 et
2174 930 2329 986 reges
2369 929 2559 971 eorum
2599 913 2825 971 horrore
2873 911 3046 969 nimio
3087 911 3458 971 fortnidabunt
3505 931 3602 972 su-

2156 1002 2253 1057 per
2275 995 2349 1050 te,

2086 1073 2208 1115 cum
2256 1058 2444 1114 volare
2492 1058 2723 1129 coeperit
2765 1057 2976 1130 gladius
3022 1072 3179 1116 meus
3228 1072 3393 1130 super
3445 1058 3611 1115 facies

2159 1144 2349 1185 eorum
2377 1147 2392 1184 2

2087 1210 2143 1258 et
2168 1202 2557 1275 obstupescent
2583 1210 2813 1275 repente
2840 1201 3035 1274 singuli
3064 1215 3161 1272 pro
3196 1201 3379 1259 anima
3420 1215 3519 1259 sua
3555 1200 3610 1257 in

2159 1272 2247 1329 die
2274 1275 2446 1328 ruinae
2479 1282 2603 1329 nne.
2648 1272 2663 1275 ⁷
2933 1272 2951 1274 “
3652 1280 3655 1287 ‘

2014 1344 2148 1413 Quia
2177 1344 2295 1401 haec
2321 1344 2454 1400 dicit
2480 1345 2745 1402 Dominus
2777 1345 2919 1401 Deus
2950 1363 2960 1399 :

2016 1415 2238 1489 Gladius
2268 1416 2415 1489 regis
2441 1416 2741 1489 Babylonis
2762 1416 2946 1489 veniet
2977 1416 3096 1489 tibi,

2089 1488 2141 1542 in
2170 1487 2365 1557 gladiis
2393 1486 2611 1544 fortium
2638 1487 2888 1556 dejiciam
2920 1486 3319 1544 multitudinem
3349 1495 3529 1543 tuam:

2088 1558 2536 1628 inexpugnabiles
2566 1576 2755 1615 omnes
2778 1567 2966 1623 gentes
2998 1559 3120 1615 lite:

2015 1628 2082 1684 Et
2110 1629 2395 1685 vastabunt
2420 1631 2727 1700 superbiam
2759 1629 2978 1701 [Egypti
3004 1671 3020 1698 ,

2088 1709 2142 1756 et
2166 1700 2516 1769 dissipabitur
2540 1700 2997 1771 multitudoiejus.

1941 1803 1987 1865 Β
2016 1772 2085 1828 Ει
2131 1771 2357 1843 perdam
2389 1773 2567 1865 o'mnia
2593 1773 2840 1841 jumenta
2872 1774 2991 1844 ejus
3015 1812 3031 1841 ,
3080 1788 3201 1844 quae
3241 1783 3401 1829 erant
3438 1785 3604 1842 super

2157 1858 2326 1911 aquas
2378 1842 2679 1911 plurimas:

2083 1924 2138 1970 et
2160 1930 2265 1969 non
2296 1914 2641 1969 conturbabit
2669 1929 2762 1970 eas
2800 1929 2895 1983 pes
2924 1914 3161 1969 hominis
3192 1914 3328 1969 ultra
3364 1954 3383 1983 ,

2083 2000 2259 2055 neque
2288 1984 2487 2054 ungula
2510 1986 2883 2053 jumentorum
2914 1985 3151 2040 turbabit
3179 2000 3292 2041 eas.

2010 2055 2162 2112 Tunc
2187 2056 2505 2125 purissimas
2533 2056 2755 2112 reddam
2787 2070 2955 2126 aquas
2980 2071 3169 2113 eorum
3191 2098 3205 2123 ,

2081 2140 2136 2183 et
2165 2127 2400 2210 flumina
2416 2142 2603 2183 eorum
2639 2128 2793 2199 quasi
2821 2128 3001 2184 oleum
3028 2126 3292 2183 adducam
3323 2172 3338 2198 ,
3382 2126 3458 2183 ait
3491 2126 3601 2184 Do-

2008 2198 2637 2328 Cumnillgdlgrgetuebrram
2679 2268 2894 2341 Egypti
2933 2270 3232 2325 desolatam
3269 2287 3295 2341 εξ
3326 2270 3608 2326 deseretur

2151 2351 2330 2397 autem
2365 2352 2506 2396 terra
2537 2358 2568 2397 a
2596 2339 2931 2411 plenitudine
2959 2356 3086 2409 sua,
3120 2339 3337 2410 quando
3370 2356 3591 2409 percus-

2152 2427 2492 2539 §eroomnes
2519 2413 2852 2471 habitatores
2879 2412 2997 2484 ejus
3037 2424 3093 2469 et
3126 2412 3304 2469 scient
3344 2412 3472 2483 quia
3501 2428 3602 2483 ego

2199 2498 2432 2540 ommus.
3476 2514 3479 2515 ν

2007 2525 2489 2621 ΡΙεηᾶἴιξιέέῖῖέι
2512 2555 2769 2627 plangent
2797 2569 2919 2609 eum
2948 2573 2960 2607 :

2078 2628 2205 2683 filia:
2233 2628 2471 2697 gentium
2504 2628 2762 2698 plangent
2789 2642 2911 2680 eum
2942 2640 3106 2697 super
3133 2626 3453 2697 Egyptum,

2078 2707 2133 2754 et
2162 2694 2326 2781 super
2356 2694 2753 2824 tgulti'tudinem
2783 2698 2899 2769 ejus
2931 2694 3187 2771 plangent
3210 2694 3360 2764 eum,
3388 2699 3466 2752 ait
3493 2694 3601 2753 Do-

2152 2785 2332 2825 minus
2409 2785 2525 2826 eus.

2007 2840 2077 2898 Et
2104 2785 2438 2925 {3133:5635
2444 2786 2855 2898 liugiduodecimo
2882 2856 3046 2910 anno,
3095 2839 3148 2897 in
3181 2840 3370 2913 quinta
3392 2837 3601 2896 decima

2242 2930 2273 2968 n
2311 2931 2320 2966 ι

2080 2928 2394 3042 ΐειεᾟῇηεθδέι
2420 2986 2645 3043 verbum
2675 2984 2890 3042 Domini
2916 2984 2985 3041 ad
3012 2998 3122 3052 me,
3153 2984 3342 3049 dicens
3368 3000 3381 3037 :

2006 3056 2106 3113 Fili
2140 3057 2377 3113 hominis
2394 3102 2411 3128 ,

2078 3144 2215 3185 cane
2243 3126 2469 3199 lugubre
2496 3144 2662 3198 super
2690 3128 3091 3185 multitudinem
3124 3126 3341 3199 Egypti
3365 3143 3382 3181 :

316 3201 440 3275 Ipse
462 3212 546 3275 est
568 3189 779 3275 Pharao
796 3203 913 3275 [AL
940 3202 1033 3258 Sic
1055 3189 1313 3275 Pharao],
1337 3208 1393 3256 et
1412 3198 1589 3256 omnis
1609 3194 1901 3254 multitudo
1927 3189 1974 3255 C
2006 3198 2078 3256 Et
2104 3189 2333 3275 detrahe
2359 3216 2477 3256 eam
2511 3189 2707 3275 ipsam,
2737 3209 2792 3256 et
2820 3200 2956 3256 filias
2982 3189 3597 3271 gentiuni'r'obustarum

462 3274 603 3344 ejus,
631 3274 765 3329 dicit
794 3274 1054 3329 Dominus
1081 3274 1245 3328 Deus.

319 3338 746 3419 [CapCXXXlL]
791 3346 855 3419 Et
886 3344 1083 3419 factum
1113 3351 1199 3398 est
1220 3383 1236 3411 ,
1265 3340 1592 3419 duodecimo
1618 3354 1765 3396 anno
1790 3379 1807 3408 ,
1850 3338 1907 3396 in

462 3432 651 3473 mense
674 3414 1022 3481 duodecimo,
1053 3416 1106 3469 in
1134 3430 1237 3469 una
1267 3414 1472 3469 mensis
1491 3458 1506 3480 ,

391 3486 589 3543 factum
620 3497 705 3544 est
730 3488 954 3545 verbum
975 3486 1191 3542 Domini
1220 3486 1287 3540 ad
1315 3500 1423 3551 me,
1456 3483 1644 3540 dicens
1672 3500 1684 3535 :

314 3557 415 3614 Fili
448 3559 702 3628 hominis,
1144 3582 1147 3587 ί

385 3645 604 3685 assume
649 3623 942 3687 lamentum
981 3643 1147 3701 super
1172 3627 1383 3685 Pharao
1424 3640 1606 3699 regem
1635 3623 1857 3697 JEgypti
1883 3666 1901 3696 ,

455 3710 511 3757 et
534 3702 684 3759 dices
710 3704 777 3757 ad
804 3717 926 3758 eum
957 3720 972 3755 :

310 3771 476 3828 Leoni
504 3777 744 3843 gentium
772 3772 1108 3829 aSsimilatus
1131 3786 1214 3840 es,

382 3853 437 3899 et
468 3844 694 3900 draconi
725 3846 817 3915 qui
843 3854 926 3898 est
958 3844 1216 3915 inmari:

311 3913 377 3969 Et
408 3915 707 3971 vcntilabas
734 3912 903 3971 cornu
934 3916 986 3969 in
1014 3912 1330 3968 ﬂuminibus
1364 3912 1466 3967 tuis
1489 3952 1504 3978 ,

384 3997 437 4041 et
468 3987 832 4043 conturbabas
864 4000 1033 4057 aquas
1063 3984 1290 4054 pedibus
1322 3983 1425 4038 tuis
1451 4023 1467 4051 ,

382 4066 436 4112 et
465 4058 823 4115 conculcabas
856 4056 1074 4111 flumina
1108 4070 1322 4109 eorum.

309 4127 608 4200 Propterea
654 4130 769 4185 haec
800 4129 931 4185 dicit
962 4126 1224 4182 Dominus
1253 4127 1433 4200 Deus:

308 4197 385 4253 Ex
396 4195 623 4271 pandam
651 4216 816 4272 super
846 4210 897 4256 te
924 4210 1040 4256 rete
1060 4212 1241 4254 meum
1271 4198 1327 4253 in
1355 4195 1706 4253 multitudine
1728 4211 1900 4267 popu-

452 4273 631 4327 ‘lorutn
659 4274 978 4337 multorum,

379 4351 433 4395 rt
461 4345 747 4399 extraham
782 4356 831 4397 te
860 4344 915 4399 in
948 4357 1144 4412 sagena
1178 4356 1321 4413 mea.
1637 4408 1643 4413 θ

309 4413 373 4467 Et
406 4416 687 4485 projiciam
718 4424 773 4470 te
803 4415 856 4470 in
884 4409 1081 4470 terram
1114 4411 1222 4484 [AL
1259 4413 1310 4466 in
1345 4421 1398 4467 te
1429 4409 1679 4481 terram],

378 4502 542 4552 super
573 4486 762 4539 faciam
790 4486 907 4553 agri
951 4485 1201 4553 abjiciam
1234 4492 1285 4538 te
1313 4500 1324 4536 :

306 4554 373 4609 Et
403 4551 644 4609 habitare
674 4551 863 4610 faciam
895 4551 1059 4624 super
1090 4564 1142 4610 te
1169 4556 1346 4608 omnia
1370 4552 1611 4607 volatilia
1636 4551 1785 4620 εαξη,

382 4636 434 4679 et
467 4626 723 4679 saturabo
752 4625 819 4679 de
851 4636 903 4681 te
935 4626 1138 4679 bestias
1171 4625 1438 4680 universa:
1467 4635 1645 4679 teme.

305 4696 375 4753 Et
398 4696 540 4751 dabo
570 4711 761 4751 carnes
792 4706 910 4751 tuas
935 4710 1100 4764 super
1130 4708 1362 4763 montes,

378 4775 435 4821 et
465 4767 699 4836 implebo
724 4769 895 4823 colles
928 4776 1048 4820 tuus
1076 4767 1229 4822 sanie
1261 4774 1369 4821 tua.

305 4837 373 4894 Et
396 4837 629 4906 irrigabo
655 4849 853 4893 terram
879 4838 1052 4893 fetore
1076 4837 1352 4908 sanguinis
1376 4837 1451 4893 tui
1470 4852 1635 4909 super
1652 4845 1888 4907 montes,

375 4918 431 4964 et
454 4909 623 4965 valles
667 4910 1039 4979 implebuntur
1063 4922 1129 4962 ex
1162 4916 1234 4964 te.

305 4980 375 5036 Et
398 4982 663 5051 operiam,
694 4997 816 5036 cum
837 4980 1134 5036 exstinctus
1164 4980 1348 5046 fueris,
1379 4980 1571 5048 etelos,

375 5062 429 5107 et
458 5053 766 5121 nigrescere
795 5052 987 5108 faciam
1018 5051 1203 5107 stellas
1226 5051 1345 5123 ejus
1370 5068 1384 5111 :

305 5124 486 5179 Solem
520 5124 662 5179 nube
691 5133 887 5193 tegam,

374 5203 431 5252 et
457 5194 583 5251 luna
613 5210 718 5251 non
745 5195 894 5273 dabit
922 5195 1105 5252 lumen
1131 5208 1312 5251 suum.

374 5406 398 5468 ξι
419 5397 550 5454 Vide
563 5412 679 5468 qua:
693 5397 1044 5453 observamus
1058 5398 1420 5454 inComment.
1437 5392 1501 5449 ad
1524 5392 1666 5468 hunc
1685 5393 1886 5468 locum.

374 5466 400 5505 ι’
441 5466 660 5523 Addunt
688 5470 888 5539 vulgati
919 5469 1064 5533 libri,
1094 5487 1211 5523 cum
1233 5468 1508 5523 ceciderint
1534 5466 1786 5539 vulnerati
1810 5467 1882 5520 lui

2146 3272 2214 3327 ad
2246 3281 2445 3328 terram
2476 3273 2717 3327 ultimam
2744 3316 2759 3338 ,

2072 3358 2195 3399 cum
2229 3343 2314 3398 his
2344 3344 2437 3413 qui
2469 3342 2806 3401 descendunt
2834 3344 2889 3399 in
2913 3342 3112 3399 lacum.

2000 3414 2119 3484 Quo
2149 3414 2429 3485 pulchrior
2450 3430 2509 3470 es
2529 3456 2545 3479 ,

2070 3483 2363 3546 descende.
2394 3495 2448 3541 et
2474 3487 2651 3543 dormi
2672 3501 2795 3542 cum
2823 3483 3240 3541 incircumcisis.

1995 3557 2054 3614 In
2101 3557 2283 3629 medio
2309 3559 2711 3614 interfectorum
2743 3557 2923 3629 gladio
2953 3556 3190 3612 cadent:

2068 3628 2284 3700 gladius
2313 3629 2475 3684 datus
2503 3637 2623 3697 est,

2069 3697 2411 3755 attraxerunt
2436 3716 2577 3768 eam,
2610 3710 2664 3757 et
2692 3714 2884 3755 omnes
2913 3698 3144 3768 pupulos
3169 3697 3311 3767 ejus.

1995 3769 2413 3895 LoqqelilllII‘OBl
2460 3764 2829 3843 potentissimi
2878 3764 3232 3827 robustorum
3291 3767 3361 3824 de
3415 3764 3601 3823 medio

2137 3858 2190 3895 ΙΙὶ
2221 3858 2363 3895 erm.

2137 3858 2363 3909 interni,

2070 3914 2319 3991 qui_cum_
2341 3915 2752 3991 auxiliatoribus
2780 3914 2900 3991 ejus
2927 3910 3330 3991 descenderunt
3360 3949 3375 3973 ,
3515 3977 3530 3991 ο

2068 3980 2123 4039 et
2148 3984 2488 4041 dormierunt
2513 3980 2899 4049 incircumcisi,
2932 3981 3205 4039 interfecti
3232 3980 3337 4054 [Αι.
3363 3994 3488 4038 cum
3515 3980 3597 4037 in-

2138 4058 2472 4113 circumcisis
2503 4055 2927 4128 interfectisque]
2957 4055 3160 4125 gladio.

1994 4125 2296 4197 lbi'Assur,
2332 4136 2389 4184 et
2408 4129 2583 4183 omnis
2614 4125 3087 4197 multitudo—ejus,

2064 4198 2120 4252 in
2147 4199 2380 4254 circuitu
2411 4201 2553 4254 illius
2581 4200 2831 4269 sepulcra
2861 4198 3002 4268 ejus.

2058 4284 2251 4325 omnes
2283 4270 2573 4338 interfecti,
2608 4266 2663 4325 et
2686 4272 2777 4339 qui
2803 4266 3114 4325 ceciderunt
3139 4266 3341 4339 gladio.

1990 4339 2230 4409 Quorum
2259 4341 2382 4396 data
2410 4352 2536 4396 sunt
2563 4335 2809 4411 sepulcra
2840 4344 2891 4394 in
2923 4335 3231 4395 novissimis
3262 4335 3363 4411 laci
3397 4354 3408 4387 :

2062 4421 2115 4467 et
2140 4412 2276 4468 facta
2298 4422 2378 4468 est
2400 4405 2687 4468 multitudo
2705 4412 2822 4481 ejus
2854 4426 2948 4480 per
2974 4426 3162 4482 gyrum
3194 4406 3427 4479 sepulcri
3455 4405 3593 4476 ejus:

2003 4482 2249 4538 Universi
2284 4484 2572 4549 interfecti,
2610 4480 2974 4550 cadentesque
2998 4480 3200 4550 gladio,
3448 4548 3457 4550 _
3565 4515 3583 4524 -

2115 4555 2172 4626 ui
2195 4554 2460 4611 dederant
2488 4548 2759 4626 quondam
2789 4548 3130 4607 formidinem
3156 4551 3209 4605 in
3239 4557 3387 4605 terra
3408 4548 3597 4605 viven-

1919 4596 1974 4656 D
2076 4570 2177 4636 qui
2195 4570 2294 4610 aea

2142 4635 2294 4681 tium.

2000 4693 2081 4751 lbi
2110 4695 2291 4752 Elam
2318 4738 2333 4763 ,
2375 4707 2430 4751 et
2473 4698 2648 4753 omnis
2675 4694 2964 4751 multitudo
2988 4693 3108 4763 ejus
3136 4707 3233 4764 per
3260 4706 3454 4764 gyrum
3498 4705 3593 4747 se-

2146 4769 2315 4841 pulcri
2339 4769 2430 4841 _sui
2458 4768 2565 4841 [Αζ.
2600 4766 2767 4841 illius]
2794 4785 2806 4819 :
3128 4835 3140 4841 _
3199 4833 3233 4841 __
3482 4802 3483 4805 η

2072 4833 2271 4893 Otnnes
2299 4839 2353 4893 hi
2383 4833 2657 4896 interfecti
2682 4878 2696 4903 ,
2732 4833 3066 4907 ruentesque
3092 4833 3272 4905 gladio
3299 4851 3311 4887 :

2071 4909 2163 4979 qui
2184 4909 2583 4967 descenderunt
2608 4905 3060 4965 iucircumcisiad
3089 4917 3289 4962 terram
3313 4905 3553 4979 ultimam
3579 4920 3594 4959 :

2001 4978 2102 5048 Qui
2136 4992 2431 5050 posuerunt
2461 4992 2725 5037 terrorem
2758 4994 2915 5035 suum
2944 4980 2997 5033 in
3033 4990 3175 5034 terra
3199 4978 3518 5050 viventium,

2068 5047 2500 5121 et'portaverunt
2536 5052 2887 5124 ignominiam
2909 5066 3065 5107 suam
3094 5065 3216 5107 cum
3246 5049 3328 5105 bis
3353 5047 3446 5119 qui
3480 5048 3584 5103 de-

2150 5123 2417 5181 scendunt
2443 5126 2497 5180 in
2526 5123 2720 5179 lacum.

2001 5194 2059 5250 In
2082 5195 2264 5252 medio
2291 5196 2704 5254 interfectorum
2728 5201 3026 5268 posuerunt
3046 5192 3224 5250 cubile
3245 5190 3365 5262 ejus
3393 5190 3447 5246 in
3476 5187 3597 5245 uni-

1995 5396 2054 5455 Si
2079 5396 2346 5454 Hebraice
2377 5396 2692 5458 haberetur,
2721 5393 2806 5450 his
2831 5394 2946 5469 fere
2970 5392 3136 5450 scribi
3165 5390 3444 5448 debuisset
3473 5406 3600 5447 ver-

1988 5491 2075 5547 bis
2099 5534 2114 5557 ,
2154 5498 2281 5575 v-m
2307 5498 2453 5572 mm,
2479 5470 2807 5571 315511553:
2829 5527 2847 5554 ,
2891 5502 3012 5575 qua:
3046 5486 3271 5540 nimium
3304 5484 3372 5539 ab
3397 5482 3483 5538 his
3508 5498 3597 5539 su-

1988 5561 2218 5653 perioris
2242 5561 2673 5653 pro'xime'incisi
2705 5619 2720 5643 ,
2752 5588 2912 5657 jahn
2938 5561 3010 5643 Lm
3044 5587 3176 5659 πωη
3202 5584 3358 5635 ’ΠΓῶ
3386 5616 3398 5639 ,
3434 5574 3595 5644 longe

1989 5676 2266 5740 differunt,
2301 5673 2567 5745 ut,-quod
2593 5671 3039 5745 suspicabamur,
3075 5667 3379 5745 existimari
3415 5666 3593 5745 possit

1991 5749 2079 5803 illa
2109 5739 2353 5815 ejusdem
2384 5739 2730 5801 in'llebraico
2757 5742 3070 5807 sententia},
3097 5743 3169 5815 ob
3200 5739 3465 5797 lectionis
3490 5752 3587 5795 va-

1993 5812 2263 5888 rietatem,
2296 5818 2508 5878 diversa
2541 5824 2749 5875 tantum
2780 5812 3185 5887 interpretatio.
3215 5868 3227 5885 ,

302 5540 356 5592 in
386 5541 552 5594 ntedio
582 5551 731 5595 terra:
754 5535 921 5611 {quas
968 5541 1020 5595 in
1060 5541 1287 5596 'rlebrteo
1318 5548 1496 5593 tamen
1523 5581 1538 5605 ,
1562 5535 1841 5611 Chaldaeo
1866 5578 1881 5603 ,

304 5619 466 5682 atque
506 5612 640 5681 ipsis
678 5608 1026 5682 Septuaginta
1054 5654 1070 5681 ,
1116 5611 1347 5681 denique
1385 5611 1435 5663 in
1470 5608 1713 5682 melioris
1741 5618 1880 5682 notre

302 5679 738 5753 llierouymianis
755 5679 1064 5751 codicibus,
1074 5698 1196 5740 cum
1219 5679 1377 5738 editis
1400 5692 1507 5735 tum
1533 5695 1661 5734 mss.
1679 5679 1888 5753 deside-

300 5751 759 5825 rantur.‘Videtur
779 5755 1073 5819 superioris
1104 5754 1323 5825 capituli
1349 5768 1477 5825 xxx,
1501 5754 1533 5825 fl
1554 5751 1885 5825 respexisse,

300 5822 397 5895 qui
436 5822 574 5882 hanc
608 5824 818 5884 addidit
850 5825 1055 5887 Latina:
1087 5822 1521 5898 interpretationi
1549 5823 1884 5896 pcricopem.
