4108 6360
221 263 346 346 otio
1316 282 1521 359 uasa
1554 282 1971 359 ELECHIEUS
2007 284 2418 359 moratam.
3425 288 3534 347 990

309 410 364 457 et
397 399 711 469 sanguinem
747 398 972 472 futiditis
999 416 1027 472 ςΔ
1307 468 1355 472 _7
1400 469 1410 472 7
1486 469 1494 472 _
1548 469 1560 472 7
1855 406 1906 465 Α
1938 470 1957 472 77
2006 416 2111 457 non
2142 411 2280 469 erat,
2312 402 2552 472 inquam,
2575 400 2667 472 qui
2691 400 3013 469 requireret.

310 468 569 543 numquid
596 481 797 527 terram
830 469 1145 525 haereditate
1171 468 1565 540 possitiebitis?
1935 468 2550 543 Propterea,ipasiores,
2580 468 3019 529 :ittdite’verbum
3048 470 3269 530 Domini
3295 491 3311 531 :

221 541 477 599 Stetistis
508 547 559 598 in
588 543 783 609 gladiis
810 543 1005 597 vestris
1026 587 1039 610 ,
1937 542 2070 597 Vivo
2098 560 2221 614 ego,
2258 541 2389 599 dicit
2418 544 2676 614 Dominus
2705 543 2888 599 Deus:

313 617 520 671 fecistis
550 616 980 669 abominationes
1005 654 1021 680 ,
1174 683 1185 690 7
1252 682 1264 690 _
1369 683 1381 690 _
1488 682 1519 690 __
1566 682 1578 690 _
2002 613 2256 686 quia'pro
2297 631 2363 671 eo
2392 616 2537 686 quod
2566 613 2691 670 facti
2726 625 2850 673 sunt
2872 630 3071 689 greges
3096 626 3121 654 δ
3160 618 3269 675 mei
3297 618 3350 673 in
3379 619 3529 690 rapi-

308 698 361 743 et
390 690 754 757 unusquisque
778 700 1000 740 uxorem
1032 682 1382 757 prtisimisiii
1419 682 1641 754 polluit:
2022 682 2031 686 ⁷
2076 682 2223 751 nam,

308 770 362 814 et
392 753 591 812 terrain
626 753 942 813 haereditate
976 753 1373 826 po’ssidebitis?
1426 753 1431 754 ⁷
2001 767 2057 814 et
2082 773 2214 821 oves
2250 772 2389 814 mete
2414 758 2474 814 in
2496 756 2911 821 ,devorationem
2944 759 3185 817 omnium
3215 760 3517 823 bestiarum

230 829 366 885 "me
394 830 546 885 dices
572 829 638 883 ad
667 843 793 883 eos:
884 896 895 897 7
1458 878 1463 885 ,
2069 830 2183 897 agri
2210 871 2224 896 ,

306 902 395 956 Sic
426 902 557 955 dicit
586 901 846 954 Dominus
872 896 1046 971 Deus:
1114 968 1125 971 7
1193 969 1199 971 7
1260 968 1271 971 _
1301 967 1310 971 _
1932 970 1971 971 77
2003 916 2067 954 eo
2094 896 2236 971 quod
2264 916 2371 955 non
2404 910 2550 955 esset
2581 909 2800 969 pastor:

235 972 382 1049 Vivo
411 988 534 1049 ego,
564 973 686 1049 quia
718 971 804 1039 qui
836 971 892 1025 in
922 968 1158 1027 ruinosis
1189 967 1465 1037 habitant,
1928 967 2282 1044 Neqtte'enitu
2315 967 2647 1043 quaesierunt
2677 982 2920 1042 pastores
2945 974 3052 1029 mei
3086 973 3192 1047 [AL
3218 984 3349 1035 Iacet
3376 976 3506 1049 mei]

302 1045 486 1114 gladio
512 1044 739 1099 cadent:
2071 1059 2289 1111 gregem
2320 1060 2496 1101 meum
2521 1086 2535 1106 ,

304 1124 360 1170 et
388 1116 478 1185 qui
507 1118 557 1168 in
586 1128 715 1182 agro
742 1120 857 1186 est,
905 1183 916 1186 7
1147 1184 1158 1186 _
1997 1115 2092 1170 sed
2128 1115 2420 1184 pasci-bant
2448 1124 2690 1183 pastores
2720 1117 3081 1186 semetipsos,

305 1183 495 1240 besiiis
524 1188 763 1240 tradetur
795 1184 859 1256 ad
886 1183 1289 1256 devorandum:
1998 1193 2053 1240 et
2076 1183 2269 1256 greges
2294 1202 2444 1243 meos
2480 1202 2587 1241 non
2620 1183 2949 1256 pascebant}

227 1257 338 1326 Qui
367 1266 545 1310 autem
574 1258 625 1310 in
660 1254 928 1321 praesidiis
953 1266 1007 1310 et
1038 1256 1089 1310 in
1116 1256 1390 1327 speluncis
1419 1264 1565 1324 sunt,
1930 1254 2246 1326 Propterea,
2283 1269 2546 1325 pastores,
2580 1254 2762 1313 audite
2793 1260 3022 1314 verbum
3050 1257 3302 1315 Domini:

304 1344 457 1397 peste
487 1329 803 1382 morientur.
1929 1327 2051 1380 "i136
2078 1329 2209 1383 dicit
2243 1329 2501 1384 Dominus
2531 1331 2705 1385 Deus:

231 1398 299 1453 Et
333 1399 472 1455 dibu
499 1408 698 1454 terram
731 1398 783 1451 in
803 1397 1185 1472 solitudinem,
1216 1408 1270 1472 et
1300 1399 1355 1453 in
1379 1398 1676 1467 desertum,
1927 1397 2065 1454 Ecce
2090 1400 2327 1472 egoipse
2343 1415 2507 1470 super
2521 1410 2765 1471 pastores
2792 1400 3064 1472 requiram
3087 1416 3308 1472 gregem
3332 1418 3511 1460 meum

302 1480 359 1524 et
388 1471 527 1538 detic
550 1482 603 1525 et
632 1469 863 1538 superba
897 1469 1159 1524 fortitudo
1190 1470 1341 1540 ejus:
2067 1470 2134 1523 de
2163 1486 2320 1525 manu
2347 1469 2534 1527 eorum
2558 1514 2572 1538 ,

236 1540 309 1595 Et
337 1541 722 1617 desoiabttlttttl‘
750 1551 961 1617 montes
992 1540 1185 1602 Israel,
1992 1549 2049 1596 et
2079 1555 2300 1617 cessare
2321 1558 2423 1617 eos
2447 1541 2634 1617 iaciam
2663 1552 2785 1617 ,_ut
2824 1544 2966 1600 ultra
2998 1556 3101 1597 non
3134 1554 3354 1613 pascant
3388 1560 3513 1617 gre-

297 1630 364 1667 eo
395 1613 534 1679 quod
566 1613 744 1665 nullus
775 1613 844 1685 sit
869 1612 958 1680 qui
990 1629 1083 1678 per
1107 1627 1203 1668 cos
1236 1621 1497 1681 transeat.
2062 1627 2183 1681 gctn
2217 1612 2322 1684 [Αἰ.
2356 1614 2480 1666 add.
2514 1613 2711 1685 meum]
2737 1657 2751 1677 ,

236 1683 302 1737 Et
332 1688 508 1739 scient
532 1685 656 1752 quia
688 1698 787 1749 ego
810 1682 1094 1755 Dominus,
1450 1750 1469 1755 _
1528 1753 1540 1755 7
1648 1751 1660 1755 _
1926 1753 1960 1755 _
1994 1697 2095 1755 nec
2128 1682 2350 1750 pascant
2374 1686 2605 1752 amplius
2634 1682 2880 1755 pastores
2911 1685 3237 1754 semetipsos
3267 1704 3280 1741 :

299 1771 421 1811 cuin
448 1750 648 1854 tit-dero
687 1763 883 1809 teriam
931 1753 1054 1825 [ΑΙ.
1084 1754 1210 1808 add.
1241 1750 1471 1826 eorum]
1511 1751 1811 1810 desolatam
1844 1793 1895 1854 Δ
1924 1753 1989 1809 Ει
2018 1750 2501 1854 l7iberabo7gregeni
2534 1750 2712 1837 meum
2742 1757 2807 1811 de
2832 1772 2928 1811 ore
2958 1750 3143 1815 eorum
3164 1799 3179 1824 ,

370 1836 427 1881 et
452 1827 742 1891 desertam,
1844 1827 1895 1854 λ’
1993 1833 2049 1878 et
2076 1842 2181 1877 non
2208 1827 2313 1879 erit
2339 1827 2473 1879 ultra
2504 1828 2582 1880 eis
2608 1827 2659 1879 io
2687 1842 2888 1882 escam.

296 1909 524 1967 propter
548 1900 836 1951 universas
863 1895 1297 1955 abominationes
1324 1912 1477 1966 suas,
1502 1912 1641 1966 quas
1685 1910 1817 1967 ope-
1922 1896 2055 1967 Quia
2088 1894 2204 1952 haec
2229 1896 2357 1957 dicit
2384 1898 2645 1952 Dominus
2677 1902 2848 1953 Deus:

371 1971 472 2049 rati
501 1978 682 2049 suut._
730 2039 741 2049 7
1728 1966 1733 1967 ⁷
1922 1966 2062 2022 Ecce
2091 1982 2193 2049 ego
2225 1969 2337 2049 pse
2368 1969 2639 2038 requiram
2662 1984 2793 2024 oves
2821 1984 2999 2039 meas,

229 2039 295 2095 Et
332 2050 408 2105 tn,
442 2040 512 2094 iiii
538 2039 806 2095 hominis:
1990 2047 2042 2092 et
2064 2038 2291 2093 visitabo
2320 2054 2431 2093 eas.
2986 2038 2989 2039 ⁷
3446 2104 3449 2107 _

297 2111 394 2165 filii
430 2113 605 2181 populi
642 2112 713 2165 tui
740 2153 755 2183 ,
789 2110 876 2179 qui
905 2109 1199 2178 loquuntur
1226 2110 1293 2169 de
1328 2117 1381 2166 te
1406 2111 1561 2183 juxta
1593 2123 1811 2177 muros,
1920 2107 2073 2165 Sicut
2099 2110 2280 2183 i'isitat
2306 2122 2487 2183 pastor
2508 2125 2723 2180 gregem
2751 2126 2932 2176 suum,
2956 2111 3007 2165 in
3036 2111 3126 2167 die
3148 2111 3375 2179 quando
3397 2111 3513 2169 fue-

368 2193 420 2235 et
449 2184 500 2235 in
532 2183 687 2236 ostiis
718 2182 1022 2250 domorum,
1410 2181 1417 2183 ⁷
2066 2181 2137 2234 rit
2165 2181 2218 2235 in
2253 2182 2428 2235 medio
2456 2184 2637 2237 ovium
2666 2197 2884 2237 suarum
2918 2183 3304 2250 dissipatarum
3334 2202 3344 2235 :

299 2254 558 2310 etdicunt
578 2268 714 2309 unus
737 2254 802 2308 ad
829 2256 1079 2319 alterum,
1110 2253 1194 2309 vir
1223 2253 1288 2309 ad
1319 2252 1621 2323 proximum
1652 2266 1812 2308 suum
1988 2251 2071 2323 sic
2098 2252 2326 2306 visitabo
2349 2268 2477 2308 oves
2505 2266 2731 2318 meas,et
2762 2254 3009 2309 liberabo
3031 2270 3122 2311 eas
3163 2255 3232 2311 de
3257 2253 3513 2313 omnibus

368 2327 687 2396 loquentes:
735 2394 763 2396 _7
1321 2322 1329 2323 ⁷
1616 2393 1647 2396 77
1990 2322 2123 2378 locis
2144 2365 2158 2387 ,
2207 2326 2257 2377 in
2288 2324 2499 2396 quibus
2531 2326 2787 2395 dispersae
2813 2326 3028 2380 t'uerant
3059 2326 3112 2380 in
3145 2324 3231 2385 die
3257 2325 3413 2387 nubis

296 2393 519 2460 Venite,
556 2406 613 2450 et
644 2394 927 2451 audiamus
973 2396 1094 2466 quis
1136 2396 1207 2457 sit
1246 2410 1436 2450 sermo
1467 2393 1753 2465 egrediens
1780 2409 1808 2449 a
1919 2464 1956 2466 _
2054 2405 2115 2466 et
2140 2394 2407 2465 caliginis.

374 2468 625 2540 Domitio.
903 2537 912 2540 _
1183 2536 1213 2540 77
1504 2462 1536 2540 '7
1916 2464 1983 2520 Et
2014 2462 2378 2540 educatn'eas
2422 2466 2490 2524 de
2533 2466 2747 2538 populis
2770 2508 2787 2535 ,
2824 2476 2887 2523 et
2925 2467 3267 2540 congregatio
3314 2481 3407 2537 eas
3445 2462 3516 2529 de

221 2535 296 2591 Et
323 2542 546 2593 veniunt
565 2539 628 2592 ad
664 2547 734 2602 te,
763 2537 916 2607 quasi
943 2538 986 2592 si
1013 2536 1344 2609 ingrediatur
1375 2536 1637 2608 populus,
2058 2538 2217 2609 terris
2238 2581 2251 2604 ,

293 2620 347 2663 et
370 2611 560 2664 sedent
586 2625 765 2665 coram
801 2621 850 2663 te
884 2608 1108 2678 populus
1138 2625 1329 2671 incus:
1988 2620 2041 2661 et
2065 2608 2313 2663 inducam
2339 2625 2432 2664 eas
2456 2609 2508 2663 in
2540 2618 2739 2664 terram
2769 2623 2920 2665 suam
2956 2626 2970 2664 :

216 2677 289 2733 Et
317 2683 537 2736 audiunt
565 2695 845 2737 sermones
877 2677 1019 2747 tuos,
1042 2692 1103 2739 et
1135 2696 1238 2734 nou
1273 2680 1476 2737 faciunt
1503 2692 1641 2736 eos:
1918 2678 1981 2733 Et
2015 2694 2229 2748 pascam
2259 2696 2351 2736 eas
2382 2681 2435 2737 in
2464 2681 2743 2738 montibus
2766 2681 2972 2746 tsrael,

293 2754 417 2820 quia
450 2756 501 2806 in
533 2753 803 2807 canticum
835 2752 944 2805 oris
971 2753 1051 2805 sui
1085 2763 1304 2807 vertunt
1333 2752 1481 2822 illos,
1918 2820 1933 2822 _
1989 2751 2041 2804 in
2074 2750 2230 2822 rivis,
2264 2754 2393 2805 etin
2426 2754 2633 2807 eum-tis
2659 2752 2878 2807 sedibus
2909 2762 3095 2809 terrae.

288 2833 346 2877 et
371 2825 653 2879 avaritiam
682 2838 834 2880 suam
864 2827 1107 2893 sequitur
1138 2838 1233 2877 cor
1264 2820 1474 2879 eorum.
1652 2892 1659 2893 7
1918 2820 1973 2873 In
2009 2821 2223 2890 pascuis
2256 2822 2542 2879 uberrimis
2572 2839 2786 2892 pascam
2821 2838 2941 2887 eas,
3332 2868 3333 2871 η

216 2891 283 2946 Et
315 2910 374 2949 es
403 2896 480 2951 eis
506 2897 658 2965 quasi
686 2910 905 2949 carmen
946 2891 1210 2951 musicum
1231 2937 1245 2960 ,
1279 2894 1421 2964 quod
1445 2894 1600 2950 suavi
1630 2892 1807 2952 dulci-
1913 2960 1949 2965 __
1978 2904 2039 2965 et
2060 2893 2112 2946 in
2150 2894 2423 2948 montibus
2440 2891 2669 2949 excelsis
2694 2893 2855 2949 Ιςινειυί
2877 2904 3035 2949 erunt
3056 2909 3250 2964 pascua
3278 2910 3465 2951 earum
3492 2912 3510 2951 :

362 2983 465 3035 quo
492 2960 626 3020 son»
652 2969 900 3022 canitur:
1295 2960 1311 2964 ⁷
1912 2960 1990 3017 lbi
2020 2969 2361 3033 rt'qttiescent
2392 2968 2443 3019 in
2476 2965 2660 3019 herbis
2694 2966 2988 3021 virentibus
3010 3007 3025 3032 ,

290 3045 346 3090 et
372 3038 592 3091 audient
627 3041 782 3092 verba
811 3046 925 3103 tua,
956 3048 1009 3091 et
1040 3053 1144 3091 nou
1168 3035 1372 3109 facient
1400 3052 1485 3093 ea.
1982 3045 2037 3088 et
2060 3035 2135 3109 _in
2180 3036 2390 3109 pascuis
2435 3038 2723 3109 pinguibus
2763 3051 3052 3106 pascentur
3081 3050 3245 3107 super
3286 3047 3504 3095 montes

212 3103 288 3161 Et
311 3121 432 3162 cum
466 3111 674 3167 venerit
692 3111 835 3180 quod
864 3110 1180 3179 praedictum
1211 3117 1294 3163 est
1322 3108 1348 3180 ε(
1371 3124 1499 3163 ecce
1532 3109 1684 3179 enim
1711 3124 1801 3166 ve-
1914 3174 1955 3180 _
2055 3103 2239 3160 Israel.

359 3180 490 3247 nit),
709 3174 725 3180 ’
864 3174 881 3179 ⁷
1322 3174 1348 3180 ’⁷
1516 3184 1519 3185 ⁷
1668 3176 1669 3179 “
1834 3187 1879 3249 C
1912 3174 2030 3246 Ego
2059 3192 2275 3247 pascam
2306 3192 2435 3232 oves
2462 3193 2645 3249 meas.

280 3256 415 3323 tunc
442 3252 611 3307 scient
644 3251 786 3322 quod
832 3250 1129 3322 prepltetes
1158 3249 1321 3305 fuerit
1372 3250 1514 3305 inter
1552 3265 1646 3306 eos
1676 3249 1802 3323 [AL
1852 3247 1877 3249 “
1919 3318 1943 3323 7
1985 3258 2160 3323 et7ego
2190 3263 2283 3323 cas
2313 3249 2583 3323 accubare
2628 3247 2816 3305 faciam
2837 3289 2850 3315 ,
2880 3247 3010 3307 dicit
3038 3249 3305 3319 Dominus
3335 3250 3507 3317 Deus.

358 3322 409 3375 iu
432 3324 621 3393 tnetlio
645 3318 879 3393 eorum].
937 3318 949 3321 ⁷
1310 3390 1319 3393 7
1478 3392 1499 3393 7
1619 3392 1626 3393 7
1678 3318 1697 3323 ⁷
1909 3318 2061 3387 Quod
2090 3318 2359 3393 perierat,
2390 3320 2659 3390 requiram
2678 3360 2695 3388 ,

205 3387 362 3463 [ϐαρ.
398 3392 667 3465 Χχχινλ
715 3394 786 3448 Et
832 3387 1027 3451 factum
1074 3401 1161 3448 est
1208 3390 1432 3448 verbum
1475 3392 1690 3448 Domini
1733 3393 1803 3449 ad
1978 3387 2200 3465 etquod
2226 3387 2493 3465 abiectum
2524 3400 2671 3465 erat,
2705 3389 2996 3465 reducam,

354 3479 440 3518 me
470 3460 696 3521 dicens:
1975 3473 2028 3515 et
2061 3462 2202 3530 quod
2231 3460 2564 3516 Confraclmn
2601 3462 2806 3527 fuerat,
2840 3462 3071 3531 alligabo
3091 3503 3106 3525 ,

204 3528 311 3586 Fili
340 3532 605 3603 hominis,
1975 3543 2029 3586 et
2052 3528 2195 3601 quod
2223 3532 2493 3587 inﬁrmum
2524 3532 2728 3598 fuerat,
2759 3528 3145 3600 Consolidabo,

281 3607 541 3673 preplieta
574 3609 641 3661 de
674 3606 980 3675 pastoribus
1008 3605 1173 3662 Israel
1203 3622 1218 3672 ;
1973 3613 2028 3658 et
2057 3606 2199 3672 quod
2229 3606 2427 3675 pingue
2449 3613 2503 3659 et
2529 3605 2698 3670 forte,
2731 3603 3035 3661 custodiam
3068 3620 3081 3658 :

268 3679 561 3744 .prOpIteta,
594 3686 649 3734 et
672 3674 819 3733 dices
852 3678 1195 3747 pastoribus:
1901 3743 1943 3747 __
1971 3685 2026 3729 et
2055 3690 2272 3745 pascam
2304 3674 2427 3730 illas
2453 3676 2504 3730 in
2532 3674 2756 3747 judicio.

200 3742 329 3817 Haec
352 3742 481 3803 dicit
514 3742 775 3804 Doo‘iiuus
806 3742 946 3805 Deus
975 3767 988 3803 :
1898 3743 2010 3817 Eos
2045 3742 2260 3810 autem,
2306 3762 2493 3817 greges
2525 3742 2628 3802 mei
2651 3789 2667 3814 ,
2703 3745 2818 3802 lucc
2844 3746 2975 3801 dicit
3007 3746 3269 3804 Dominus
3302 3749 3443 3807 Deus
3475 3770 3487 3805 :

276 3816 370 3873 Va:
396 3824 705 3889 pastoribus
728 3821 931 3887 isi-ae],
969 3820 1058 3891 qui
1086 3817 1392 3891 pascebant
1414 3817 1791 3891 semetipsos:
1898 3814 2052 3891 Ecce
2079 3833 2180 3891 ego
2223 3814 2425 3886 judico'
2444 3819 2583 3873 inter
2626 3834 2790 3889 pecus
2828 3826 2885 3873 et
2924 3832 3126 3888 pecus,
3179 3820 3409 3876 arietum
3440 3831 3500 3880 et

275 3878 454 3945 nmine
474 3907 666 3961 greges
697 3878 1003 3959 pascuut'nr'
1022 3907 1051 3945 a
1083 3878 1445 3961 pastoribus?
1622 3878 1638 3890 ’
1894 3956 1939 3961 __
2040 3878 2339 3942 hirvcor'um.

196 3955 309 4014 Lac
339 3955 725 4029 conﬁdebam,
757 3975 811 4017 et
841 3964 977 4017 lanis
1005 3955 1395 4030 operiebatnini
1418 3998 1436 4028 ,
1892 3956 2083 4031 Nonne
2112 3961 2244 4023 satis
2274 3961 2426 4013 Vobis
2454 3969 2569 4014 erat
2603 3974 2852 4028 pasrnam
2889 3960 3080 4014 bonam
3114 3962 3370 4031 depasci?

268 4041 323 4085 et
353 4036 493 4099 quod
528 4050 773 4089 crassum
804 4042 920 4089 erat
946 4074 961 4094 ,
995 4031 1360 4089 occidebatis:
1963 4030 2183 4099 insuper
2211 4040 2263 4084 et
2291 4032 2551 4099 reliquias
2576 4046 2902 4099 pascttarum
2930 4030 3233 4090 vestrarum
3265 4036 3491 4093 concul-

267 4117 483 4174 gregem
510 4114 690 4160 autem
724 4122 900 4160 meum
929 4121 1033 4158 non
1069 4100 1393 4174 pascebatis,
1891 4170 1929 4174 _
2034 4104 2199 4156 castis
2231 4103 2460 4174 pedibus
2495 4103 2689 4156 vestris
2729 4118 2744 4155 :

196 4169 652 4238 Quod'intirmutn
687 4177 810 4244 fuit,
837 4193 944 4231 non
972 4169 1387 4235 consolidastis,
1890 4170 1959 4225 Et
1986 4186 2106 4227 cum
2134 4169 2476 4240 purissimam
2509 4187 2701 4242 aquam
2730 4173 3024 4242 biberetis,

268 4256 321 4298 et
348 4248 488 4314 qttod
521 4256 805 4315 mgrotnm,
834 4262 937 4301 non
968 4250 1232 4311 sanastis,
1486 4314 1493 4315 7
1887 4311 1925 4315 _
1960 4245 2218 4313 reliquam
2253 4244 2476 4310 pedibus
2510 4247 2703 4298 vestris
2730 4246 3055 4303 turbabatis.

266 4311 408 4385 quod
440 4311 667 4373 fractum
697 4330 776 4373 rst
805 4318 913 4391 [AL
941 4318 1100 4390 erat],
1137 4313 1561 4391 nonalligastis,
1885 4311 1955 4367 Et
2000 4311 2130 4391 eyes
2168 4331 2304 4370 mea:
2353 4315 2435 4368 his
2456 4356 2489 4391 ,7
2512 4331 2632 4383 qua:
2671 4317 2989 4372 conculcata
3037 4317 3266 4388 pedibus
3300 4318 3495 4375 vestris

261 4384 319 4441 et
342 4394 481 4455 quod
516 4391 783 4455 abiectum
807 4384 917 4453 est,
940 4384 1398 4454 non'reduiistis,
2028 4384 2275 4451 fuerant,
2309 4386 2674 4456 pascebantur
2708 4406 2721 4441 :

260 4467 315 4530 et
342 4460 484 4528 quod
518 4462 775 4530 perierat,
804 4478 912 4514 non
955 4460 1263 4530 quaesistis:
1887 4526 1912 4530 _
1954 4466 2008 4512 et
2048 4474 2167 4526 qua:
2207 4457 2576 4530 pedesvestri
2625 4458 3007 4530 turbaverant,
3044 4460 3162 4515 haec
3206 4458 3489 4516 bibebant.

193 4527 305 4583 Sed
357 4526 478 4611 cum
518 4526 845 4586 austeritate
896 4526 1245 4601 iinperabatis
1290 4530 1404 4596 eis,
1446 4538 1645 4588 etcum
1678 4548 1775 4605 po-
1807 4571 1859 4633 Ι)
1886 4526 2487 4633 Eroptereabmcdi‘cit
2520 4528 2783 4609 Dominus
2819 4531 2958 4587 Deus
2987 4526 3055 4587 ad
3086 4545 3223 4586 eos:

336 4608 497 4633 Innhn
1902 4613 2023 4633 «non
2055 4615 2153 4633 nam
2182 4616 2296 4633 Innn
2345 4616 2391 4633 In
2441 4613 2525 4633 mn
2556 4609 2693 4633 nun-
2733 4615 2896 4633 nnnnn
2942 4603 3139 4633 ηἶηηηη
3210 4617 3223 4633 ι

336 4601 521 4674 tentia.
972 4597 992 4601 “
1330 4670 1344 4674 _
1678 4597 1697 4605 ’
1810 4597 1859 4633 υ
1884 4598 2154 4674 Ecce7ego
2181 4599 2297 4666 ipse
2336 4597 2525 4668 judico
2555 4600 2693 4655 inter
2732 4615 2898 4669 pecus
2942 4603 3172 4674 pingue,
3209 4610 3268 4658 et
3312 4601 3484 4657 maci-

188 4668 260 4723 Et
288 4669 549 4738 dispersa:
578 4682 700 4725 sunt
743 4688 870 4737 oves
911 4686 1048 4727 mete
1070 4712 1083 4734 ,
1118 4685 1183 4725 eo
1206 4670 1345 4745 quod
1377 4688 1482 4727 non
1510 4683 1655 4729 esset
1686 4690 1777 4745 pa-
2029 4669 2234 4725 lentum
2265 4686 2281 4724 :

327 4750 477 4815 stur:
691 4814 698 4815 7
788 4814 795 4815 7
997 4813 1006 4815 7
1222 4741 1229 4745 ⁷
1335 4812 1345 4815 _
1478 4814 1485 4815 7
1600 4814 1603 4815 7
1687 4741 1698 4745 ⁷
1953 4755 2052 4810 pro
2080 4756 2145 4793 eo
2175 4741 2317 4815 quod
2354 4741 2617 4815 lateribus
2643 4750 2698 4796 et
2724 4741 2965 4799 humeris
2990 4744 3405 4815 impingebatis,

256 4822 311 4868 et
336 4811 493 4868 facta:
529 4821 656 4867 sunt
688 4814 739 4868 in
767 4813 1170 4870 devorationem
1201 4812 1442 4868 omnium
1472 4814 1773 4871 bestiarum
1952 4821 2007 4866 et
2056 4813 2316 4868 cornibus
2365 4813 2563 4869 veStris
2611 4815 2952 4871 ventilabatis
3019 4811 3201 4872 οῶιιὶἷὶ
3265 4814 3483 4883 inﬁrma

326 4886 462 4953 agri,
490 4896 544 4939 et
566 4886 831 4953 dispersae
859 4895 1010 4943 sunt.
2026 4897 2220 4952 Ρθεθΐδ
2241 4924 2257 4948 9

185 4952 519 5010 Erraveruut
559 4952 757 5028 greges
809 4957 913 5012 mei
963 4957 1016 5011 in
1046 4955 1260 5011 .cnnctis
1291 4956 1563 5015 montibus
1589 5000 1604 5025 ,
1634 4965 1687 5013 et
1714 4957 1771 5023 in
1885 5026 1907 5028 77
1951 4953 2125 5028 donec
2154 4954 2593 5024 dispergerentur
2621 4955 2767 5011 foras
2800 4976 2811 5010 :

324 5025 741 5083 universo'colle
768 5029 986 5083 excelso
1019 5047 1030 5080 :
1231 5098 1239 5099 7
1434 5098 1439 5099 7
1876 5025 2347 5099 Salvabogregem
2373 5036 2647 5091 tneum,et
2677 5043 2786 5083 non
2816 5028 2921 5083 erit
2948 5028 3092 5084 ultra
3123 5029 3177 5084 in
3208 5028 3480 5099 rapinam,

250 5106 307 5153 et
344 5114 506 5167 super
534 5115 753 5155 onmem
786 5100 977 5155 [aciem
1022 5111 1181 5153 terrae
1212 5098 1447 5169 diSpCI‘Si
1485 5106 1611 5155 sunt
1637 5114 1766 5170 gre-
1886 5168 1920 5170 _
1951 5108 2004 5151 et
2030 5096 2286 5170 judicabo
2312 5098 2451 5151 inter
2483 5113 2645 5167 pecus
2672 5110 2725 5154 et
2756 5113 2945 5169 pecus.

319 5184 415 5241 ges
441 5171 581 5234 mei,
874 5240 884 5243 7
1302 5168 1309 5169 ⁷
1644 5168 1661 5170 ⁷
1883 5168 2244 5226 Etsuseitabo
2269 5183 2437 5237 super
2458 5184 2521 5243 e_a
2550 5168 2821 5243 pastorem
2845 5184 3036 5239 unum,
3065 5172 3157 5243 qui
3186 5179 3375 5243 pascat
3400 5183 3488 5240 ea,

252 5248 307 5294 et
334 5240 440 5296 non
471 5255 590 5298 erat
618 5242 707 5313 qui
738 5240 1040 5313 requireret
1070 5282 1083 5307 ,
2020 5255 2237 5299 servum
2257 5255 2440 5297 meum
2473 5240 2642 5296 David
2673 5258 2691 5299 :

173 5445 317 5528 hunc
342 5443 520 5500 locum
549 5466 561 5503 :
590 5447 872 5532 Sciendum
894 5457 970 5503 est
996 5490 1009 5516 ,
1037 5449 1233 5532 inquit,
1243 5448 1384 5520 quod
1397 5464 1531 5532 ocro
1546 5448 1668 5522 plus
1697 5451 1775 5505 vel
1877 5457 1990 5505 stra
2027 5450 2181 5518 juxta
2215 5448 2531 5521 Hieronymi
2582 5451 2963 5529 recensionem
3010 5447 3264 5506 versiculi
3288 5460 3483 5504 nume-

168 5519 338 5593 minus
368 5532 558 5593 versus
579 5518 640 5593 ob
670 5522 729 5574 eo
760 5519 874 5574 loco
900 5538 1052 5591 quem
1080 5518 1350 5593 posuimus
1375 5537 1393 5574 :
1426 5518 1610 5593 Quian
1636 5536 1762 5576 san—
1878 5530 2095 5593 rantur.

166 5590 330 5665 guine
348 5588 659 5657 comeditis,
694 5602 745 5645 et
774 5588 963 5665 oculos
991 5588 1200 5665 vestros
1221 5593 1413 5645 levatis
1437 5588 1501 5647 ad
1533 5592 1765 5648 ἰιιηιὶιιη·
1948 5599 1974 5627 ⁸
2017 5592 2147 5647 Mes.
2184 5592 2389 5665 legunt
2433 5591 2636 5662 absque
2686 5594 2778 5649 illo
2810 5593 3137 5665 pronomine
3159 5632 3175 5658 ,
3211 5605 3390 5663 greges
3421 5589 3477 5643 in

167 5658 587 5735 ditiasyestras,
618 5678 775 5735 usque
810 5664 878 5716 ad
909 5664 1219 5735 euutjucum
1249 5665 1335 5717 ubi
1359 5666 1761 5735 scriptunrest;
1870 5665 2130 5733 rapinam.
2179 5658 2358 5718 Μιξιιτ.
2396 5694 2468 5706 --
2505 5658 2783 5722 Pa'atinus
2810 5658 3055 5735 'quoque
3108 5658 3474 5735 ms.v7pi‘t_)_t_t0-

166 5728 470 5809 Hzec7dices
500 5732 564 5786 ad
592 5728 846 5809 e_os':7Sic
874 5734 1005 5809 dicit
1033 5734 1297 5809 Dominus
1326 5728 1514 5809 Deus;
1538 5736 1588 5787 in
1612 5733 1757 5790 LXX
1864 5728 1990 5809 meo
2021 5735 2142 5803 mei,
2194 5740 2416 5804 reticet,
2474 5738 2617 5809 quod
2661 5745 2745 5796 est
2794 5728 2977 5798 tamen
3013 5737 3072 5795 in
3122 5731 3482 5807 originalibus

164 5816 270 5857 non
302 5798 575 5858 habentur.
610 5803 873 5861 Nimirum
915 5806 1138 5863 totidem
1177 5806 1232 5862 in
1267 5807 1365 5862 hac
1392 5807 1629 5864 editione
1656 5822 1757 5865 no-
1861 5804 2038 5864 libris.
