2025 3178
106 118 161 149 995

179 185 242 207 rum
259 184 352 207 coram
368 184 424 206 me.
749 179 767 206 μ

107 214 144 243 Et
163 214 251 242 effudi
271 214 487 250 indignationem
504 219 591 241 meam
614 219 696 248 super
712 220 762 242 eos
782 221 832 250 pro
847 220 910 242 san-

178 250 267 285 guine
277 271 285 282 ,
300 257 382 285 quem
394 249 522 277 fuderunt
532 256 615 285 super
633 253 732 277 terram
743 271 750 284 ,

143 290 172 314 et
188 287 216 313 itt
232 286 315 314 idolis
329 286 385 313 suis
401 286 557 320 polluerunt
571 293 644 312 eam.

108 321 145 350 Et
156 321 280 356 dispersi
291 328 338 349 eos
349 321 375 348 in
388 325 483 356 gentes
494 342 502 354 ,
514 326 542 348 et
551 320 674 348 ventilati
686 325 750 349 sunt
763 321 791 349 in
803 325 890 349 terras
902 329 908 347 :

140 357 220 394 juxta
233 357 302 398 .vias
319 364 432 392 eorum,
453 361 481 385 et
497 356 705 385 adiuventiones
725 364 822 385 eorum
839 357 912 393 judi-

179 399 241 420 σπι
261 400 320 421 608.

108 428 141 457 Et
151 427 269 464 ingressi
281 432 344 456 sunt
355 429 389 456 ad
404 432 508 464 gentes,
522 427 555 455 ad
566 435 633 463 quas
648 427 819 463 introierunt,

143 468 171 492 et
184 464 344 499 polluerunt
358 471 457 492 nomen
473 468 596 492 sanctum
608 471 697 491 meum
710 484 718 496 ,

143 507 205 528 cum
221 499 361 528 diceretur
370 500 405 528 de
418 500 457 528 eis
471 508 479 527 :
491 499 607 535 Populus
621 499 727 527 Domlui
748 500 799 528 iste
821 502 873 534 est,

143 541 171 563 et
185 535 220 563 de
235 541 309 563 terra
320 535 379 570 ejus
403 536 505 571 egressi
518 539 591 563 sunt.

109 571 142 600 Et
151 571 262 606 peperci
278 571 381 599 nomini
404 579 465 599 meo
479 576 588 602 sancto,

142 607 216 643 quod
229 607 365 642 polluerat
387 606 485 636 domus
499 606 581 635 Israel
594 606 621 634 in
633 606 770 642 gentibus,
787 606 820 635 ad
844 612 912 642 quas

178 643 296 677 ingressi
322 646 394 670 sunt.

107 677 211 706 Idcirco
226 678 306 706 dices
316 678 406 705 domui
427 677 509 706 Israel
525 686 531 704 :

110 714 174 741 Haec
188 713 257 741 dicit
275 713 406 741 Dominus
422 713 494 741 Deus
510 722 517 741 :

107 748 165 778 Non
181 753 297 784 propter
308 757 356 777 vos
367 757 417 785 ego
430 749 538 781 faciam,
554 749 650 777 domus
668 749 761 782 Israel,

142 786 190 812 sed
207 790 322 819 propter
336 784 434 813 nomen
448 789 572 812 sanctum
586 793 690 820 meum,
706 784 779 821 quod
793 785 912 821 polluisti

180 821 205 847 in
218 821 347 855 gentibus
363 821 395 848 ad
416 827 482 856 quas
496 821 626 848 intrastis.

108 856 142 885 Et
154 856 333 884 sanctilicabo
348 855 445 884 nomen
459 863 548 884 meum
565 864 703 892 maguum,
720 855 791 892 quod
819 855 911 891 pollu-

179 897 235 919 tum
252 897 296 920 est
312 892 381 919 inter
392 897 497 928 gentes,

143 928 215 963 quod
233 928 370 962 polluistis
388 927 414 955 in
429 927 519 955 medio
533 935 626 956 earum
643 936 650 955 :

109 963 144 992 Ut
154 962 246 991 Sciant
260 968 355 1000 gentes
369 963 378 1000 [
392 962 435 990 Αι.
451 968 516 991 tacet
527 963 719 999 gentes]quia
744 970 795 999 ego
816 962 911 991 Domi-

179 1007 244 1032 nus,
257 1000 298 1026 ait
321 999 451 1027 Dominus
462 1000 641 1032 exercituum,

142 1042 204 1063 cum
219 1034 408 1063 sanctificatus
422 1035 499 1062 fuero
520 1035 545 1062 in
557 1036 634 1063 vobis
649 1041 740 1062 coram
754 1034 805 1063 eis.

108 1069 213 1098 Tollam
227 1071 327 1105 quippe
346 1078 394 1097 vos
408 1070 441 1098 de
463 1072 599 1106 gentibus,

143 1111 171 1134 et
190 1107 365 1142 congregabo
392 1113 440 1134 vos
454 1105 517 1141 [ΑΙ.
537 1111 602 1133 tacet
625 1105 698 1142 vos]
718 1106 752 1134 de
778 1105 914 1134 universis

182 1143 278 1175 terris,

144 1182 170 1204 et
187 1177 324 1204 adducam
346 1185 396 1204 vos
410 1177 437 1205 in
450 1181 552 1206 terram
569 1182 701 1210 vestram,

109 1211 293 1249 Etelfundarm
307 1221 388 1248 super
405 1220 453 1241 vos
468 1221 564 1249 aquam
589 1213 729 1246 mundam,

144 1252 173 1276 et
184 1247 384 1276 mundabimini
393 1248 427 1277 ab
440 1247 566 1277 omnibus
575 1247 788 1283 inquinamentis
803 1247 914 1281 vestris,

145 1289 173 1312 et
188 1284 225 1312 ab
242 1284 378 1312 universis
389 1284 468 1312 idolis
483 1285 581 1312 veStris
595 1284 731 1312 mundabo
746 1291 806 1311 vos.

55 1347 58 1351 ,
110 1319 143 1348 Et
153 1319 226 1348 dabo
241 1320 320 1348 vobis
335 1327 383 1348 cor
397 1328 509 1354 novum,

145 1358 175 1383 et
184 1356 313 1389 spiritum
325 1363 424 1383 novum
439 1363 537 1391 ponam
551 1356 576 1384 in
593 1355 685 1384 medio
695 1355 777 1383 vestri
794 1363 800 1381 :

110 1390 147 1419 Et
158 1391 282 1419 auferam
297 1398 345 1418 cor
361 1390 496 1427 lapideum
512 1393 546 1420 de
560 1399 642 1420 carne
656 1396 761 1424 vestra,

146 1431 175 1454 et
191 1427 265 1454 dabo
279 1427 358 1455 vobis
372 1435 420 1455 cor
433 1435 574 1455 carneum.

111 1461 146 1490 Et
160 1463 289 1498 spiritum
305 1470 395 1491 meum
417 1471 516 1498 ponam
531 1463 559 1491 in
577 1462 667 1491 medio
681 1462 763 1491 vestri
781 1471 788 1490 :

147 1503 177 1525 et
192 1498 302 1533 faciam,
316 1503 346 1526 ut
360 1499 386 1526 in
398 1499 539 1534 praeceptis
551 1500 619 1526 meis
633 1498 776 1525 ambulctis

147 1538 176 1562 et
204 1532 406 1605 ggdicia1mea'
428 1532 587 1562 custodiatis
614 1539 641 1561 et
667 1533 818 1569 operemini
845 1532 913 1569 [ΑΙ.

184 1578 201 1596 a
246 1590 251 1596 .
279 1577 310 1597 ea
334 1589 342 1596 .

184 1577 251 1596 aaa.
279 1577 310 1597 ea
326 1577 342 1597 1ο

112 1604 149 1633 Ει
161 1604 320 1641 habitabilis
334 1606 361 1641 in
377 1609 459 1639 terra,
473 1613 554 1641 quam
581 1604 642 1633 dedi
658 1604 779 1640 patribus
794 1604 892 1633 vestris
906 1613 914 1632 :

148 1645 177 1668 et
190 1641 270 1668 eritis
285 1640 393 1677 mibi_in
414 1640 555 1677 populum,

148 1681 179 1703 et
192 1682 245 1710 ego
258 1683 306 1703 ero
321 1675 396 1703 vobis
414 1675 441 1704 in
459 1677 552 1704 Deum.

112 1710 150 1740 Et
174 1710 287 1739 salvabu
298 1718 348 1738 vos
362 1719 395 1739 ex
417 1712 549 1740 universis
565 1711 776 1747 inquinamentis
796 1710 915 1740 vestris:

149 1747 290 1774 etvocabo
303 1747 479 1781 frumentum,
493 1752 520 1775 et
532 1748 719 1783 multiplicabo
735 1747 815 1780 illud,

150 1786 180 1810 et
192 1790 246 1810 non
259 1783 395 1817 imponam
410 1787 424 1802 ⁸
439 1784 515 1811 vobis
537 1782 648 1811 famem.

115 1818 150 1847 Et
161 1817 480 1855 multiplicaborfructum
494 1819 571 1855 ligni,
589 1824 617 1847 et
636 1819 772 1855 genimina
783 1818 851 1854 agri,

151 1858 183 1890 ut
193 1861 246 1881 nou
259 1854 372 1890 ponetis
382 1855 453 1882 ultra
464 1854 728 1890 opprobrium’famis
739 1856 765 1882 in
779 1854 915 1890 gentibus.

149 1889 190 1918 'Et
203 1889 411 1918 recordabimini
428 1889 532 1918 viarum
544 1896 695 1918 vestrarum
724 1891 916 1925 pessimarum,

188 1925 395 1960 studiorumque
405 1933 458 1953 non
473 1925 606 1953 bonorttm
618 1934 626 1956 ;

153 1964 183 1989 et
195 1960 377 1996 displicebant
389 1961 467 1989 vobis
480 1961 634 1997 iniquitates
653 1966 763 1996 vestrae,
775 1967 802 1990 et
815 1961 917 1990 scelera

191 2001 281 2025 vestra
286 2017 293 2023 .

118 2031 177 2060 Non
191 2036 313 2095 lpropter
326 2039 375 2095 vgs
384 2039 435 2069 ego
449 2032 556 2068 faciam,
573 2034 611 2061 ait
626 2033 758 2062 Dominus
768 2033 851 2068 Deus,
867 2040 918 2062 no-

203 2076 249 2095 um
260 2075 282 2095 SI
308 2076 342 2095 νο
362 2076 385 2095 ιε
398 2078 404 2095 :

191 2074 249 2096 tum
260 2073 296 2095 δη
308 2073 385 2096 VODIS
398 2078 404 2096 Ζ

119 2102 348 2141 Confundimini._
360 2108 388 2132 et
415 2104 567 2133 erubescite
588 2112 671 2141 super
682 2105 733 2134 viis
749 2105 858 2141 vestris,
870 2104 920 2133 do-

190 2146 252 2167 mus
267 2139 360 2167 Israel.

121 2174 183 2204 “me
195 2175 263 2203 dicit
284 2175 413 2203 Dominus
432 2175 523 2204 Deus:

125 2210 153 2238 lu
167 2212 224 2245 die,
239 2218 292 2273 qua
307 2211 472 2239 mandavero
483 2219 531 2240 vos
545 2219 578 2240 ex
593 2212 719 2241 omnibus
732 2212 920 2248 iniquitatibus

191 2253 240 2273 ves
255 2253 302 2273 rts.

191 2253 302 2279 vestris,

156 2286 183 2310 et
199 2271 342 2310 inhabitari
353 2282 444 2311 fecero
454 2283 548 2316 urbes,
561 2287 588 2311 et
599 2283 785 2313 instauravero
796 2284 916 2318 ruinoso,
931 2271 958 2301 D

157 2322 185 2346 et
198 2322 270 2346 terra
282 2318 387 2346 deserta
404 2318 484 2346 fuerit
498 2319 615 2352 exculta,

158 2361 219 2417 quin
233 2354 370 2395 quondam
394 2359 453 2382 erat
478 2354 599 2382 desolata
613 2356 639 2382 in
650 2355 734 2383 oculis
759 2355 849 2384 omnis
863 2355 919 2383 via-

209 2397 264 2417 orts
275 2412 282 2417 .

209 2397 264 2417 OI'IS
275 2412 282 2425 ,

124 2424 268 2497 nimii;
277 2460 389 2494 inculta,
406 2461 476 2490 facta
489 2465 574 2490 estut
588 2461 683 2490 hortus
695 2461 841 2497 voluptatis
857 2471 863 2489 :

159 2501 187 2524 et
206 2496 330 2534 civitates
340 2498 467 2534 desertae,
483 2502 512 2525 et
525 2497 661 2526 destitutae
672 2496 767 2534 atque
780 2498 918 2531 sulfossm,

195 2532 305 2560 munita:
318 2533 457 2561 sederunt.

130 2565 161 2595 Et
172 2568 257 2609 scient
267 2573 361 2603 gentes
373 2576 550 2604 quacumque
560 2568 697 2597 derelictae
713 2569 814 2598 fuerint
827 2569 852 2597 in
869 2568 923 2597 cir-

196 2608 269 2631 cuitu
283 2609 386 2637 vestro,

166 2639 228 2681 quia
240 2647 291 2681 ego
305 2640 434 2668 Dominus
448 2640 577 2669 aediﬁcavi
591 2640 732 2677 dissipata,
747 2639 923 2677 plantavique

165 2676 361 2745 egomltlgirii'nus
372 2712 478 2739 locutus
489 2712 551 2746 sim,
565 2716 593 2740 et
605 2712 728 2741 fecerim.

131 2743 195 2774 Ilteé
206 2746 271 2775 dicit
282 2745 412 2776 Dominus
428 2748 500 2775 Deus
517 2756 523 2774 :

166 2853 179 2868 ι
191 2848 284 2877 Canon
299 2848 576 2887 Sen-Germanensis,
587 2849 718 2887 imponam
733 2849 760 2877 in
770 2849 850 2887 vobis.
865 2848 927 2878 Col-

131 2882 253 2915 bertiutts
266 2885 351 2914 codex
366 2885 532 2922 Auiciensis,
544 2882 676 2923 imperiam
689 2887 716 2914 in
729 2894 782 2915 vos.
801 2885 891 2915 ΜΑιιτ.

654 116 757 148 LIBER
776 117 979 148 EZECIIIELIS
999 115 1207 148 PROPIIETE.

1706 115 1759 148 9M

923 178 949 209 Α
962 176 1058 205 Adhuc
1071 177 1097 205 in
1113 177 1166 204 hoc
1182 175 1321 204 invenient
1331 182 1375 205 me
1385 175 1484 205 domus
1502 175 1597 211 Israel,
1612 181 1643 206 ut
1663 176 1762 207 faciam

1035 213 1061 240 in
1077 212 1087 248 [
1101 213 1144 240 ΑΙ.
1159 217 1224 239 tacet
1239 212 1266 239 in
1281 211 1290 248 ]
1304 211 1342 240 eis
1359 220 1366 240 :

963 248 1146 284 Ilultiplicabo
1158 255 1206 276 eos
1229 249 1299 276 sicut
1317 255 1425 284 gregem
1440 248 1593 282 hominum,
1606 253 1636 278 ut
1651 256 1760 285 gregem

998 324 1027 348 ut
1035 288 1316 363 ῗιὲξὲἓιᾛῗξετυεειιιεηι
1331 320 1357 347 in
1371 319 1593 363 solemnitatibus
1617 320 1687 363 ejus.

962 354 1008 384 Sic
1019 354 1101 397 erunt
1113 355 1236 383 civitates
1250 355 1378 390 desertze,
1403 355 1544 392 plenaeque
1562 354 1688 393 gregibus
1712 357 1760 386 lto-

1033 399 1136 419 mtuum
1150 400 1156 418 Ζ

999 431 1026 454 et
1038 427 1125 455 seient
1138 426 1200 461 quia
1214 434 1263 461 ego
1275 426 1417 456 Dominus.

963 462 973 499 [
987 462 1051 498 Cap.
1065 462 1216 498 XXXVII.]
1227 462 1307 490 Facta
1320 468 1362 492 est
1382 470 1464 498 super
1477 471 1521 492 me
1534 470 1629 492 manus
1641 463 1761 499 Domini,

1035 503 1062 526 et
1077 498 1171 526 eduxit
1184 506 1228 526 me
1243 499 1270 526 in
1282 500 1378 534 spiritu
1395 500 1511 527 Domini.

999 538 1027 562 et
1036 534 1221 598 oggngt'me
1236 534 1263 561 in
1290 535 1380 563 medio
1394 536 1502 571 campi,
1518 534 1562 571 qui
1585 540 1645 563 erat
1667 535 1762 571 plenus

1036 577 1090 597 OSSI
1094 577 1143 597 Dus
1160 578 1166 596 ἒ

963 604 999 633 Et
1013 605 1192 633 circumduxit
1206 613 1249 634 me
1263 613 1310 641 per
1321 614 1353 634 ea
1367 606 1394 634 in
1410 614 1475 642 gyro
1493 615 1499 633 :

999 646 1077 669 erant
1089 645 1180 678 autem
1192 642 1274 669 multa
1288 642 1367 671 valde
1378 650 1459 678 super
1474 642 1570 671 faciem
1583 642 1684 678 campi,
1708 642 1761 672 sic-

1035 684 1122 712 caque
1138 677 1325 706 vehementer.

964 712 999 740 Et
1013 712 1081 740 dixit
1094 713 1127 740 ad
1143 720 1206 741 me:

964 748 1015 776 Fili
1040 748 1172 782 hominis,

1002 788 1115 819 putasne
1127 785 1216 813 vivent
1228 792 1289 814 ossa
1304 785 1377 814 ista?

964 819 999 847 Ει
1013 820 1068 847 dixi
1084 829 1089 846 :

965 855 1080 883 Domine
1095 855 1174 888 Deus,
1191 860 1218 884 ttt
1238 857 1320 885 nosti.

926 878 951 909 Β
965 878 1081 918 ἒῐὶῖῐῖἧ
1095 878 1206 920 ζεῖἲῖὼέ

964 926 1119 955 Vaticinare
1134 927 1168 955 de
1182 927 1291 956 ossibus
1302 926 1361 956 istis
1375 935 1382 955 :
1397 931 1425 956 et
1439 927 1512 957 dices
1523 928 1581 957 eis:

1000 962 1067 990 Ossa
1082 963 1169 996 arida,
1183 963 1274 991 audite
1289 963 1400 991 verbum
1415 964 1535 992 Domini.

965 997 1029 1026 Haec
1044 997 1110 1026 dicit
1125 998 1255 1026 Dominus
1271 999 1341 1027 Deus
1356 999 1463 1027 ossibus
1474 1000 1516 1027 his
1531 1008 1536 1026 :

966 1034 1037 1062 Ecce
1048 1041 1100 1068 ego
1113 1034 1290 1062 intromittam
1307 1035 1333 1062 in
1348 1042 1397 1063 vos
1409 1035 1546 1070 spiritutn,
1567 1038 1595 1063 et
1607 1034 1724 1064 vivetis:

966 1102 971 1105 _
1000 1073 1028 1097 et
1044 1069 1116 1097 dabo
1128 1077 1211 1105 super
1226 1077 1273 1098 vos
1288 1078 1386 1098 nervos
1397 1091 1405 1104 ,

1002 1110 1028 1132 ct
1042 1113 1215 1133 succrescere
1231 1106 1326 1133 faciant
1337 1114 1419 1140 super
1433 1114 1480 1134 vos
1493 1114 1601 1141 carnes,

1002 1146 1029 1167 et
1042 1141 1268 1174 supercxteudntu
1281 1143 1305 1168 in
1319 1142 1395 1169 vobis
1410 1147 1499 1170 cutem
1516 1152 1522 1170 :

966 1175 999 1204 Et
1009 1176 1078 1202 dabo
1091 1177 1165 1203 vobis
1181 1177 1315 1211 spiritum,
1328 1182 1356 1204 et
1369 1178 1476 1211 vivetis,

1003 1217 1030 1238 et
1044 1212 1136 1239 scietis
1150 1214 1210 1246 quia
1227 1220 1275 1246 ('gn
1292 1212 1431 1240 Dominus.

967 1246 1001 1275 Et
1016 1247 1174 1281 propltetnvi
1190 1248 1258 1274 sicut
1274 1252 1439 1282 prmceperat
1454 1247 1540 1276 mihi:

1003 1283 1089 1309 fartus
1103 1288 1144 1309 est
1157 1288 1245 1309 autem
1261 1286 1375 1317 sonitus,
1403 1284 1585 1319 prophetante
1600 1291 1655 1316 me.

1003 1323 1031 1346 et
1044 1325 1107 1346 ecce
1120 1319 1266 1346 commotio
1281 1327 1288 1346 :

969 1353 1005 1382 Et
1025 1358 1199 1382 accesserunt
1210 1361 1272 1382 ossa
1285 1354 1318 1382 ad
1334 1361 1406 1389 ossa,

1003 1389 1213 1425 unumquodque
1225 1389 1258 1417 ad
1273 1390 1427 1425 juncturam
1442 1397 1530 1418 suam.
1799 1419 1801 1421 ,

968 1424 1003 1453 Et
1015 1426 1081 1459 vidi,
1092 1430 1120 1453 et
1130 1433 1193 1453 ecce
1202 1424 1283 1461 super
1293 1433 1324 1454 ea
1336 1428 1411 1454 nervi
1420 1431 1447 1455 et
1462 1434 1559 1455 carnes
1570 1426 1761 1461 ascenderunt,

1003 1465 1031 1489 et
1045 1465 1154 1498 extenta
1170 1465 1211 1489 est
1224 1461 1251 1489 in
1263 1462 1302 1498 eis
1315 1462 1384 1490 cutis
1395 1463 1522 1498 desuper,

1004 1500 1032 1524 et
1046 1497 1171 1530 spiritum
1186 1504 1241 1525 non
1260 1497 1406 1526 habebant.

969 1531 1003 1559 Et
1014 1532 1083 1559 dixit
1093 1532 1126 1560 ad
1140 1540 1182 1560 me
1199 1542 1205 1560 :

929 1572 953 1605 α
967 1567 1123 1605 Vaticinare
1136 1568 1170 1596 ad
1186 1568 1309 1605 Spiritum
1322 1590 1330 1601 ,

1003 1603 1165 1637 vaticinare,
1183 1604 1220 1631 ﬁli
1234 1605 1349 1633 hominis
1361 1625 1370 1638 ,

1003 1644 1030 1666 et
1042 1638 1117 1667 dices
1130 1640 1164 1667 ad
1179 1640 1302 1674 spiritum
1316 1649 1322 1666 :

968 1674 1032 1702 Htec
1046 1674 1113 1702 dicit
1127 1675 1258 1703 Dominus
1272 1675 1343 1704 Deus
1356 1684 1363 1702 :

967 1709 991 1737 A
1007 1714 1122 1746 quatuor
1137 1712 1224 1738 ventis
1235 1712 1312 1745 veni,
1330 1710 1458 1746 spiritus,

1004 1750 1031 1773 et
1044 1745 1149 1773 insutila
1161 1753 1244 1782 super
1258 1745 1416 1775 interfectos
1443 1748 1525 1779 istos,
1540 1750 1568 1775 et
1591 1747 1764 1776 reviviscent.

969 1781 1002 1809 Et
1018 1782 1176 1816 pi-ophctavi
1191 1787 1261 1810 sicut
1280 1787 1446 1818 praeceperat
1460 1782 1526 1810 mihi
1543 1792 1550 1810 :

1005 1822 1032 1844 et
1045 1819 1181 1852 ingressus
1197 1822 1238 1846 est
1252 1819 1277 1845 in
1294 1825 1326 1845 ea
1341 1818 1462 1853 spiritus,
1477 1824 1504 1847 et
1517 1818 1641 1846 vixerunt
1655 1827 1662 1845 :

1005 1857 1285 1891 steteruntquesuper
1301 1853 1384 1889 pedes
1403 1861 1469 1882 suos
1497 1854 1635 1883 exercitus
1656 1854 1767 1891 grandis

1042 1889 1120 1915 nimis
1137 1889 1224 1917 valde.

971 1924 1004 1952 Et
1015 1923 1084 1951 dixit
1098 1924 1132 1952 ad
1148 1933 1191 1953 me
1208 1934 1216 1953 :

970 1959 1021 1987 Fili
1036 1960 1167 1994 hominis,

1006 2003 1068 2023 ossa
1082 1995 1139 2024 haec
1151 1997 1275 2025 universa
1284 2017 1292 2031 ,
1307 1996 1403 2025 domus
1415 1995 1496 2026 Israel
1508 2001 1569 2026 est:

970 2031 1025 2067 Ipsi
1040 2031 1133 2059 dicunt
1148 2041 1154 2059 :
1168 2033 1305 2061 Aruerunt
1325 2040 1388 2061 ossa
1417 2040 1525 2069 nostra,
1550 2038 1578 2062 et
1601 2032 1682 2068 periit
1705 2040 1769 2069 spes

1043 2072 1145 2101 nostra,

1006 2108 1034 2131 et
1049 2103 1162 2131 abscissi
1177 2109 1281 2132 sumus.

971 2138 1121 2174 Propterea
1137 2140 1299 2171 vaticinare.
1312 2144 1339 2168 et
1352 2139 1426 2168 dices
1441 2139 1474 2168 ad
1486 2147 1534 2169 eos
1547 2148 1555 2168 :

972 2176 1035 2203 Ilmc
1050 2175 1118 2203 dicit
1140 2176 1268 2203 Dominus
1284 2176 1373 2203 Deus:

972 2210 1043 2239 Ecce
1056 2219 1105 2246 ego
1116 2211 1234 2246 aperiam
1247 2211 1364 2238 tumulos
1379 2215 1483 2238 vestros
1492 2233 1499 2245 ,

1009 2245 1157 2282 eteducum
1172 2254 1220 2274 vos
1234 2247 1268 2274 de
1283 2246 1534 2282 sepulcrisﬁvestris,
1552 2245 1667 2282 populus
1679 2252 1767 2280 meus,

1006 2280 1171 2309 et'inducam
1186 2290 1234 2309 vos
1248 2282 1272 2309 in
1288 2280 1386 2309 terram
1413 2281 1506 2309 Israel.

971 2317 1006 2346 Et
1019 2316 1112 2345 scietis
1126 2318 1186 2352 quia
1200 2324 1250 2352 ego
1269 2316 1409 2350 Dominus,

1006 2360 1068 2380 cum
1083 2360 1214 2387 aperuere
1229 2352 1351 2387 sepulcra
1366 2357 1470 2385 vestra,

1007 2394 1034 2416 et
1048 2388 1166 2416 eduxero
1181 2395 1230 2415 vos
1240 2388 1274 2416 de
1290 2388 1399 2415 tumulis
1410 2387 1517 2421 vestris,
1531 2387 1646 2423 populus
1671 2395 1748 2416 meus
1761 2396 1768 2416 :

971 2423 1007 2452 Et
1020 2424 1122 2451 dedero
1131 2423 1253 2458 spiritum
1267 2431 1355 2451 meum
1372 2424 1398 2450 in
1410 2423 1499 2457 vobis,
1514 2429 1541 2451 ct
1556 2424 1694 2456 vixeritis',

1007 2464 1035 2487 et
1047 2460 1217 2495 requiescere
1229 2467 1274 2487 vos
1289 2458 1385 2487 faciam
1400 2466 1482 2493 super
1503 2459 1613 2487 bumttm
1628 2464 1770 2495 vestram:

1006 2501 1033 2524 et
1047 2495 1140 2523 scietis
1154 2496 1215 2531 quia
1230 2503 1281 2530 ego
1295 2495 1425 2523 Dominus
1440 2496 1543 2523 locuttts
1553 2502 1623 2529 sum,
1652 2499 1681 2524 et
1703 2494 1772 2530 feci,

1009 2532 1047 2558 ait
1063 2531 1191 2559 Dominus
1206 2531 1286 2558 Deus.

974 2567 1009 2595 Et
1022 2566 1106 2595 factus
1121 2572 1163 2595 est
1173 2574 1263 2595 sermo
1275 2566 1379 2594 Domini
1393 2565 1426 2594 ad
1442 2573 1495 2600 me,
1512 2565 1604 2594 dicens
1620 2575 1627 2594 :

974 2602 1009 2632 Et
1022 2607 1060 2637 tu,
1077 2603 1113 2630 lili
1129 2602 1257 2635 hominis,
1271 2609 1347 2629 sume
1371 2602 1418 2629 tibi
1435 2602 1536 2637 lignum
1550 2609 1632 2630 unum

1011 2643 1040 2666 et
1052 2639 1141 2666 scribe
1161 2645 1243 2673 super
1259 2638 1323 2665 illud
1337 2646 1343 2663 :

975 2674 1062 2707 Iudae,
1084 2679 1111 2701 et
1126 2671 1241 2710 ﬁliorum
1256 2673 1336 2700 Israel
1347 2672 1361 2692 δ
1373 2673 1507 2702 sociorum
1517 2673 1528 2710 [
1537 2673 1578 2702 ΑΙ.
1591 2671 1690 2709 sociis]
1698 2673 1771 2709 ejus:

977 2711 1012 2739 Et
1026 2710 1089 2737 tolle
1105 2710 1205 2744 lignum
1219 2708 1348 2742 alterttm,

1012 2750 1041 2774 et
1053 2745 1143 2773 scribe
1154 2752 1237 2781 super
1250 2744 1315 2772 illttd
1329 2753 1335 2770 :

1015 2847 1030 2868 ιι
1046 2847 1104 2877 Νοη
1117 2848 1247 2885 sociorum
1271 2848 1340 2884 ejus,
1353 2844 1402 2877 sed
1414 2846 1490 2875 sociis
1514 2848 1571 2883 ejus
1595 2846 1687 2885 legunt
1708 2853 1777 2877 mss.

981 2885 1165 2923 quamplures.
1182 2884 1273 2914 Man’r.
