4108 6360
276 295 402 356 '997

1373 289 1579 357 LIBER
1618 295 2025 358 EZECIIIELIS
2062 292 2479 357 PROPIIETAS.

3484 301 3590 361 998

369 417 458 486 qui
501 415 965 486 prophetaverunt
997 417 1049 471 in
1093 416 1282 471 diebus
1323 417 1538 471 illorum
1584 424 1888 484 temporum
1922 427 1965 480 Α
1999 417 2064 472 Et
2097 419 2238 472 viros
2266 417 2466 487 jugiter
2496 416 2824 471 constituent
2860 414 3152 471 lustrantes
3185 423 3403 483 terram,

442 489 549 561 [AL
579 489 771 544 diebus
799 488 906 543 illis
932 497 1094 558 atque
1135 488 1492 560 temporibus]
1516 533 1529 557 ,
1566 500 1624 542 ut
1659 489 1888 543 adduce-

442 573 556 614 rem
587 570 638 614 te
663 575 828 628 super
856 570 974 615 eos.

298 630 368 687 Et
396 630 502 685 erit
529 633 580 684 in
616 631 705 686 die
734 631 844 696 illa,
879 633 930 685 in
955 631 1042 687 die
1068 631 1329 686 adventus
1355 629 1472 702 Gog
1501 643 1666 700 super
1691 638 1890 686 terram

441 702 628 765 Israel,
665 712 742 757 ait
767 704 1022 756 Dominus
1053 705 1216 767 Deus,

370 774 628 845 ascendet
657 773 955 845 indignatio
987 790 1108 831 mea
1133 775 1193 829 in
1222 775 1402 828 furore
1433 781 1577 829 meo.

297 843 368 900 Et
393 846 445 899 in
467 843 587 899 zelo
615 859 756 911 meo,
778 843 791 845 ⁷
1209 875 1222 882 -
1469 857 1476 862 ·

371 915 424 970 in
461 917 584 986 igne
614 917 708 970 ira:
738 932 872 972 mete
905 917 1117 972 locutus
1145 931 1286 972 sum.

296 987 527 1114 Quialiu
561 985 652 1114 dlie
681 987 769 1043 illa
805 989 912 1043 erit
940 994 1234 1044 commotio
1269 1001 1460 1057 magna
1497 995 1664 1057 super
1693 992 1892 1041 terram

467 1073 586 1114 srae
633 1074 650 1114 :

467 1073 610 1114 sraet
633 1074 650 1114 2

367 1140 424 1185 et
461 1129 948 1185 eotutnovebunlur
981 1143 1012 1185 a
1057 1130 1195 1186 faeie
1233 1141 1352 1185 mea
1401 1129 1577 1200 pisces
1606 1130 1795 1198 maris,
1841 1137 1894 1184 et

443 1203 691 1256 Volucres
719 1202 867 1270 coeli,
899 1209 956 1257 et
982 1202 1170 1256 bestiae
1199 1203 1334 1272 agri,
1520 1271 1529 1272 γ
1880 1232 1884 1237 ’

367 1283 423 1332 et
455 1273 618 1327 omne
646 1272 843 1341 reptile
873 1273 1015 1342 quod
1048 1281 1296 1328 movetur
1326 1286 1489 1342 super
1518 1271 1764 1339 humum;

367 1345 659 1415 cunctique
697 1344 944 1399 homines
989 1345 1078 1414 qui
1108 1356 1232 1398 sunt
1271 1358 1433 1414 super
1465 1346 1652 1398 faciem
1693 1352 1892 1400 terrae:

299 1415 368 1472 Et
397 1416 781 1470 subvertentur
811 1425 1046 1480 montes,
1071 1423 1126 1470 et
1149 1416 1344 1470 cadent
1369 1427 1547 1485 sepes,

372 1498 426 1541 et
456 1486 631 1540 omnis
663 1500 850 1540 murus
878 1490 928 1540 in
956 1495 1152 1541 terram
1183 1493 1421 1542 corruet.

299 1559 371 1614 Et
391 1558 704 1613 convocabo
725 1557 987 1613 adversus
1009 1573 1133 1613 eum
1158 1559 1208 1611 in
1230 1559 1440 1613 cunctis
1461 1556 1736 1612 montibus
1761 1556 1896 1612 meis

441 1629 700 1699 gladium,
729 1633 805 1682 ait
835 1627 1090 1683 Dominus
1118 1630 1261 1684 Deus
1289 1648 1304 1684 :

370 1698 584 1770 gladius
607 1699 1033 1769 uniuscujusque
1064 1702 1119 1755 in
1154 1701 1372 1756 fratrem
1419 1713 1575 1754 suum
1606 1698 1892 1769 dirigetur.

300 1770 372 1826 Et
393 1771 647 1840 iudicabo
675 1787 795 1824 cum
824 1781 997 1840 peste,
1029 1781 1084 1826 et
1109 1775 1392 1840 sanguine,
1927 1804 1975 1875 Β

371 1849 425 1875 Δί’
451 1841 624 1875 :mlum
651 1841 956 1875 summumst:
1014 1849 1070 1875 of
1100 1843 1367 1875 Innitlihne
1397 1839 1672 1875 :mmnncln
1701 1857 1714 1870 ο

371 1839 432 1897 et
451 1841 624 1896 imbre
651 1839 981 1908 vehementi,
1013 1849 1070 1897 et
1100 1839 1368 1912 lapidibus
1397 1839 1676 1896 immensis
1701 1857 1715 1893 :

299 1913 486 1984 ignem
512 1923 566 1968 et
597 1912 822 1984 sulphur
857 1914 1036 1984 pluam
1067 1927 1228 1984 super
1255 1928 1377 1969 eum
1397 1952 1414 1981 ,
1457 1923 1513 1967 et
1549 1921 1713 1981 super
1743 1923 1898 1967 exer-

440 1984 605 2039 citum
627 1983 767 2054 ejus,

375 2064 431 2111 et
454 2071 618 2126 super
649 2055 878 2126 populos
903 2054 1123 2121 multos,
1155 2055 1249 2126 qui
1277 2062 1546 2110 suntcum
1575 2067 1661 2110 eo.

304 2125 372 2182 Et
405 2125 809 2196 magnificabor,
838 2134 893 2180 et
913 2125 1292 2182 sanctiflcabor
1321 2144 1334 2181 :

374 2207 430 2253 et
459 2208 619 2253 nutus
645 2211 740 2252 ero
771 2197 824 2252 i’n
855 2199 1025 2254 oculis
1045 2201 1284 2267 gentium
1312 2198 1629 2263 multarum,

375 2279 430 2324 et
452 2277 624 2322 scient
651 2268 773 2324 uuia
804 2283 904 2324 ego
937 2269 1214 2324 Dominus.

375 2283 430 2324 et
452 2283 624 2322 scient
692 2284 773 2321 nia
804 2285 832 2322 e
873 2286 904 2324 ο
939 2283 1214 2324 uominus.

299 2339 456 2412 [ϐαρ.
498 2283 898 2412 ΧΧΧῗΧᾸ-’ἕιι
933 2350 1136 2412 autem,
1183 2341 1256 2395 fili
1303 2339 1557 2406 hominis,
1602 2338 1898 2395 vaticinare

449 2413 736 2466 adversum
763 2410 899 2481 Gog,
927 2420 981 2466 et
1009 2411 1158 2467 dices
1185 2431 1197 2467 :

307 2481 432 2538 Ilzec
455 2481 588 2538 dicit
614 2481 874 2537 Dominus
905 2483 1048 2537 Deus
1073 2501 1087 2535 :

309 2553 450 2608 Ecce
479 2567 580 2623 ego
603 2568 766 2622 super
797 2561 871 2618 te,
902 2553 1038 2624 Gog,

376 2625 675 2696 principem
699 2626 890 2695 Capitis
913 2625 1132 2679 Mosoch
1161 2633 1216 2679 et
1244 2624 1453 2682 'I'hnbal
1485 2641 1498 2678 :

307 2694 774 2764 Et'circumagam
793 2703 871 2768 te.
897 2707 953 2750 et
983 2696 1206 2750 educam
1237 2696 1344 2768 [AL
1377 2696 1652 2767 reducam]
1681 2705 1753 2763 te,

377 2777 432 2822 ct
457 2772 749 2822 ascendere
781 2781 831 2822 te
856 2767 1047 2821 faciam
1070 2767 1138 2823 de
1161 2767 1419 2822 lateribus
1445 2769 1714 2838 aquilonis
1740 2785 1754 2821 :

377 2847 433 2892 et
453 2838 712 2892 adducam
749 2847 800 2892 te
827 2855 990 2906 super
1021 2849 1232 2893 mOIIICS
1264 2838 1447 2892 Israel.

311 2910 702 2980 lelt'percutiam
733 2923 920 2963 arcum
956 2919 1104 2964 tuum
1134 2914 1184 2964 in
1218 2926 1378 2964 manu
1409 2911 1626 2964 sinistra
1662 2920 1769 2976 tua,

378 2991 432 3036 et
456 2979 681 3053 sagittas
708 2992 825 3036 tuas
853 2981 922 3036 de
949 2998 1107 3036 manu
1135 2982 1362 3036 dextera
1393 2992 1481 3037 tua
1511 2982 1764 3052 dejiciam
1790 2980 1894 3053 [AL

455 3053 521 3106 Et
541 3051 791 3121 dejiciam
827 3064 879 3107 te
905 3054 1112 3123 super].

314 3123 490 3194 Super
520 3135 732 3176 montes
763 3123 922 3194 Israel
954 3123 1114 3177 cades
1149 3134 1225 3190 tu,
1253 3132 1308 3179 et
1335 3125 1514 3178 omnia
1545 3123 1760 3193 agmina
1790 3127 1899 3191 tua,

386 3191 439 3248 et
466 3194 645 3266 populi
676 3195 749 3248 tui
780 3193 885 3266 [AL
911 3203 1042 3248 tacet
1072 3194 1193 3266 tui],
1225 3195 1315 3265 qui
1345 3207 1472 3266 sunt
1505 3191 1678 3266 tecum
1707 3211 1720 3246 :
1932 3191 1978 3259 ε

309 3263 488 3332 Feris,
516 3265 727 3333 avibus,
752 3263 1008 3334 omnique
1035 3263 1265 3333 volatili,
1291 3274 1347 3322 et
1375 3264 1564 3321 bestiis
1599 3275 1779 3331 terrm,

387 3336 510 3392 dedi
536 3344 588 3390 te
615 3336 1010 3391 devoranduut.

318 3406 494 3477 Super
524 3407 716 3462 faciem
750 3409 863 3478 agri
895 3409 1054 3463 cades
1081 3423 1096 3464 :

389 3480 511 3547 quia
543 3493 643 3548 ego
673 3479 882 3533 locutus
909 3496 1052 3539 sum,
1081 3479 1156 3532 ait
1186 3478 1443 3534 Dominus
1466 3479 1632 3536 Deus.

316 3551 385 3605 Et
411 3551 702 3604 immittam
735 3551 912 3620 ignem
946 3552 1000 3604 in
1032 3550 1242 3620 Magog,

389 3629 446 3676 et
468 3621 522 3676 in
549 3622 629 3676 bis
651 3623 739 3690 qui
767 3621 1011 3674 habitant
1033 3621 1089 3676 in
1118 3623 1307 3677 insulis
1329 3622 1666 3678 conﬁdenter
1695 3638 1716 3682 :‘

389 3700 445 3748 et
469 3693 643 3748 scient
665 3692 791 3761 quia
817 3707 916 3763 ego
940 3693 1221 3758 Dominus,

320 3763 382 3819 Et
407 3779 603 3818 nomen
629 3762 870 3835 sanctum
887 3779 1072 3835 meum
1101 3773 1287 3819 notum
1311 3764 1502 3819 faciam
1532 3764 1586 3819 in
1610 3762 1789 3819 medio
1812 3777 1906 3835 po-

464 3835 573 3903 puli
602 3835 706 3890 mei
738 3833 922 3900 Israel,

393 3914 450 3961 et
477 3920 585 3960 non
620 3906 853 3976 polluant
877 3919 1077 3960 nomen
1101 3914 1347 3960 sanctum
1379 3920 1558 3960 memn
1591 3905 1860 3975 amplius:

400 3985 454 4032 et
480 3977 654 4032 scient
682 3985 874 4048 gentes
893 3977 1017 4047 quia
1043 3992 1144 4048 ego
1176 3977 1438 4031 Dominus
1463 3987 1683 4048 sanctus
1723 3977 1910 4033 Israel.

325 4048 463 4104 Ecce
489 4049 663 4112 venis,
693 4059 747 4119 et
774 4047 972 4102 factum
1001 4057 1109 4114 εει,
1139 4049 1213 4102 ait
1243 4048 1506 4103 Dominus
1539 4047 1680 4103 Deus
1703 4049 1810 4119 [AL
1835 4057 1913 4102 ta-

462 4130 539 4173 cet
572 4117 767 4188 Deus];

397 4190 514 4246 hare
534 4198 620 4245 est
647 4191 784 4257 dies,
817 4190 884 4248 de
909 4206 1018 4260 qua
1049 4192 1261 4246 locutus
1288 4203 1430 4248 sum.

322 4259 396 4318 Et
413 4263 759 4387 eglredielntur
786 4259 1121 4319 habitatores
1138 4264 1205 4318 de
1226 4264 1534 4320 civitatibus
1553 4261 1659 4336 [AL
1684 4261 1919 4334 urbium]

495 4349 615 4387 srae
643 4373 660 4387 .

495 4349 660 4401 sraet,

397 4414 451 4461 et
476 4403 828 4469 succendent,
857 4413 910 4458 et
933 4405 1251 4462 comburent
1280 4421 1452 4474 arma,

397 4476 669 4549 clypeum,
699 4483 753 4529 et
785 4478 992 4542 hastas,
1019 4493 1226 4541 arcum,
1256 4486 1311 4534 et.
1339 4484 1588 4549 sagittas,

399 4545 709 4615 etbaculos‘
730 4561 1005 4615 manuum,
1040 4559 1093 4601 et
1122 4559 1337 4614 Contos,

401 4624 456 4670 et
478 4612 810 4671 succenderit
831 4631 890 4670 ea
918 4612 1025 4686 igni
1049 4625 1256 4688 septem
1286 4612 1471 4675 annis.

328 4689 398 4746 Et
429 4700 536 4740 non
561 4697 848 4760 portabunt
877 4689 1020 4756 ligna
1051 4689 1118 4744 de
1147 4691 1481 4760 regionibus,

407 4771 581 4826 neque
604 4758 885 4812 succident
914 4761 982 4812 de
1013 4758 1238 4813 saltibus
1265 4778 1277 4813 :

330 4829 594 4900 Quoniam
626 4843 774 4900 arma
805 4829 1136 4883 succendent
1166 4830 1311 4900 igne,

405 4911 460 4955 et
489 4899 948 4973 depraedabantur
972 4915 1090 4965 eos,
1119 4899 1313 4968 quibus
1341 4901 1541 4973 praeda:
1571 4901 1803 4969 fuerant,

405 4979 460 5026 et
485 4972 742 5040 diripient
771 4981 1070 5026 vastatores
1095 4986 1244 5038 suos,
1275 4972 1354 5028 ait
1380 4973 1640 5028 Dominus
1666 4974 1829 5030 Deus.

336 5041 404 5099 Iit
428 5042 529 5098 erit
557 5043 608 5094 in
635 5041 721 5096 die
744 5041 832 5096 illa
859 5057 874 5099 :

406 5113 544 5168 dabo
572 5113 684 5180 Gog
715 5112 892 5167 locum
926 5114 1259 5168 nominatum
1288 5115 1598 5183 sepulcrum
1628 5115 1683 5172 in
1714 5115 1876 5172 Israel
1913 5133 1924 5170 :

407 5185 600 5238 vallem
629 5184 892 5237 viatorum
923 5185 988 5238 ad
1020 5187 1283 5239 orientem
1315 5188 1501 5251 maris,

407 5270 528 5327 quite
553 5254 938 5327 obstupescere
968 5255 1127 5312 faciet
1147 5255 1254 5327 [AL
1284 5255 1432 5325 facit]
1463 5268 1853 5327 praetereuntes
1879 5275 1892 5314 :

338 5327 408 5384 Et
427 5324 695 5395 'sepelient
725 5325 797 5379 ibi
826 5324 964 5394 Gog,

361 5445 364 5448 ί
408 5406 464 5464 et
491 5411 708 5469 omnem
739 5396 1136 5469 multitudinem
1163 5397 1303 5469 ejus,

412 5479 468 5524 et
493 5467 775 5543 vocabitur
797 5467 951 5543 vallis
980 5467 1341 5543 multitudinis
1361 5470 1499 5543 Gog.

339 5542 411 5599 Et
437 5541 702 5608 sepelient
727 5552 822 5592 eos
849 5537 1041 5594 domus
1071 5540 1260 5607 Israel,

411 5623 472 5666 ut
497 5611 757 5664 mundent
788 5620 984 5665 terram
1007 5621 1212 5679 septem
1245 5614 1540 5670 mensibus.

341 5681 584 5756 sepeliet
608 5687 788 5756 autem
813 5680 922 5756 [AL
953 5681 1085 5756 add.
1109 5682 1224 5755 eos]
1251 5686 1428 5740 omnis
1459 5686 1691 5756 populus
1719 5696 1897 5753 terrae,

413 5761 474 5811 et
497 5753 631 5833 erit“
624 5751 704 5806 eis
732 5751 1008 5833 nomipata
1035 5753 1175 5824 dies,
1205 5751 1257 5812 in
1286 5773 1392 5833 qua
1422 5751 1751 5831 gloriﬁcatus
1793 5751 1939 5827 sum,

489 5824 566 5882 ait
590 5821 854 5882 Dominus
879 5823 1046 5883 Deus.

1946 4579 2001 4648 D

2070 491 2160 558 qui
2207 489 2473 558 sepeliant
2516 497 2571 544 et
2620 489 2897 560 requirant
2942 503 3038 543 eos
3087 488 3178 558 qui
3220 501 3598 548 remanserant

2140 575 2303 628 super
2334 561 2520 614 faciem
2548 570 2728 625 teme,

2069 639 2127 686 ut
2155 631 2448 686 emnndent
2476 647 2594 686 eam
2628 647 2644 685 :

1996 703 2124 762 Post
2158 717 2372 776 menses
2398 713 2579 757 autem
2608 711 2815 772 septem
2846 713 3091 774 qumrerc
3123 703 3426 776 incipient:

2068 782 2124 828 et
2154 773 2460 828 circuibnnt
2484 781 2834 844 peragrantes
2866 773 3064 829 terram
3103 793 3116 830 :
3236 773 3251 776 ⁷
3408 837 3409 840 η

1995 844 2236 969 Cumqule
2267 845 2501 899 viderint
2525 859 2587 899 os
2621 845 2874 914 hominis,
2905 853 3142 901 statuent
3163 845 3320 918 juxta
3353 845 3484 903 illud
3523 848 3592 903 ti-

2143 928 2195 969 tu
2225 931 2336 969 um.
2640 948 2642 950 τ

2143 928 2336 981 tulum,
2640 948 2642 950 τ

2069 988 2243 1044 donec
2273 986 2542 1056 sepeliant
2582 985 2716 1041 illud
2755 986 3107 1056 pollinctores
3132 988 3189 1044 in
3229 986 3370 1047 valle
3414 989 3598 1048 multi-

2142 1060 2342 1113 tudinis
2364 1058 2500 1128 Gog.

1997 1130 2202 1188 Nomen
2233 1141 2413 1185 autem
2445 1129 2684 1184 civitatis
2709 1130 2940 1199 Amona,

2069 1213 2123 1258 et
2153 1202 2484 1257 mundabunt
2516 1210 2739 1255 terram.

1998 1274 2084 1331 Tu
2110 1289 2260 1344 ergo,
2287 1272 2363 1327 Illi
2391 1273 2645 1342 hominis,

2072 1343 2189 1400 huic
2214 1347 2344 1399 dicit
2372 1344 2630 1399 Dominus
2661 1343 2803 1398 Deus
2829 1361 2842 1398 :

1999 1417 2094 1472 Dic
2124 1416 2544 1541 olmninvolueri,
2590 1423 2644 1470 et
2690 1415 2956 1471 universis
3003 1415 3226 1482 avibus,
3274 1417 3592 1491 cunctisque

2159 1499 2330 1541 leSlllS
2358 1501 2472 1541 agri
2503 1503 2520 1541 :

2159 1487 2330 1542 iestiis
2358 1488 2472 1542 agri
2503 1503 2520 1541 :

1997 1501 2330 1625 coni’léflsli'el?
2358 1501 2669 1628 :gglperate,
2701 1557 3011 1612 concurrite
3053 1557 3292 1628 undique
3329 1559 3398 1614 ad
3440 1553 3596 1615 victi-

2143 1646 2286 1752 ma‘m
2327 1644 2525 1696 meam,
2558 1644 2718 1699 quam
2749 1643 2851 1701 ego
2895 1629 3115 1685 immoio
3147 1629 3252 1704 [AL
3297 1630 3593 1704 immolavi]

2143 1715 2212 1752 ΥΟ
2234 1711 2322 1752 IIS.

2143 1715 2322 1766 venis,

2070 1773 2344 1828 victimam
2374 1769 2636 1840 grandem
2663 1785 2828 1840 super
2857 1781 3092 1826 montem
3127 1771 3314 1828 Israel.

2073 1856 2124 1898 ul
2157 1841 2453 1897 comedetis
2483 1855 2724 1906 carnem,
2752 1850 2808 1896 et
2834 1842 3026 1898 bibatis
3052 1846 3394 1914 sanguinem.

1998 1912 2204 1970 Carnes
2237 1915 2453 1968 fortium
2486 1914 2804 1979 eomedctis,

2072 1997 2124 2041 et
2149 1986 2465 2053 sanguinem
2494 1984 2798 2054 principum
2835 1992 2994 2037 terra:
3026 1983 3244 2052 hibetis,

2071 2057 2324 2130 arietum,
2358 2070 2645 2130 agnorum,
2669 2066 2724 2108 et
2753 2054 3055 2130 hircorum,
3089 2065 3502 2130 taurorumque,

2075 2128 2329 2191 altilium,
2355 2140 2410 2182 et
2439 2128 2713 2196 pinguium
2745 2127 3008 2180 omnium.

2001 2200 2068 2255 Et
2093 2199 2390 2254 comedetis
2418 2197 2628 2267 adipem
2655 2197 2707 2251 in
2731 2198 3099 2268 saturitatem,

2069 2279 2126 2326 et
2155 2269 2355 2324 bibetis
2387 2270 2702 2338 sanguinem
2735 2269 2788 2322 in
2814 2268 3157 2336 ebrietatem,

2071 2345 2139 2397 de
2182 2344 2417 2414 victima,
2458 2355 2619 2411 quam
2665 2355 2766 2409 ego
2807 2341 3099 2396 immolabo
3141 2339 3248 2413 [AL
3297 2341 3598 2414 immolavi]

2145 2413 2298 2467 vobis
2325 2429 2340 2466 :

2001 2485 2070 2540 Et
2098 2481 2486 2607 saturahirpini.
2513 2495 2677 2552 super
2706 2496 2948 2537 mensam
2987 2493 3164 2537 meam
3207 2481 3275 2538 de
3330 2487 3496 2556 equo,
3543 2493 3600 2542 et

2145 2566 2328 2607 enune
2385 2563 2509 2607 ni‘ll.

2145 2553 2328 2616 equite
2362 2553 2509 2616 forti,

2385 2575 2410 2604 ll

2071 2571 2562 2752 etsignt‘iulivmsis
2609 2625 2741 2680 viris
2794 2622 3174 2692 bellatoribus,
3223 2625 3299 2680 ait
3339 2617 3599 2682 Dominus

2193 2711 2310 2752 eos.

2193 2711 2310 2752 eos.

2001 2768 2066 2825 Et
2100 2786 2290 2838 ponam
2323 2767 2551 2838 gloriam
2582 2779 2756 2822 meam
2784 2767 2837 2821 in
2863 2768 3115 2838 gentibus
3142 2783 3162 2821 τ

2074 2853 2127 2897 et
2168 2838 2425 2893 videbunt
2455 2851 2644 2894 omnes
2683 2850 2876 2910 gentes
2913 2838 3179 2909 judicium
3207 2851 3387 2896 meum
3411 2883 3426 2909 ,
3455 2840 3600 2911 quod

2146 2913 2364 2966 fecerim
2396 2925 2412 2969 :

2074 2992 2130 3038 et
2161 2997 2374 3037 manum
2408 2994 2605 3043 meam,
2636 2994 2795 3050 quam
2831 2982 3104 3049 posuerim
3137 2996 3305 3051 super
3340 2997 3453 3038 eos.

2003 3053 2073 3110 Et
2116 3054 2288 3109 scient
2328 3054 2522 3108 domus
2569 3051 2776 3120 Israel,
2823 3053 2947 3124 quia
2999 3069 3102 3126 ego
3145 3055 3410 3111 Dominus
3461 3054 3603 3111 Deus

2149 3135 2360 3190 corum,

2079 3211 2106 3250 a
2137 3195 2226 3250 die
2258 3196 2364 3260 illa,
2394 3203 2451 3248 et
2476 3193 2754 3264 deinceps.

2011 3267 2079 3324 Et
2107 3268 2280 3322 scient
2325 3264 2434 3337 [ΑΙ.
2472 3265 2600 3338 add.
2650 3265 2860 3336 οιηιιθε]
2891 3273 3078 3335 gentes
3112 3265 3370 3338 quoniam
3393 3267 3458 3338 lin
3501 3267 3604 3322 ini-

2151 3335 2355 3404 quitate
2384 3351 2480 3409 sua
2509 3335 2620 3409 [AL
2649 3335 2873 3407 propter
2911 3335 3220 3408 iniquitates
3251 3337 3404 3409 suas}
3444 3349 3601 3409 capta

2152 3409 2434 3464 sitdomus
2462 3407 2647 3468 Israel,

2082 3495 2149 3536 eo
2176 3479 2322 3549 quod
2354 3477 2740 3548 dereliquerth
2771 3491 2878 3546 me,
2913 3488 2967 3535 et
2996 3479 3378 3537 absconderim
3410 3480 3603 3538 faeiem

2159 3566 2331 3605 meam
2363 3551 2432 3604 ab
2456 3552 2535 3604 eis
2566 3567 2579 3602 :

2085 3629 2142 3678 et
2170 3621 2487 3677 tradiderim
2518 3635 2613 3676 eos
2637 3619 2690 3674 in
2717 3635 2908 3677 manus
2939 3622 3202 3692 hostium,

2084 3703 2142 3748 et
2161 3694 2460 3749 ceciderint
2482 3692 2533 3748 in
2561 3692 2741 3761 gladio
2773 3693 3036 3748 universi.

2013 3764 2174 3821 Juxta
2205 3763 2605 3835 immunditiam
2637 3777 2824 3818 eorum
2860 3772 2914 3817 et
2941 3767 3121 3820 scelus
3153 3765 3252 3821 feci
3284 3763 3384 3835 eis,

2087 3848 2142 3891 et
2172 3835 2431 3890 abscondi
2458 3833 2651 3890 faciem
2682 3852 2856 3889 meam
2881 3835 2948 3889 ab
2973 3837 3096 3894 illis.

2016 3907 2316 3977 Propterea
2339 3906 2458 3961 haec
2480 3906 2610 3961 dicit
2643 3906 2902 3962 Dominus
2930 3907 3094 3963 Deus.

2016 3978 2171 4035 Nunc
2201 3979 2455 4032 reducam
2486 3977 2857 4046 captivitatem
2884 3977 3073 4042 Jacob,

2090 4061 2146 4105 et
2176 4051 2479 4175 miserebor
2516 4051 2692 4104 omnis
2739 4049 2933 4104 domus
2961 4047 3068 4121 [AL
3100 4050 3250 4106 omni
3279 4050 3488 4122 dumui']
3530 4049 3609 4107 Is-

2164 4137 2255 4175 rae
2310 4138 2324 4175 :

2164 4137 2276 4176 raet
2310 4138 2324 4175 2

2095 4200 2151 4248 et
2179 4206 2454 4246 assumam
2484 4192 2661 4246 zelum
2693 4205 2794 4260 pro
2821 4193 3042 4248 nomine
3067 4199 3262 4248 sancto
3281 4201 3427 4250 meo.

2023 4264 2093 4321 Et
2124 4264 2415 4333 portabunt
2441 4261 2815 4317 confusionem
2841 4277 3018 4330 suam,

2095 4345 2150 4390 et
2170 4347 2388 4417 omnem
2426 4334 2953 4404 praevaricationem,
2985 4349 3090 4403 qua
3125 4334 3460 4405 prmvaricati
3485 4342 3612 4390 sunt

2169 4422 2224 4460 tn
2259 4421 2364 4466 me.
3475 4425 3484 4435 '

2095 4491 2218 4534 cum
2249 4475 2609 4531 habitaverint
2642 4478 2694 4531 in
2739 4485 2884 4532 terra
2926 4489 3022 4531 sua
3063 4476 3402 4533 confidenter
3433 4476 3612 4532 nemi-

2173 4563 2296 4602 nem
2321 4547 2673 4602 formidantes
2704 4565 2718 4601 :

2102 4628 2156 4674 ct
2179 4619 2444 4674 reduxero
2474 4633 2569 4672 eos
2601 4617 2668 4672 de
2699 4618 2935 4686 populis,

2101 4698 2156 4745 et
2185 4703 2587 4759 cungregavero
2613 4688 2680 4743 de
2703 4690 2862 4744 terris
2892 4687 3233 4745 inimicorum
3261 4704 3506 4759 suorum,

2105 4771 2161 4816 et
2211 4762 2579 4833 sanctificatus
2623 4760 2776 4816 fuero
2827 4761 2881 4814 in
2925 4764 3025 4827 eis,
3057 4763 3110 4816 in
3143 4761 3321 4817 oculis
3373 4763 3616 4833 gentium

2181 4831 2555 4899 plurimarum.

2037 4902 2104 4958 Et
2129 4902 2304 4956 Scient
2329 4903 2460 4975 quia
2488 4917 2586 4970 ego
2617 4902 2878 4975 Dominus
2909 4904 3050 4958 Deus
3071 4917 3283 4969 eorum,

2105 4988 2171 5028 eo
2197 4973 2341 5043 quod
2374 4972 2479 5044 [AL
2513 4972 2658 5045 cum]
2686 4975 3056 5045 trans-tulerim
3097 4987 3192 5028 eos
3248 4977 3302 5045 in
3336 4974 3610 5041 nationes,

2109 5053 2165 5100 ct
2211 5044 2654 5114 congregaverim
2682 5044 2790 5118 [AL
2842 5044 3268 5116 cougregavero]
3322 5059 3419 5101 eos
3451 5059 3620 5117 super

2184 5123 2380 5171 terram
2409 5130 2584 5179 suam,

2111 5186 2165 5244 et
2209 5201 2316 5241 non
2363 5186 2746 5258 dereliquerim
2776 5201 2844 5243 ex
2873 5187 2953 5243 eis
2983 5201 3308 5258 quemquam
3342 5187 3434 5241 ibi.

2039 5257 2107 5314 Et
2134 5273 2239 5314 non
2271 5257 2596 5313 abscondam
2629 5259 2768 5313 ultra
2797 5259 2986 5314 faciem
3014 5273 3188 5314 meam
3210 5260 3277 5313 ab
3305 5259 3405 5324 eis,

2110 5346 2175 5386 eo
2208 5329 2354 5399 quod
2385 5329 2668 5400 effuderint
2707 5331 2954 5400 spiritum
3002 5344 3179 5385 meum
3213 5343 3376 5399 super
3403 5331 3618 5385 omnem

2183 5398 2402 5455 domum
2436 5398 2622 5460 Israel,
2652 5398 2733 5455 ait
2751 5401 3018 5456 Dominus
3049 5402 3208 5456 Deus.

2041 5472 2192 5546 [Cap.
2227 5471 2368 5546 XL]
2403 5471 2464 5542 In
2518 5472 2777 5546 vicesimo
2835 5473 3117 5546 etﬂquinto
3163 5485 3308 5546 anno
3366 5471 3622 5526 transmi-

2111 5541 2372 5614 grationis
2398 5541 2617 5609 nostrm,
2651 5543 2703 5596 in
2735 5541 2958 5598 exerdio
2986 5544 3133 5611 anni,
3163 5541 3370 5597 decima
3399 5546 3621 5611 mensis,

2185 5623 2378 5684 quarto
2429 5617 2646 5669 decimo
2697 5629 2839 5670 anno
2897 5623 3180 5686 postquam
3235 5628 3490 5684 percussa
3541 5625 3625 5669 est

2184 5688 2373 5740 civitas
2399 5701 2412 5739 :

2118 5756 2172 5812 in
2197 5756 2314 5830 ipsa
2343 5756 2440 5830 bac
2465 5755 2564 5830 die
2574 5755 2716 5830 facta
2743 5765 2826 5814 est
2858 5770 3023 5830 super
3048 5769 3136 5815 me
3167 5767 3359 5814 manus
3389 5753 3629 5828 Domini,

2111 5835 2171 5888 et
2194 5826 2415 5886 adduxit
2438 5841 2525 5887 me
2551 5827 2707 5886 illuc.
2930 5826 2942 5830 '
3064 5834 3072 5850 ‘
