4108 6360
542 261 652 322 999

541 386 603 443 ln
637 382 943 442 visionibus
975 383 1068 440 Dei
1091 381 1319 440 adduxit
1347 398 1433 440 me
1458 385 1510 440 in
1536 393 1737 442 terram
1765 388 1956 456 Israel,

608 465 666 514 et
691 457 893 512 dimisit
926 471 1012 513 me
1035 471 1201 526 super
1224 465 1459 526 montem
1492 459 1768 514 excelsum
1801 462 1964 515 nimis
1997 477 2012 518 :

610 545 776 604 super
801 544 960 604 quem
985 525 1283 598 eratquasi
1313 525 1603 585 aediﬁcium
1633 530 1872 586 civitatis
1897 547 2132 604 vergen-

683 601 752 656 tis
778 600 846 655 ad
871 609 1095 655 astrum.

541 673 612 730 Et
631 671 931 728 introduxit
952 686 1038 726 me
1063 670 1189 726 illnc
1223 687 1238 726 :

608 753 666 801 et
688 757 817 818 ecce
836 741 942 818 vir,
973 742 1130 818 cujus
1151 751 1271 818 erat
1292 743 1505 815 species
1541 744 1696 817 quasi
1724 744 1949 818 species
1976 746 2122 804 teris.

608 826 667 871 et
691 813 962 869 funiculus
989 811 1168 869 lineus
1198 813 1254 869 in
1284 811 1447 871 manu
1472 811 1614 886 ejus,

607 896 665 960 et
693 886 933 941 calamus
953 899 1226 960 mensura:
1253 888 1309 942 in
1342 903 1535 944 manus
1563 890 1683 960 ejus
1711 905 1728 944 :

536 957 728 1016 Stabat
755 965 937 1011 autem
963 955 1016 1009 in
1049 964 1206 1026 porta
1233 975 1249 1012 :

605 1037 662 1084 et
684 1028 896 1084 locutus
926 1036 1009 1082 est
1031 1027 1098 1082 ad
1123 1043 1210 1084 me
1244 1028 1389 1085 idem
1420 1031 1505 1087 vir
1530 1047 1547 1088 :

531 1099 635 1156 Fili
667 1099 928 1163 hominis,

603 1170 732 1227 vide
760 1171 934 1227 oculis
972 1171 1102 1236 tuis,
1135 1179 1189 1228 et
1211 1172 1435 1228 auribus
1459 1173 1567 1229 tuis
1594 1173 1742 1244 andi,

603 1251 658 1299 et
675 1256 842 1368 t[igne
889 1257 983 1300 cor
1035 1253 1183 1298 tuum
1222 1245 1279 1299 in
1317 1245 1522 1315 omnia,
1553 1261 1674 1316 quae
1705 1242 1807 1316 ego
1836 1242 2126 1301 ostendam

703 1331 716 1368 ι
764 1329 778 1368 Ι
811 1329 825 1368 ε

675 1323 778 1370 tibi
811 1329 825 1368 ε

601 1387 728 1458 quia
751 1392 812 1440 ut
843 1385 1205 1442 ostendantur
1228 1387 1328 1443 tibi
1357 1387 1626 1444 adductus
1654 1401 1714 1444 es
1739 1387 1848 1458 huc
1882 1404 1898 1443 :

607 1457 866 1514 annuntia
895 1458 1097 1529 omnia,
1134 1474 1254 1529 qua:
1286 1470 1340 1514 tu
1369 1461 1546 1521 vides,
1581 1460 1767 1514 domui
1794 1457 1980 1513 Israel.

533 1527 605 1586 Et
632 1544 763 1657 cclcc
805 1543 992 1584 murus
1040 1527 1345 1586 forinsecus
1393 1531 1449 1585 in
1498 1531 1735 1586 circuitu
1782 1529 1974 1586 domus
2019 1545 2125 1586 un-

720 1616 864 1657 mue.

720 1616 864 1669 tque,

605 1681 660 1729 et
680 1672 733 1728 in
764 1687 927 1797 mqnu
956 1672 1063 1728 viri
1093 1673 1335 1730 calamus
1363 1687 1639 1731 mensurae
1661 1688 1758 1731 sex
1790 1673 2125 1743 cubitorum,

677 1755 733 1797 et
762 1759 824 1797 na
851 1760 940 1797 mo
973 1761 986 1797 2

677 1755 733 1801 et
762 1755 940 1814 palmo
973 1761 986 1798 :

532 1815 603 1874 Et
631 1830 852 1872 mensus
883 1824 968 1872 est
993 1815 1333 1873 latitudinem
1365 1815 1580 1874 aedificii
1607 1817 1819 1874 calamo
1857 1831 1988 1884 uno,

606 1887 953 1960 altitudinem
983 1903 1199 1960 quoque
1225 1889 1437 1943 calamo
1468 1905 1596 1944 uno.

534 1957 607 2016 Et
635 1959 788 2085 venit
813 1959 881 2013 ad
911 1957 1146 2030 portam,
1178 1974 1300 2031 quae
1327 1961 1659 2031 respiciebat
1687 1960 1832 2016 viam
1877 1960 2121 2015 orienta-

699 2046 808 2085 em.

699 2046 808 2099 em,

525 2131 571 2172 -_
606 2108 663 2157 et
681 2100 925 2158 ascendit
948 2115 1046 2171 per
1076 2100 1276 2172 gradus
1301 2101 1422 2172 ejus
1458 2119 1472 2158 :

530 2170 602 2227 Et
627 2187 850 2229 mensus
872 2170 964 2228 est
986 2170 1150 2228 limen
1178 2170 1349 2243 portae
1373 2173 1585 2229 calamo
1615 2188 1727 2229 uno
1755 2172 2123 2242 latitudinem,

608 2244 661 2299 id
691 2254 799 2311 est,
824 2244 989 2300 limen
1043 2259 1205 2298 unum
1251 2243 1464 2300 calamo
1494 2260 1604 2300 uno
1643 2246 1698 2301 in
1729 2245 2074 2301 latitudinem
2107 2263 2120 2299 :

533 2313 921 2371 Etthalamum
951 2329 1062 2369 uno
1087 2317 1296 2370 calamo
1333 2315 1387 2370 in
1420 2316 1662 2386 longum,
1750 2381 1752 2383 ,

606 2394 664 2442 et
686 2402 792 2441 ttno
818 2386 1029 2442 calamo
1059 2386 1110 2439 in
1143 2386 1310 2440 latum
1345 2403 1360 2440 :

605 2465 662 2514 et
685 2457 830 2514 inter
861 2457 1156 2522 thalamos,
1187 2457 1428 2527 quinque
1455 2457 1668 2514 cubitos
1695 2476 1710 2514 :

531 2526 598 2584 Et
623 2528 786 2655 limeln
816 2540 991 2600 porta:
1030 2527 1183 2598 juxta
1210 2526 1542 2586 vestibulum
1577 2541 1749 2601 porta:
1786 2529 2122 2587 intrinsecus

673 2614 735 2655 ca
761 2615 884 2655 amo
905 2615 1034 2655 uno.

673 2614 884 2656 calamo
905 2615 1034 2656 uno.
1056 2655 1064 2661 .

532 2667 604 2727 Et
630 2685 851 2728 mensus
876 2679 959 2727 est
989 2669 1312 2730 vestibulum
1337 2680 1508 2741 porta:
1535 2679 1659 2727 octo
1681 2671 2012 2742 cubitorum,

603 2752 658 2797 et
682 2742 916 2800 frontem
945 2742 1062 2813 ejus
1091 2743 1302 2798 duobus
1329 2743 1526 2798 cubitis
1555 2759 1570 2797 :

604 2814 923 2870 vestibulum
947 2824 1127 2869 autem
1154 2825 1328 2884 portae
1346 2826 1462 2869 erat
1487 2814 1832 2870 intrinsecus.

531 2880 706 2941 Porro
738 2885 959 2939 thalami
991 2880 1169 2956 portae
1201 2885 1269 2939 ad
1300 2886 1444 2940 viam
1481 2884 1822 2952 orientalem,
1852 2891 1966 2942 tres
1997 2883 2124 2942 hinc

673 2965 730 3011 et
760 2965 870 3012 tres
896 2955 1021 3012 inde
1050 2973 1064 3010 :

600 3040 857 3083 mensura
889 3042 990 3083 una
1027 3027 1214 3094 trium,

601 3106 658 3154 et
689 3112 942 3155 mensura
971 3114 1075 3170 una
1107 3098 1364 3155 frontium
1395 3115 1459 3156 ex
1493 3109 1721 3168 utraque
1746 3108 1920 3170 parte.

1511 266 1563 325 s.
1611 265 1992 328 ntenouvnt
2032 267 2270 330 DIVINA
2308 224 2793 334 memoratam.

2155 391 2207 452 A
2245 461 2282 473 η
2308 399 2364 446 et
2393 390 2734 473 latitudinem
2762 386 3575 473 vigintiAquinqpepubitorum.

3695 270 3844 332 1000

2240 461 2521 518 Fenestrae
2543 471 2725 518 autem
2755 463 2896 532 ejus,
2925 471 2981 516 et
3010 461 3365 529 vestibulum,

2308 543 2364 589 et
2397 535 2689 607 sculpturae
2719 533 3015 607 secundum
3050 548 3359 590 mensuram
3391 541 3564 606 porta:
3593 549 3718 607 quae
3746 550 3839 591 re-

2378 603 2644 676 spiciebat
2670 603 2736 676 ad
2766 605 3033 661 orientem
3067 621 3083 663 :

2233 673 2305 731 Et
2334 673 2540 750 septem
2572 675 2837 750 graduum
2870 689 3268 734 eratascensus
3299 678 3438 750 ejus,

2303 757 2358 802 et
2380 747 2710 802 vestibulum
2736 754 2864 803 ante
2889 763 3032 805 eam.

2232 816 2300 874 Et
2330 827 2487 902 porta
2515 818 2639 944 attrlii
2666 819 2963 875 interioris
2992 828 3180 877 contra
3212 828 3424 893 portam
3455 819 3756 893 aquilonis,
3775 829 3836 879 et

2375 904 2530 944 orten
2561 906 2588 942 a
2617 905 2703 944 em
2733 905 2749 942 :

2375 899 2703 946 orientalem
2733 905 2749 942 2

2303 966 2360 1017 et
2386 975 2625 1085 mgnlsus.
2648 969 2735 1018 est
2760 976 2788 1016 a
2823 971 2982 1034 porta
3009 979 3184 1036 usque
3227 964 3297 1022 ad
3346 971 3560 1036 portam
3603 973 3830 1022 centum

2378 1046 2444 1085 cu
2488 1047 2617 1085 tos.

2378 1041 2617 1089 CDDHOS.

2231 1101 2300 1160 Et
2327 1103 2516 1159 eduxit
2545 1119 2633 1160 me
2661 1103 2728 1160 ad
2749 1105 2890 1160 viam
2919 1106 3239 1174 australem,

2303 1184 2359 1230 et
2391 1189 2519 1230 ecce
2549 1185 2726 1247 porta,
2755 1191 2876 1248 qua:
2904 1179 3232 1248 respiciebat
3257 1177 3325 1234 ad
3351 1186 3597 1234 austrum
3631 1195 3647 1234 :
3750 1216 3752 1218 τ

2303 1252 2360 1302 et
2379 1261 2620 1330 .me‘nsus
2659 1259 2742 1303 est
2779 1247 3013 1306 frontem
3048 1251 3192 1330 ejus,
3223 1261 3282 1312 et
3320 1249 3653 1306 vestibulum
3683 1249 3828 1321 ejus,

2375 1323 2531 1388 juxta
2560 1333 2848 1376 mensuras
2878 1323 3213 1390 superiores.

2236 1387 2308 1445 Et
2338 1387 2605 1445 fenestras
2636 1390 2775 1460 ejus,
2800 1399 2855 1446 et
2879 1387 3150 1450 vestibula
3192 1394 3246 1450 in
3291 1391 3548 1459 circuitu,
3573 1392 3720 1448 sicut
3749 1393 3830 1449 fe-

2377 1471 2598 1516 nestras
2625 1471 2860 1519 caeteras
2895 1483 2911 1518 ε

2301 1531 2693 1606 quinquaginta
2721 1534 3031 1606 cubitorum
3056 1534 3396 1606 longitudine

2302 1611 2359 1659 et
2385 1603 2672 1677 latitudine
2699 1605 2890 1677 viginti
2913 1603 3484 1676 quinque‘cubitorum
3501 1605 3610 1677 [AL
3637 1607 3692 1662 in
3719 1620 3828 1676 qua

2375 1683 2492 1748 erat
2521 1675 2591 1730 50
2639 1675 2948 1748 cubitorum
2994 1675 3303 1748 longitudo,
3336 1686 3394 1734 et
3443 1675 3676 1737 latitudo
3725 1677 3825 1748 25,

2377 1747 2573 1820 absque
2593 1747 2945 1820 cubitorum].

2153 1787 2202 1848 Β
2228 1815 2298 1873 Et
2319 1787 3322 1888 ἰιιῖἶέδῖὺῖιξξξῦίὲῖἶῖἲεεθηάεδθιιιτ
3349 1817 3418 1874 ad
3444 1833 3563 1876 eam
3589 1836 3604 1875 :

2297 1897 2354 1944 et
2367 1889 2692 1944 vestibulum
2735 1900 2860 1954 ante
2885 1889 3030 1945 fores
3060 1890 3177 1959 ejus
3193 1907 3220 1959 _:

2297 1966 2354 2015 et
2381 1960 2589 2016 caelatae
2614 1963 2806 2029 palmae
2843 1969 3020 2028 erant,
3056 1957 3164 2016 una
3191 1957 3344 2030 hinc,
3368 1969 3425 2019 et
3467 1962 3645 2020 altera
3692 1959 3828 2019 inde

2369 2030 2424 2086 in
2459 2032 2636 2087 fronte
2663 2034 2803 2096 ejus.

2225 2101 2298 2158 Et
2321 2110 2477 2172 porta
2517 2103 2642 2158 atrii
2672 2104 2952 2162 interioris
2983 2103 3035 2158 in
3067 2103 3154 2160 via
3201 2103 3428 2159 australi
3455 2118 3471 2157 :

2297 2180 2354 2229 et
2387 2189 2608 2247 mensus
2652 2184 2738 2231 est
2785 2191 2813 2229 a
2870 2184 3026 2246 porta
3081 2189 3255 2247 usque
3302 2175 3369 2230 ad
3404 2182 3615 2246 portam
3646 2174 3704 2232 in
3731 2174 3822 2230 via

2370 2246 2619 2315 australi,
2649 2255 2868 2303 centum
2891 2247 3126 2303 cubitos.

2227 2316 2298 2374 Et
2329 2317 2631 2443 inttrmlluxit
2657 2334 2746 2376 me
2787 2320 2840 2375 in
2880 2318 3078 2374 atrium
3112 2318 3342 2374 interius
3374 2317 3444 2374 ad
3473 2323 3693 2388 portam
3725 2330 3824 2374 att-

2367 2403 2396 2443 s
2423 2404 2478 2443 ra
2507 2404 2591 2443 em
2618 2406 2632 2443 :

2367 2398 2591 2444 straletn
2618 2406 2632 2443 ἒ

2297 2468 2355 2531 et
2380 2475 2600 2516 mensus
2629 2467 2712 2516 est
2740 2467 2950 2531 portam
2970 2459 3123 2531 juxta
3150 2467 3437 2516 mensuras
3472 2460 3817 2530 superiores.

2226 2529 2548 2586 Thalamum
2581 2531 2720 2601 ejus,
2743 2529 2806 2586 ‘et
2836 2529 3074 2587 frontem
3099 2532 3243 2601 ejus,

2298 2611 2354 2657 et
2383 2603 2709 2658 vestibulum
2731 2604 2850 2671 ejus
2879 2603 3086 2659 eisdem
3114 2602 3386 2658 mensuris
3415 2618 3431 2657 :

2299 2683 2357 2729 et
2388 2675 2657 2730 fenestras
2690 2673 2832 2742 ejus,
2856 2685 2910 2729 et
2949 2676 3280 2730 vestibulum
3310 2675 3430 2743 ejus
3476 2673 3533 2730 in
3562 2673 3817 2742 circuitu,

2298 2745 2685 2815 quinquaginta
2715 2745 2932 2802 cubitos
2962 2745 3337 2816 longitudinis,

2299 2826 2358 2871 et
2389 2816 2688 2874 latitudinis
2706 2817 2895 2888 viginti
2915 2817 3154 2888 quinque
3179 2817 3414 2872 cubitos.

2225 2885 2632 2944 Etvestibulum
2658 2904 2756 2957 per
2769 2885 2966 2960 gyrum
2989 2885 3331 2960 longitudine
3352 2886 3547 2960 viginti
3563 2887 3810 2960 quinque

2369 2960 2701 3026 cubitorum,

2297 3039 2352 3088 et
2372 3030 2658 3086 latitudine
2680 3030 2920 3101 quinque
2942 3029 3274 3087 cubitorum.

2297 3101 2370 3157 Et
2396 3102 2728 3158 vestibulum
2757 3103 2876 3172 ejus
2898 3103 2964 3157 ad
2986 3103 3182 3158 atrium
3212 3102 3472 3171 exterius,

529 3168 600 3226 Et
628 3184 848 3226 mensus
876 3179 959 3226 est
988 3169 1326 3227 latitudinem
1358 3171 1560 3228 liminis
1592 3168 1764 3242 portae
1791 3173 1982 3227 decem
2019 3186 2117 3227 cu-
2145 3170 2193 3236 C
2293 3182 2348 3229 et
2379 3173 2581 3243 palmas
2604 3174 2725 3229 e‘us
2755 3168 2808 3228 in
2833 3174 3031 3240 fronte,

671 3241 935 3300 bitorum.
2291 3254 2345 3300 et
2365 3251 2490 3299 octo
2519 3190 2720 3300 gratius
2746 3254 2902 3300 erant
2922 3243 3029 3300 [ΑΙ.

671 3241 935 3309 bitorum,

599 3320 656 3369 et
683 3311 1072 3384 longitudinem
1095 3322 1290 3384 portae,
1315 3313 1578 3370 tredecim
1608 3313 1918 3370 cubitorum
1949 3328 1966 3368 :

532 3381 604 3440 Et
629 3381 928 3454 marginem
959 3381 1386 3441 ante'tbalamos
1409 3385 1581 3443 cubiti
1613 3387 1770 3441 unius
1801 3404 1815 3442 :

597 3463 654 3526 et
679 3456 893 3526 cubitus
914 3471 1054 3512 unus
1081 3457 1202 3511 linis
1223 3459 1496 3526 utrimque
1531 3475 1542 3510 :

500 3551 510 3560 ι
598 3525 824 3581 thalami
858 3536 1060 3596 autem,
1092 3543 1188 3583 sex
1215 3525 1520 3584 cubitorum
1551 3537 1710 3584 erant
1732 3527 1856 3584 hinc
1877 3537 1933 3584 et
1963 3526 2110 3584 inde.

527 3596 600 3654 Et
621 3611 858 3680 mensus.
874 3609 958 3654 est
982 3607 1191 3670 portam
1215 3615 1244 3654 a
1273 3609 1415 3656 tecto
1445 3600 1664 3654 thalami
1705 3614 1874 3670 usque
1908 3600 1975 3656 ad
2003 3609 2115 3656 tec-

669 3677 780 3723 tum
809 3677 858 3738 ej
868 3685 952 3738 us,

597 3738 936 3815 latitudinem
964 3740 1152 3813 viginti
1183 3748 1238 3797 et
1258 3742 1498 3815 quinque
1521 3741 1832 3799 cubitorum
1867 3759 1880 3797 ε

526 3815 536 3832 ⁸
599 3811 797 3865 ostium
819 3820 1004 3868 contra
1026 3811 1250 3868 ostium.

527 3881 596 3938 Et
627 3881 1114 3956 fecit_frontes.per
1140 3884 1430 3956 sexaginta
1459 3883 1676 3941 cubitos
1706 3901 1721 3940 :

597 3961 652 4008 et
676 3954 743 4008 ad
759 3951 992 4026 frontem
1006 3951 1202 4010 atrium
1219 3951 1394 4025 portae
1415 3957 1656 4026 undique
1685 3970 1780 4023 per
1799 3955 2106 4012 circuitum.

529 4023 602 4080 Et
625 4033 754 4098 ante
780 4023 1195 4098 faciemportac,
1221 4023 1344 4097 quae
1367 4023 1708 4098 pertingebat
1734 4042 1906 4098 usque
1933 4027 2000 4082 ad
2032 4028 2111 4084 fa-

668 4097 806 4151 ciem
838 4097 1091 4152 vestibuli
1121 4107 1294 4166 porta:
1319 4097 1617 4167 interioris,

601 4167 983 4238 quinquaginta
1015 4169 1248 4224 cubitos.

524 4237 594 4296 Et
622 4237 890 4310 fenestras
917 4239 1165 4310 obliquas
1192 4241 1243 4296 in
1263 4241 1535 4308 thalamis,

595 4309 728 4384 etin
752 4309 1023 4366 frontibus
1043 4309 1256 4384 eorum,
1281 4328 1401 4383 qua:
1421 4320 1581 4367 erant
1607 4311 1747 4368 intra
1771 4323 1983 4384 portam
2009 4330 2110 4371 un-

665 4381 827 4452 dique
857 4397 953 4452 per
980 4383 1268 4438 circuitum
1300 4381 1318 4438 Ξ

523 4451 790 4510 Similiter
845 4451 1024 4528 autem
1055 4463 1291 4509 erantet
1320 4454 1373 4510 in
1403 4454 1686 4511 vestibulis
1730 4454 1985 4515 fenestra:
2011 4471 2108 4528 per

667 4538 856 4596 gyrum
885 4524 1234 4596 intrinsecus,

593 4605 648 4651 et
669 4595 798 4667 ante
820 4595 1025 4667 frontes
1049 4595 1253 4666 pictura
1284 4597 1607 4667 palmarum.

520 4665 590 4724 Et
615 4665 805 4723 eduxit
829 4681 916 4722 me
939 4666 1006 4738 ad
1034 4665 1229 4738 atrium
1255 4665 1514 4738 exterius,

591 4747 648 4795 et
669 4752 798 4794 ecce
815 4737 1218 4809 gazophylacia,

589 4819 646 4866 et
701 4812 1064 4891 pavimentum
1096 4817 1325 4866 stratum
1355 4810 1535 4882 lapide
1583 4811 1636 4868 in
1691 4811 1834 4870 atrio
1875 4827 1973 4885 per
1994 4814 2104 4869 cir-

660 4891 862 4936 Cllllllm
888 4897 902 4934 2

600 4953 816 5023 triginta
847 4949 1231 5025 gazopliylacia
1261 4953 1315 5008 in
1345 4953 1574 5010 circuitu
1599 4955 1919 5025 pavimenti.

523 5023 594 5080 Et
623 5025 988 5095 pavimentum
1016 5024 1068 5078 in
1103 5025 1278 5080 fronte
1306 5023 1606 5095 portarum,

592 5093 888 5149 secundum
918 5093 1609 5166 longitudinem‘portarum
1627 5106 1746 5153 erat
1776 5096 2022 5153 inferius.

594 5165 661 5220 Et
683 5180 906 5220 mensus
930 5173 1016 5221 est
1039 5165 1376 5222 latitudinem
1398 5181 1429 5221 a
1451 5166 1592 5222 facie
1619 5177 1792 5237 portae
1822 5167 2097 5223 inferioris

665 5251 834 5307 usque
878 5237 942 5292 ad
994 5238 1225 5292 frontem
1273 5237 1398 5292 atrii
1429 5239 1705 5293 interioris
1734 5241 2096 5305 extrinsecus,

591 5314 806 5364 centum
834 5308 1047 5363 cubitos
1070 5308 1138 5363 ad
1164 5307 1449 5380 orientem,
1482 5319 1538 5364 et
1559 5309 1628 5364 ad
1655 5311 1987 5380 aquilonem.

522 5377 1194 5462 Portamnquoquoenquae
1249 5378 1579 5450 respiciebat
1626 5377 1768 5436 viam
1826 5380 2098 5453 aquilonis

657 5449 780 5506 atrii
809 5449 1116 5516 exterioris,

589 5537 811 5594 mensus
828 5529 1037 5594 esttam
1063 5521 1116 5575 in
1139 5520 1496 5594 longitudine,
1517 5538 1679 5594 quam
1702 5523 1758 5581 in
1784 5523 2098 5582 latitudine.

527 5593 596 5652 Et
624 5593 895 5649 thalamos
919 5593 1039 5662 ejus
1070 5601 1183 5647 tres
1204 5593 1350 5661 hinc,
1382 5603 1437 5650 et
1465 5593 1576 5650 tres
1605 5597 1731 5652 inde
1761 5615 1773 5650 :

595 5673 651 5721 et
696 5664 931 5719 frontem
981 5663 1121 5746 ejus,
1153 5673 1208 5717 et
1260 5668 1587 5746 vestibulum
1633 5668 1755 5738 ejus
1799 5667 2100 5726 secundum

660 5749 971 5792 mensuram
1005 5745 1176 5805 portat
1201 5737 1420 5804 prioris,

590 5806 981 5884 quinquaginta
1011 5805 1318 5865 cubitorum
1349 5807 1736 5882 longitudinem
1767 5810 1909 5885 ejus,

2291 3254 2345 3300 et
2365 3251 2490 3317 octo
2519 3243 2720 3316 gradus
2740 3254 2902 3317 erant
2922 3243 3029 3317 [AL
3052 3244 3184 3300 add.
3210 3243 3375 3317 ejus],
3399 3243 3595 3316 quibus
3619 3259 3816 3302 ascen-

2361 3314 2590 3388 dehatur
2616 3332 2709 3385 per
2738 3314 2846 3388 [AL
2881 3314 2969 3388 ad]
2991 3331 3136 3388 eam.

2217 3386 2288 3443 Et
2315 3386 2615 3512 inttrloduxit
2642 3386 2816 3444 me'in
2844 3386 3040 3443 atrium
3073 3387 3302 3444 interius
3329 3401 3427 3459 per
3453 3388 3596 3444 viam
3622 3387 3811 3470 orien-

2385 3476 2410 3511 a
2436 3474 2523 3512 em
2552 3475 2566 3512 :

2359 3465 2523 3514 talem
2552 3475 2566 3514 :
3646 3465 3651 3470 '

2285 3536 2342 3586 et
2368 3545 2589 3613 mensus
2615 3538 2701 3587 est
2727 3539 2938 3602 portam
2979 3531 3280 3588 secundum
3323 3545 3611 3588 mensuras
3638 3544 3808 3602 supe-

2358 3616 2530 3658 I‘IOI‘OS
2539 3639 2552 3656 ο

2217 3671 2535 3729 Thalamum
2567 3673 2704 3743 ejus,
2733 3683 2787 3729 et
2808 3673 3041 3745 frontem
3063 3675 3207 3745 ejus,

2286 3747 2683 3816 etvestibulum
2707 3745 2849 3816 ejus,
2878 3744 3022 3802 sicut
3047 3744 3211 3816 supra
3237 3761 3253 3801 :

2286 3824 2342 3871 'et
2367 3815 2632 3872 fenestras
2662 3814 2802 3886 ejus,
2829 3826 2885 3872 et
2905 3814 3170 3872 vestibula
3202 3817 3322 3886 ejus
3349 3815 3402 3872 in
3431 3814 3694 3887 circuitu,

2297 3888 2630 3957 longitudine
2658 3889 3050 3959 quinquaginta
3068 3888 3401 3952 cubitorum,

2285 3959 2636 4014 etlatitudine
2659 3959 3100 4030 vigintiquinque
3125 3959 3453 4014 cubitorum.

2213 4030 2282 4088 Et
2305 4031 2624 4086 veSIibulum
2655 4031 2792 4098 ejus,
2820 4031 2872 4084 id
2903 4039 3007 4098 est,
3031 4031 3154 4085 atrii
3185 4031 3474 4087 exterioris
3504 4047 3518 4082 :

2284 4111 2340 4156 et
2367 4101 2560 4170 palma:
2579 4101 2780 4158 caelatae
2810 4101 2863 4156 in
2893 4103 3071 4156 fronte
3099 4103 3218 4170 ejus
3247 4103 3374 4156 hinc
3401 4109 3456 4156 et
3481 4098 3608 4157 inde
3642 4117 3660 4158 :

2285 4182 2340 4244 et
2370 4173 2421 4225 in
2454 4181 2576 4244 octo
2604 4173 2866 4244 gradibus
2893 4187 3179 4229 ascensum
3206 4172 3347 4242 ejus.

2213 4243 2281 4300 Et
2316 4241 2627 4367 introdluxit
2665 4259 2753 4300 me
2797 4244 2865 4299 ad
2912 4253 3146 4316 portam,
3177 4241 3300 4315 qua:
3350 4241 3678 4314 respiciebat
3734 4242 3806 4298 ad

2354 4329 2474 4367 aout
2503 4330 2658 4367 onem
2695 4333 2707 4367 :

2354 4329 2658 4383 aquilonem
2695 4333 2707 4368 ε

2283 4394 2339 4458 et
2368 4400 2595 4458 mensus
2621 4395 2705 4443 est
2731 4387 3034 4458 secundum
3058 4401 3347 4444 mensuras
3371 4385 3710 4458 superiores,

2211 4457 2531 4514 Thalamum
2552 4457 2691 4528 ejus,
2725 4459 2960 4515 frontem
2990 4457 3134 4528 ejus,

2132 4560 2189 4621 D
2281 4541 2337 4621 ἓξ
2364 4528 2856 4621 ἴὲῗέῗῖἶῗὲινῗεῗὶυῗν

2284 4611 2340 4671 et
2365 4599 2631 4671 fenestras
2661 4599 2782 4670 ejus
2813 4617 2908 4671 per
2929 4600 3238 4668 circuitum,

2285 4670 2630 4743 longitudine
2654 4670 3037 4743 qninq’uaginta
3068 4673 3398 4738 cubitorum,

2283 4752 2338 4798 et
2360 4742 2639 4814 latitudine
2661 4742 3097 4814 vigintiquinque
3116 4745 3443 4798 cubitorum.

2217 4813 2290 4869 Et
2318 4813 2648 4869 vestibulum
2679 4817 2796 4884 ejus
2824 4812 3147 4884 reSpiciebat
3175 4814 3240 4869 ad
3281 4814 3479 4868 atrium
3510 4812 3758 4869 exterius
3788 4829 3803 4866 :

2283 4891 2340 4939 et
2365 4884 2618 4940 carlatnra
2652 4883 2947 4954 palmarum
2971 4887 3024 4941 in
3046 4886 3224 4941 fronte
3249 4883 3368 4954 ejus
3393 4883 3518 4940 hinc
3553 4896 3608 4940 et
3630 4884 3760 4941 inde
3788 4903 3801 4938 :

2282 4964 2337 5011 et
2363 4955 2414 5009 in
2445 4965 2572 5011 octo
2599 4956 2856 5028 gradibus
2875 4971 3136 5028 ascensus
3156 4956 3319 5028 ejus.
3404 5025 3416 5028 Α
3527 5025 3529 5028 ⁴

2211 5025 2279 5083 Et
2309 5042 2402 5098 per
2428 5023 2634 5098 singula
2663 5027 3050 5098 gazOphylacia
3081 5027 3276 5083 ostium
3311 5027 3368 5082 in
3397 5025 3665 5083 frontibus
3689 5023 3802 5097 [AL

2352 5097 2582 5169 foribttsl
2609 5097 2893 5168 portarunt
2919 5115 2936 5152 :
3474 5131 3489 5140 -

2275 5167 2351 5223 ibi
2376 5167 2625 5224 lavabant
2646 5169 3041 5226 holocaustum.

2206 5237 2275 5295 Et
2325 5240 2379 5294 in
2437 5241 2705 5295 vestibulo
2755 5249 2946 5310 portae,
2977 5241 3100 5298 dua:
3145 5255 3352 5299 mensa
3402 5241 3552 5309 hinc,
3585 5248 3641 5297 et
3675 5239 3801 5296 dutc

2349 5325 2551 5368 mensze
2573 5312 2697 5368 inde
2726 5329 2742 5370 :

2276 5388 2337 5436 ut
2363 5381 2675 5439 immoletur
2717 5398 2883 5454 super
2910 5397 3003 5440 eas
3041 5384 3420 5442 holocaustum
3452 5391 3508 5440 et
3532 5397 3632 5455 pro
3662 5395 3795 5454 pec.

2348 5463 2491 5525 cato,
2517 5462 2574 5510 et
2604 5467 2704 5525 pro
2727 5455 2950 5512 delicto.

2204 5522 2271 5578 Et
2300 5522 2366 5578 ad
2408 5525 2547 5580 latus
2575 5522 2838 5592 exterius,
2870 5526 3014 5598 quod
3059 5527 3309 5584 ascendit
3337 5527 3404 5582 ad
3434 5525 3638 5582 ostium
3667 5538 3798 5595 por-

2353 5605 2444 5670 tae,
2475 5612 2596 5670 quae
2624 5599 2799 5669 pergit
2827 5599 2894 5652 ad
2920 5599 3255 5670 aquilonem,
3285 5600 3407 5654 duae
3438 5612 3642 5653 mensa:
3672 5614 3685 5649 :

2278 5675 2335 5724 et
2370 5669 2438 5723 ad
2480 5666 2886 5726 latusialterum
2926 5666 3052 5727 ante
3081 5666 3406 5727 vestibulum
3445 5676 3640 5742 portae,
3673 5666 3798 5725 dutn

2348 5755 2550 5796 mensae
2579 5759 2590 5794 ε

2205 5811 2449 5886 Quatuor
2471 5827 2674 5872 mensa:
2699 5813 2845 5887 hinc,
2880 5823 2934 5874 et
2960 5823 3191 5891 quatuor
3220 5828 3423 5876 mensae
3457 5812 3616 5882 inde;
