4108 6360
310 327 438 392 1001

1414 333 1618 394 LIBER
1658 327 2065 393 EZECHIELIS
2105 322 2527 388 PROPIIETAE.

3463 336 3606 396 10οἓ

377 463 477 524 per
515 447 687 524 latera
721 452 891 518 portae
929 453 1053 506 octo
1099 462 1304 506 mensae
1343 459 1521 521 erant,
1554 467 1721 523 super
1762 465 1897 524 quas
1925 453 1979 513 Α
2006 519 2047 524 _
2078 457 2133 524 et
2158 444 2503 524 latitudinem
2526 442 2716 524 viginti
2747 443 3075 502 cubitorum.

450 520 803 576 immolabant
828 538 841 573 :

318 594 561 661 Quatuor
578 601 769 667 autem
794 607 1000 649 mensae
1026 592 1096 650 ad
1116 593 1519 665 holocaustum,
1543 594 1613 653 de
1636 594 1901 667 lapidibus

453 664 675 734 quadris
699 675 993 720 exstructa:
1030 682 1042 719 :

384 735 728 806 longitudine
754 737 921 792 cubiti
950 738 1109 793 unius
1130 747 1186 795 et
1214 740 1426 795 dimidii
1462 756 1477 795 :

377 818 431 865 et
459 807 742 863 latitudine
770 809 937 864 cubiti
970 811 1128 866 unius
1152 820 1207 867 et
1232 810 1443 868 dimidii
1477 829 1492 869 :

380 888 436 935 et
462 879 750 935 altitudine
778 880 947 936 cubiti
968 882 1129 936 unius
1156 900 1169 935 :

378 966 723 1038 superquas
766 962 969 1038 ponant
1010 952 1118 1038 [AL
1148 954 1373 1038 ponent]
1406 970 1553 1038 vasa,
1602 956 1657 1012 in
1706 956 1903 1027 quibus

455 1022 779 1077 immolatur
798 1022 1200 1090 holocaustum,
1231 1036 1286 1081 et
1313 1022 1552 1083 victima.

317 1095 383 1151 Et
404 1094 543 1177 labia
566 1110 753 1177 earum
794 1096 961 1167 palmi
988 1097 1170 1167 unius,
1204 1099 1774 1167 reﬂexa‘intrinsecus
1807 1115 1905 1172 per

455 1175 739 1221 circuitum
768 1184 782 1221 Ξ

379 1252 544 1309 super
576 1252 794 1293 mensas
819 1248 1000 1295 autem
1024 1256 1218 1298 carnes
1248 1242 1567 1300 oblationis.

317 1309 387 1365 Et
410 1319 563 1365 extra
586 1318 797 1380 portam
824 1311 1164 1381 interiorem,

382 1382 771 1465 gazopltylaci‘a
820 1392 1107 1465 cantorum
1155 1386 1219 1465 in_
1259 1388 1400 1465 atrio
1442 1385 1708 1465 interiori,
1763 1386 1908 1458 quod

454 1452 650 1529 eratin
674 1452 847 1510 latere
876 1464 1048 1524 portae
1071 1458 1420 1529 respicientis
1446 1458 1517 1513 ad
1552 1452 1863 1529 aquilonem
1890 1478 1901 1514 :

312 1525 380 1582 Et
400 1524 568 1581 facies
595 1540 783 1598 eorum
813 1535 1003 1582 contra
1031 1524 1516 1598 viam—australem,

383 1612 585 1678 unaex
615 1597 788 1678 latere
814 1606 985 1678 portae
1008 1600 1315 1670 orientalis,
1334 1617 1454 1673 quae
1481 1596 1813 1673 respiciebat
1839 1603 1908 1660 ad

456 1668 597 1723 viam
626 1668 917 1738 aquilonis.

309 1741 377 1797 Et
404 1738 542 1796 dixit
565 1740 633 1796 ad
662 1756 784 1797 me:

388 1811 509 1939 Ηοὲ
532 1822 613 1867 εει
635 1812 1113 1887 gazophylacium,
1140 1815 1287 1888 quod
1318 1817 1542 1888 respicit
1571 1817 1716 1873 viam
1742 1818 1911 1874 meri-

498 1899 705 1939 ranam:

498 1899 705 1951 ranam;

384 1956 729 2031 sacerdotum
777 1958 883 2014 erit
906 1958 929 2031 [Δ
950 1958 1033 2014 Al.
1059 1968 1191 2016 tacet
1222 1960 1377 2031 erit],
1425 1960 1520 2031 qui
1555 1961 1826 2018 excubant
1853 1962 1909 2017 in

458 2028 724 2084 custodiis
748 2028 958 2099 templi.

312 2098 987 2176 Porro_gaz0phy_lacium,
1021 2102 1167 2173 quod
1195 2102 1417 2174 respicit
1440 2103 1509 2160 ad
1532 2104 1673 2162 viam
1701 2104 1911 2176 aquilo-

454 2172 565 2237 nis,
592 2172 933 2229 sacerdotum
962 2172 1090 2241 erit,

387 2242 482 2313 qui
506 2243 783 2299 excubant
808 2248 877 2300 ad
900 2244 1259 2303 ministerium
1289 2247 1497 2305 altaris.

308 2313 406 2373 Isti
436 2324 563 2371 sunt
584 2314 677 2387 filii
701 2313 901 2387 Sadoc,

386 2386 777 2515 quilaecttadunt
804 2386 1027 2446 deﬂliis
1056 2389 1195 2448 Levi
1240 2391 1307 2447 ad
1337 2390 1631 2449 Dominum
1660 2400 1719 2448 ut
1754 2392 1914 2449 mini-

460 2475 485 2515 s
515 2474 609 2515 ren
660 2474 730 2515 et.

460 2474 634 2516 Sll'enl
660 2474 730 2516 ει.

312 2530 388 2590 Et
435 2546 656 2589 mensus
716 2542 801 2590 est
842 2533 1045 2591 atrium
1098 2533 1436 2606 longitudine
1492 2543 1709 2593 centum
1757 2536 1911 2593 cubi-

457 2612 659 2673 torum,

384 2685 442 2734 et
465 2675 749 2751 latitudine
776 2688 994 2735 centum
1018 2678 1325 2735 cubitorum
1355 2693 1451 2750 per
1474 2678 1778 2751 quadrum:

388 2757 443 2821 et
463 2749 635 2821 altare
662 2760 788 2807 ante
810 2751 1003 2807 faciem
1030 2750 1234 2821 templi.

310 2819 387 2877 Et
413 2819 716 2878 introduxit
744 2838 831 2879 me
860 2824 912 2878 in
942 2819 1273 2879 vestibulum
1301 2823 1521 2894 templi:

391 2900 446 2950 et
472 2908 694 2966 mensus
720 2905 803 2950 est
826 2894 1150 2966 vestibulum
1182 2894 1421 2966 quinque
1452 2894 1651 2951 cubitis
1682 2895 1833 2965 hinc,
1860 2904 1915 2952 et

458 2964 696 3036 quinque
726 2966 922 3022 cubitis
946 2965 1070 3020 inde
1092 2985 1105 3021 :

388 3045 445 3094 et
489 3036 828 3093 latitudinem
876 3047 1047 3108 portae
1091 3038 1253 3094 trium
1299 3038 1607 3095 cubitorum
1655 3038 1804 3108 hinc,
1860 3047 1917 3096 et

458 3108 624 3163 trium
647 3110 949 3165 cubitorum
976 3108 1119 3166 inde.

323 3179 746 3252 Longitudinem
778 3192 958 3237 autem
981 3181 1234 3236 vestibuli
1265 3181 1453 3251 vingiti
1478 3182 1806 3250 cubitorum,

389 3263 445 3309 et
473 3252 816 3309 latitudinem
850 3252 1100 3308 undecim
1125 3253 1453 3318 cubitorum,

389 3333 443 3381 et
472 3334 594 3379 octo
619 3332 645 3361 ⁸
668 3323 927 3396 gradibus
960 3323 1359 3396 ascendebatur
1385 3325 1452 3379 ad
1475 3339 1619 3385 eam.

314 3393 394 3451 Et
420 3393 692 3469 columnae
715 3405 868 3452 erant
898 3395 1005 3469 [A1,
1031 3394 1238 3469 earum]
1268 3397 1326 3451 in
1348 3395 1653 3463 frontibus;

388 3483 492 3523 una
527 3468 675 3531 hinc,
704 3476 759 3524 et
784 3466 958 3523 altera
984 3466 1132 3523 inde.

312 3538 472 3612 [Cap.
507 3536 673 3611 Μαι]
706 3540 777 3596 Et
804 3538 1102 3612 introduxit
1125 3554 1213 3595 me
1239 3539 1607 3612 ingtemplum,

390 3610 446 3668 et
468 3610 686 3668 mensus
716 3624 799 3667 est
826 3611 1053 3679 frontes,
1073 3626 1169 3666 sex
1189 3610 1401 3667 cubitos
1429 3611 1731 3670 latitudinis
1762 3612 1912 3680 hinc,

463 3694 521 3739 et
541 3699 637 3739 sex
663 3684 879 3740 cubitos
904 3682 1203 3738 latitudinis
1224 3682 1372 3748 inde,

396 3752 735 3811 latitudinem
760 3754 1117 3811 tabernaculi.

316 3826 390 3883 Et
411 3826 639 3883 latitudo
666 3838 861 3898 portae,
893 3827 1083 3882 decem
1112 3825 1419 3883 cubitorum
1447 3836 1595 3884 erat:

393 3908 447 3954 et
472 3898 644 4027 latera
671 3908 866 4027 peritas,
899 3900 1141 3969 quinque
1168 3899 1365 3956 cubitis
1395 3900 1543 3966 hinc,
1597 3906 1655 3957 et
1681 3899 1921 3972 quinque

467 3986 531 4025 cu
577 3980 741 4026 tttsm
786 3987 851 4027 e:

467 3970 665 4027 cubitis
687 3970 851 4028 inde:

317 4040 393 4099 Et
433 4057 655 4099 mensus
681 4052 764 4100 est
794 4042 1191 4115 longitudinem
1215 4042 1337 4114 ejus
1365 4042 1729 4116 quadraginta
1768 4042 1922 4101 cubi-

463 4123 664 4185 torum,

398 4300 424 4331 ⁸
449 4300 553 4356 Pro
576 4300 683 4357 hoc
703 4316 930 4357 numero
953 4301 1007 4357 in
1043 4301 1307 4359 Hebraica
1334 4309 1417 4358 est
1442 4316 1745 4371 pronomen
1776 4301 1918 4357 rela-

318 4372 514 4438 tivum,
570 4374 841 4444 quiintmz,
872 4374 1015 4444 quod
1063 4389 1184 4429 cum
1216 4372 1360 4438 δέκα,
1394 4374 1590 4439 decem,
1641 4375 1917 4444 interpre-

322 4452 506 4499 tentur
532 4443 696 4511 LXX,
757 4443 956 4500 lectum
986 4445 1054 4501 ab
1106 4448 1184 4501 eis
1209 4455 1341 4510 ’πων
1374 4460 1470 4516 pro
1498 4455 1655 4512 nimi,
1710 4443 1922 4516 perspi-

322 4530 487 4569 cuum
515 4526 636 4570 est:
667 4530 841 4585 eaque
863 4517 1080 4572 demum
1109 4518 1322 4573 videtur
1349 4531 1607 4587 germana
1632 4517 1917 4582 lcetio.At,

322 4588 417 4656 qui
446 4587 947 4660 octo__llieronymus
971 4590 1359 4660 interpretatur
1375 4599 1492 4660 post
1510 4587 1919 4660 Symmachum,

326 4665 492 4729 atque
520 4656 717 4729 alia-ex
746 4656 897 4729 parte
921 4656 1130 4729 Aquilae
1160 4656 1396 4715 secunda
1426 4656 1619 4727 editio,
1654 4674 1717 4714 ac
1745 4660 1922 4715 Tlteo-

327 4716 501 4801 dotio,
551 4716 913 4801 Quihuniiecim
943 4716 1203 4801 vertunt,
1241 4730 1397 4785 aliter
1446 4745 1504 4787 se
1549 4716 1711 4801 atque
1764 4730 1922 4801 aliter
1949 4716 1999 4776 Ῑ)

328 4799 529 4869 legisse
578 4797 837 4864 indicant,
884 4807 941 4855 et
966 4801 1123 4855 obvia
1172 4800 1263 4856 illa
1295 4797 1673 4859 emendatione
1704 4800 1921 4858 Hebraei

328 4869 536 4927 codicis
566 4870 771 4925 salvam
804 4887 917 4927 rem
951 4886 1073 4927 esse
1095 4887 1200 4927 non
1226 4874 1430 4929 sinunt.

402 4961 665 5049 LRegius
710 4979 818 5049 ms:
845 4964 1340 5049 chexnliibliorum
1370 4966 1782 5049 antiquissimus
1804 4982 1920 5049 _nt_t.

329 5033 476 5092 3563
497 5049 775 5091 umens
804 5037 961 5105 legit;
995 5036 1339 5091 Colbertinus
1364 5033 1668 5094 Aniciensis
1699 5056 1753 5093 n.
1798 5037 1920 5105 157,

332 5106 1136 5179 hwctltctas,_cuntdiphthongo
1163 5119 1220 5163 et
1240 5108 1594 5178 aspiratione,
1622 5110 1765 5179 quod
1794 5108 1923 5164 reti-

334 5188 466 5250 nent
485 5178 594 5232 duo
624 5177 1159 5250 San-Germanenses
1200 5177 1349 5234 num.
1381 5183 1414 5235 5
1440 5191 1493 5235 ει
1520 5182 1584 5235 16
1606 5198 1619 5247 ;
1641 5177 1925 5250 exempla-

335 5253 417 5304 ria
438 5248 693 5315 Canonis,
726 5252 966 5317 ccthetas,
1002 5252 1279 5314 licet/tetas,
1306 5252 1391 5307 vel
1422 5262 1466 5307 et
1495 5253 1669 5305 zetkas
1700 5248 1919 5307 habent.

334 5320 689 5377 Reccntiores
706 5321 813 5378 duo
839 5337 967 5377 mss.
994 5323 1209 5379 codices
1232 5322 1528 5378 Bibliorum
1556 5323 1923 5379 δίδη-ϐετωε-

337 5407 535 5448 nenses
566 5393 740 5465 nostri
769 5410 862 5449 nu.
898 5392 933 5447 5
954 5406 1009 5450 et
1035 5393 1137 5450 164
1159 5395 1365 5465 legunt,
1398 5405 1446 5449 et
1477 5395 1669 5451 thecas.
1689 5394 1745 5450 Itt
1770 5408 1926 5451 sacro

336 5472 591 5539 contextu
619 5463 1151 5539 commentariorum,
1170 5463 1237 5521 SI
1261 5466 1570 5539 Hieronymi
1595 5467 1649 5522 in
1670 5467 1927 5539 Ezechie-

340 5535 469 5608 lem,
493 5535 632 5608 hanc
650 5536 892 5592 Graecam
916 5553 1104 5593 vocem
1129 5538 1317 5594 Graece
1338 5535 1595 5608 scriptam
1621 5537 1926 5595 invenimus

341 5606 393 5679 i_n
445 5607 811 5664 vetustissimo
860 5609 1157 5679 exemplari
1208 5625 1310 5663 ms.
1364 5606 1677 5665 Corbeiensi
1733 5611 1930 5668 litteris

341 5676 769 5746 Longobardieis
797 5676 1072 5749 descripto
1088 5723 1102 5747 ,
1129 5692 1387 5737 exee'rac
1402 5698 1465 5735 ex
1483 5692 1695 5752 utraque
1715 5691 1931 5753 parte...

344 5759 389 5803 et
419 5761 617 5805 CKGeT.
640 5760 674 5803 c
706 5753 758 5804 in
786 5753 1027 5818 circuitu,
1054 5762 1159 5807 etc.
1185 5755 1282 5808 Cui
1306 5754 1521 5809 lectioni
1553 5755 1775 5809 omnino
1801 5768 1935 5808 con-

344 5824 587 5875 sentiens
612 5825 882 5890 reperitur
911 5824 1177 5893 expositio
1210 5825 1322 5891 ipsa
1347 5827 1398 5879 in
1423 5826 1626 5880 eisdem
1648 5825 1940 5881 Commen-

347 5893 499 5952 tariis
530 5911 540 5948 ε
574 5903 1048 5963 εοΘεΤδε-αηιειιι,
1106 5896 1275 5966 inquit
1317 5897 1713 5971 llieronymus,
1760 5897 1942 5954 Roma:

634 5989 909 6051 Parnon.
960 5989 1258 6052 XXVIII.

2004 519 2074 575 Et
2095 518 2460 596 introgressus
2474 516 2819 596 intrinsecus
2846 532 3067 576 mensus
3093 528 3178 577 est
3197 518 3252 579 in
3273 519 3454 581 fronte
3476 539 3601 596 por-

2151 599 2218 645 ta:
2244 587 2379 643 duos
2399 587 2648 643 cubitos:

2079 672 2135 719 et
2156 670 2387 728 portam,
2420 675 2516 715 sex
2538 660 2843 717 cubitorum
2870 681 2882 716 :

2079 677 2135 719 et
2156 677 2387 787 Portam,
2420 677 2516 715 sex
2538 677 2843 717 CUDIIOl‘lIm
2870 681 2882 716 ;

2078 742 2133 789 ει
2177 733 2494 812 atitudinem
2524 742 2731 812 portui,
2744 742 2951 812 septem
2981 736 3310 812 cubitorum.

2007 806 2077 863 Et
2105 818 2326 883 mensus
2354 815 2436 883 est
2468 802 2861 883 longitudinem
2890 810 3011 883 ejus
3041 809 3229 879 viginti
3260 810 3591 883 cubitorum,

2079 889 2132 935 et
2186 875 2525 1001 latitudinem
2581 875 2770 947 viginti
2818 875 3160 951 cubitorum,
3212 891 3339 941 ante
3398 875 3596 943 facieni

2153 960 2301 1001 lemn
2327 965 2339 1001 I
2371 967 2383 1001 ἶ

2153 960 2339 1019 templi
2371 967 2383 1002 :

2010 1020 2089 1077 Ex
2120 1021 2255 1076 dixit
2280 1020 2345 1075 ad
2379 1037 2496 1079 me:

2082 1094 2196 1148 Hoc
2223 1103 2305 1148 est
2331 1091 2589 1149 Sanctum
2609 1103 2940 1152 sanctorum.

2010 1165 2076 1222 Et
2104 1179 2324 1221 mensus
2354 1176 2437 1222 est
2470 1168 2730 1236 parietem
2761 1167 2953 1225 domus
2977 1183 3073 1226 sex
3096 1170 3441 1229 cubitorum:

2083 1246 2135 1293 et
2163 1236 2501 1318 latitudinem
2548 1239 2737 1318 lateris
2767 1250 3000 1310 quatuor
3023 1242 3333 1301 cubitorum
3360 1244 3598 1318 undique

2154 1324 2253 1378 per
2279 1310 2563 1365 circuitum
2591 1310 2803 1367 domus.

2012 1382 2205 1438 Latera
2234 1383 2603 1457 autem,‘latus_
2624 1382 2692 1438 ad
2722 1383 2887 1450 latus,
2908 1385 2993 1441 bis
3017 1386 3236 1457 triginta
3267 1391 3404 1445 tria:

2088 1463 2143 1510 et
2166 1462 2325 1533 erant
2348 1454 2662 1533 eminentia,
2697 1470 2815 1533 qua:
2848 1454 3265 1533 ingrederentur
3307 1476 3404 1530 per
3424 1464 3601 1533 parie-

2159 1535 2266 1580 tem
2295 1525 2508 1593 domus,
2540 1527 2591 1582 in
2616 1526 2873 1583 lateribus
2902 1525 2997 1597 per
3021 1525 3328 1587 circuitum:

2087 1606 2146 1652 ut
2166 1598 2535 1676 continerent,
2559 1606 2613 1653 et
2634 1614 2740 1653 non
2766 1600 3364 1676 _attingerentparietem
3390 1606 3595 1676 templi.

2015 1667 2087 1724 Et
2127 1669 2313 1796 plateal
2334 1679 2450 1725 erat
2493 1671 2550 1725 in
2586 1667 3232 1742 rotundumfascendens
3258 1688 3473 1733 sursum
3501 1667 3598 1749 per

2156 1755 2255 1796 coc
2318 1756 2461 1796 eam.

2156 1755 2461 1808 cocnleam,

2090 1819 2143 1891 et
2172 1811 2225 1867 in
2254 1814 2596 1891 _coe_naculum
2618 1816 2806 1891 templi
2838 1815 3116 1891 deferebat
3144 1834 3241 1889 per
3261 1835 3482 1891 gyrum:

1943 1871 1992 1934 Β
2017 1881 2227 1957 Idcirco
2253 1885 2411 1957 latius
2432 1894 2549 1940 erat
2577 1871 2837 1957 templum
2865 1871 2919 1941 in
2942 1871 3353 1957 ευβέὲίότίὶηῖέὶ

2092 1956 2255 2038 ειῡεὶε
2284 1956 2734 2083 definierioribus
2776 1956 3173 2017 ascendebatur
3223 1961 3291 2017 ad
3328 1963 3612 2034 superiora

2160 2042 2213 2081 m
2241 2042 2329 2083 me
2370 2043 2501 2083 tum.

2160 2042 2213 2081 In
2241 2042 2501 2084 meatum.

2016 2096 2225 2174 Et_vid_i
2256 2099 2314 2155 in
2342 2099 2505 2174 domo
2534 2099 2873 2174 altitudinem
2900 2117 2997 2174 per
3022 2103 3328 2173 circuitum,

2087 2170 2308 2255 fundata
2341 2172 2514 2230 latera
2527 2172 2592 2228 ad
2617 2170 2927 2230 mensuram
2954 2175 3149 2232 calami
3175 2190 3274 2234 sex
3307 2170 3613 2236 cubitorum

2157 2254 2359 2313 spatio:

2016 2314 2086 2372 Et
2110 2315 2451 2394 latitudinem
2479 2333 2578 2388 per
2606 2316 2869 2389 parietem
2898 2318 3089 2376 lateris
3117 2319 3419 2379 forinsecus
3455 2323 3615 2394 quin-

2162 2402 2268 2457 que
2294 2388 2631 2445 cubitorum:

2088 2468 2143 2516 et
2170 2460 2397 2515 interior
2424 2460 2615 2516 domus
2638 2461 2693 2516 in
2722 2461 2987 2517 lateribus
3012 2461 3232 2519 domus.

2017 2530 2087 2587 Et
2132 2531 2682 2607 intergazophylacia
2715 2533 3054 2607 latitudinem
3080 2535 3275 2607 viginti
3306 2536 3617 2595 cubitorum

2167 2604 2224 2658 in
2248 2603 2475 2659 circuitu
2504 2603 2699 2660 domus
2725 2604 2985 2675 undique,

2020 2696 2045 2741 ,ι
2090 2682 2145 2731 ει
2174 2675 2371 2730 ostium
2395 2676 2584 2732 lateris
2610 2674 2679 2731 ad
2709 2674 3038 2732 orationem:

2090 2746 2287 2803 ostium
2315 2763 2480 2802 unum
2513 2748 2580 2804 ad
2613 2750 2750 2802 viam
2782 2748 3075 2819 aquilonis,

2090 2819 2364 2875 etostium
2404 2835 2567 2875 unum
2599 2818 2665 2873 ad
2694 2818 2843 2875 viam
2868 2820 3196 2877 australem:
3292 2858 3293 2861 η

2090 2900 2146 2946 ει
2176 2890 2517 2973 latitudinem
2542 2892 2657 2973 loci
2685 2891 2753 2947 ad
2780 2893 3104 2962 orationem,
3136 2893 3379 2966 quinque
3397 2895 3615 2954 cubito-

2163 2978 2281 3017 rum
2306 2964 2359 3017 in
2390 2964 2638 3019 circuitu.

2020 3032 2091 3090 Et
2131 3034 2420 3117 aedilicium
2449 3034 2612 3117 .quod
2657 3043 2775 3117 erat
2820 3044 3151 3117 separatum,
3198 3052 3522 3117 versumque
3547 3041 3619 3098 ad

2093 3106 2234 3183 viam
2267 3107 2649 3183 respicientem
2699 3107 2767 3162 ad
2802 3122 2991 3176 mare,
3045 3108 3346 3167 latitudinis
3397 3106 3615 3183 septua-

2165 3179 2314 3247 ginta
2345 3179 2675 3234 cubitorum.

1945 3260 1992 3325 c
2022 3249 2207 3306 Paries
2234 3260 2415 3325 autem
2438 3250 2678 3325 tediﬁcii,
2712 3250 2953 3322 quinque
2978 3251 3286 3309 cubitorum
3313 3253 3619 3313 latitudinis

2165 3336 2262 3393 per
2282 3322 2595 3377 circuitum:

2094 3402 2149 3449 et
2179 3393 2458 3464 longitudo
2484 3393 2603 3463 ejus
2629 3393 2925 3465 nonaginta
2951 3395 3278 3451 cubitorum.

2022 3464 2091 3520 Et
2113 3480 2336 3522 mensus
2370 3474 2456 3522 est
2484 3465 2682 3523 domus
2738 3464 3128 3538 longitudinem
3152 3508 3166 3533 ,
3217 3475 3436 3525 centum
3466 3472 3621 3528 cubi-

2169 3547 2345 3593 torum
2364 3556 2377 3591 ε

2094 3618 2151 3666 ει
2187 3609 2354 3685 quod
2386 3616 2695 3685 separatum
2753 3619 2872 3667 erat
2915 3610 3239 3685 aediﬁcium,
3286 3621 3343 3670 et
3380 3615 3619 3685 parietes

2168 3682 2311 3753 ejus,
2342 3681 2700 3752 longitudinis
2734 3692 2949 3738 centum
2974 3684 3300 3740 cubitorum.

2025 3754 2280 3811 Latitudo
2311 3762 2492 3808 autem
2522 3762 2647 3809 ante
2668 3754 2859 3809 faciem
2888 3754 3101 3823 domus,

2097 3836 2151 3882 et
2177 3828 2293 3895 ejus
2315 3825 2460 3898 quod
2480 3834 2598 3880 erat
2620 3835 2931 3896 separatum
2952 3836 3143 3883 contra
3165 3827 3439 3885 Orientem
3458 3870 3473 3898 ,

2097 3907 2317 3955 centum
2342 3896 2669 3951 cubitorum.

2029 3968 2099 4025 Et
2146 3982 2368 4025 mensus
2404 3977 2488 4024 est
2511 3968 2903 4038 longitudinem
2951 3968 3164 4026 aedificii
3206 3979 3396 4030 contra
3424 3972 3619 4035 faciem

2175 4041 2314 4110 ejus,
2344 4041 2486 4111 quod
2509 4048 2628 4095 erat
2648 4049 2956 4111 separatum
2987 4041 3053 4097 ad
3080 4043 3324 4109 dorsum,

2102 4112 2347 4171 ecthetas
2368 4112 2396 4153 ιι
2428 4128 2499 4169 ex
2529 4122 2757 4186 utraque
2784 4121 2937 4184 parte
2967 4123 3185 4171 centum
3212 4116 3547 4176 cubitorum:

2022 4298 2591 4384 appeilgntsolaria‘de
2610 4299 2989 4383 cmnqculorum
3013 4302 3294 4384 parietibus
3321 4306 3616 4377 eminentia,

2022 4370 2127 4428 sive
2157 4372 2423 4443 Mieniana,
2470 4370 2535 4424 ab
2576 4388 2635 4424 eo
2669 4373 2759 4441 qui
2786 4373 2982 4443 primus
3015 4370 3075 4426 ea
3104 4375 3323 4443 invenit,
3356 4394 3471 4443 qua:
3516 4370 3622 4436 non

2025 4442 2160 4499 nulli
2188 4442 2488 4498 Crwcorum
2528 4442 2793 4508 ἑξώστραξ
2831 4452 3029 4498 vocant.
3076 4443 3220 4500 Idem
3268 4442 3491 4504 verbum
3543 4453 3618 4508 ita

2025 4516 2288 4583 scriptum
2317 4514 2491 4582 reperi
2532 4515 2585 4567 in
2616 4514 2789 4569 tribus
2819 4514 2941 4569 aliis
2979 4529 3108 4570 mss.
3145 4516 3297 4571 libris
3323 4517 3616 4578 Commen-

2030 4588 2311 4651 tariorum,
2340 4601 2446 4641 uno
2471 4583 2806 4649 Colbertino,
2833 4584 3004 4641 altero
3019 4586 3265 4643 Abbatia:
3288 4588 3619 4650 Cluniacen-

2027 4659 2124 4726 sis,
2158 4668 2212 4713 et
2234 4657 2397 4713 tertio
2424 4656 2744 4728 monasterii
2785 4657 2843 4712 S.
2877 4654 3190 4727 Cygiranni.
3222 4658 3405 4728 Itaque
3428 4665 3619 4723 imme-

2026 4731 2130 4784 rito
2168 4727 2643 4798 reprehenduntur
2672 4727 2930 4782 Germani
2980 4730 3197 4796 quidam
3246 4727 3348 4786 viri
3395 4734 3540 4792 docti
3585 4753 3615 4792 a

2027 4800 2270 4855 Mariano
2312 4798 2572 4863 Victorio,
2600 4798 2726 4852 dum
2773 4799 2848 4854 ait
2886 4799 2956 4855 de
2986 4799 3251 4857 Reuklino
3278 4814 3331 4859 et
3356 4806 3520 4861 aliis:
3551 4808 3619 4864 At

2027 4888 2131 4951 non
2155 4872 2324 4951 solum
2358 4885 2531 4924 vocem
2557 4886 2660 4951 non
2689 4881 3025 4941 agnoverunt,
3067 4874 3156 4927 sed
3183 4884 3421 4947 corrupte
3459 4882 3623 4951 magis

2027 4944 2227 5016 ξκθέτας
2271 4941 2502 5016 Griecam
2533 4941 2808 4995 dictionem
2849 4959 2914 5016 ea:
2930 4959 3024 4999 suo
3063 4941 3445 5016 supposuerunt
3483 4941 3626 5005 cerc-

2030 5013 2142 5090 bro,
2175 5025 2281 5069 etc.
2313 5013 2429 5068 Non
2476 5028 2546 5069 ex
2583 5028 2683 5090 suo
2723 5013 2951 5090 cerebro
2981 5013 3293 5090 supponunt
3318 5020 3461 5090 quod
3490 5032 3619 5079 ante

2029 5089 2373 5158 octingentos
2397 5100 2571 5158 annos
2606 5085 2684 5158 _ittt
2739 5085 3001 5156 scriptum
3052 5085 3351 5158 legebatur'
3377 5091 3432 5145 in
3470 5091 3623 5150 libris

2030 5156 2485 5213 emendatioribus
2508 5156 2567 5213 S.
2603 5156 2913 5228 Hieronymi
2958 5175 2971 5211 :
3012 5156 3496 5219 sed'ltallucinatus
3541 5173 3625 5221 est

2028 5229 2146 5297 ipse
2191 5229 2462 5284 Marianus
2518 5244 2585 5281 ex
2650 5228 3001 5286 similitudine
3054 5230 3307 5288 dictionis
3364 5232 3629 5292 Hebraica

2029 5308 2243 5389 napum
2290 5308 2347 5357 et
2392 5308 2640 5386 mir-ante
2683 5300 2942 5355 :atlticim
2970 5311 3027 5358 et
3051 5303 3245 5358 athicia
3288 5318 3414 5360 cum
3466 5308 3633 5364 verbo

2031 5394 2252 5469 _ethecas,
2283 5392 2425 5464 quod
2454 5391 2725 5449 Marianus
2766 5394 3196 5469 substituendum
3216 5395 3400 5469 duxit,
3432 5408 3631 5469 putans

2029 5465 2133 5522 hoc
2153 5466 2282 5539 loco_
2299 5472 2506 5520 retenta
2543 5479 2667 5539 esse
2698 5465 2859 5539 verba
2890 5466 3151 5522 Hebraica
3183 5468 3251 5539 ab
3288 5469 3406 5539 ipso
3434 5465 3631 5529 Iliero-

2031 5553 2215 5612 nymo.
2244 5535 2509 5612 caeterum
2532 5535 2715 5612 ἕκθεμᾳ
2735 5538 2913 5593 tabula
2938 5540 3190 5612 estapud
3212 5535 3432 5612 Graecos
3458 5556 3633 5612 expo-

2040 5609 2143 5665 sita
2175 5610 2347 5663 oculis
2369 5611 2836 5680 prietereuntium,
2863 5625 2966 5677 qua
2994 5610 3194 5679 aliquid
3218 5609 3550 5680 significatur
3569 5630 3634 5671 ac

2044 5677 2837 5757 declaratur.”Ex9:mt;igitur
2863 5682 2978 5736 loca
3012 5677 3316 5757 significant
3368 5686 3635 5757 exposita,

2046 5754 2161 5809 sive
2187 5753 2457 5817 meniana,
2490 5768 2609 5822 qua:
2630 5750 2832 5807 Gallice
2857 5768 3115 5809 vocamus
3143 5754 3371 5807 balcons.
3404 5754 3588 5815 Mxn'r.

2117 5853 2189 5864 --
2229 5824 2485 5895 Diximus
2511 5838 2620 5895 nec
2647 5824 2813 5879 semel
2866 5825 3026 5890 alibi,
3076 5826 3375 5895 praesertim
3405 5840 3536 5881 vero
3583 5829 3636 5884 in

2052 5896 2211 5967 epist.
2239 5894 2340 5953 I06
2364 5894 2431 5952 ad
2456 5893 2712 5953 Sunniam
2731 5893 3249 5966 et‘Fretelam’num.
3278 5896 3347 5953 65
3369 5896 3436 5955 de
3465 5900 3663 5962 ectlte-

3068 5989 3147 6049 32
