4108 6360
488 345 628 410 1007

1483 343 1544 402 s.
1586 337 1977 402 menonth
2013 336 2245 407 unum
2287 331 2771 408 BIBLIO'I‘IIECA.

3643 328 3787 400 4008

561 474 619 525 et
645 461 948 523 dissolvitis
993 461 1101 536 [Αι.
1122 456 1502 536 Adissolvistis]
1542 471 1760 532 pactum
1803 475 1984 519 meum
2025 462 2078 518 in
2107 464 2161 524 Α
2187 531 2228 536 _
2261 467 2315 516 et
2340 459 2483 536 inter
2506 461 2766 536 mundum
2789 465 2845 536 et
2873 452 3218 536 immundum
3247 450 3542 514 ostendent
3567 453 3671 512 eis.

638 538 894 594 omnibus
924 533 1225 590 sceleribus
1256 533 1454 588 vestris
1483 551 1496 586 :

491 610 567 668 Et
585 625 694 666 non
725 607 984 666 servastis
1009 613 1282 676 pracepta
1306 603 1611 676 Sanctuarii
1642 605 1748 661 mei
1779 621 1792 659 :

568 693 625 740 et
670 680 926 751 posuistis
965 674 1710 751 custodesobservationum
1749 691 1990 735 mearum
2022 677 2080 734 in

634 746 954 811 Shnctuario
983 763 1105 804 meo
1133 746 1556 818 vobismetipsis.

495 826 624 882 "me
649 823 783 880 dicit
814 820 1072 877 Dominus
1101 819 1242 874 Deus
1271 835 1286 873 :

489 898 682 956 Omnis
708 894 1008 963 alienigena
1039 890 1448 948 incircumcisus
1477 893 1663 959 corde,
1695 901 1750 950 et
1776 893 2070 950 incircum-

633 967 778 1023 cisus
797 979 980 1028 carne,

563 1054 672 1097 non
703 1035 1038 1107 ingredietur
1059 1033 1441 1107 Sanctuarium
1471 1051 1678 1101 meum,

563 1108 750 1235 omnisl
769 1106 914 1165 ﬁlius
935 1106 1151 1164 alienus
1174 1106 1265 1178 qui
1295 1115 1380 1163 est
1422 1107 1478 1162 in
1521 1107 1700 1165 medio
1725 1106 1958 1165 ﬁliorum
1995 1106 2075 1162 Is-

634 1195 730 1235 rae
759 1221 774 1235 .

634 1195 774 1237 raet.

489 1253 600 1312 Sed
631 1263 686 1308 et
707 1251 935 1316 chitae,
965 1250 1054 1319 qui
1081 1249 1238 1322 longe
1268 1259 1617 1308 recesserunt
1643 1267 1674 1306 a
1703 1265 1790 1308 me
1812 1251 1866 1307 in
1889 1265 2080 1308 errore

637 1323 870 1379 ﬁliorum
903 1322 1090 1388 Israel,

563 1405 621 1454 et
646 1401 967 1452 erraverunt
1003 1408 1144 1465 agme
1169 1402 1294 1465 post
1324 1391 1473 1465 idola
1512 1409 1628 1465 sua,

561 1480 620 1525 et
645 1474 999 1538 portaverunt
1027 1463 1134 1534 [Αι.
1164 1463 1476 1538 portabunt]
1511 1463 1851 1538 iniquitatem
1882 1479 2035 1538 suam
2066 1481 2082 1520 :

2186 531 2253 588 Et
2277 547 2400 587 cum
2431 532 2595 590 fuerit
2617 529 2988 588 controversia
3011 571 3024 595 ,

2252 603 2472 659 stabunt
2509 604 2799 676 injudiciis
2829 602 2990 668 meis,
3035 608 3092 656 et
3124 598 3493 680 iudicabunt:
3581 668 3594 680 _
3729 666 3745 680 ο

2181 674 2353 745 Leges
2384 668 2653 746 meas,'et
2688 683 2958 747 praecepta
2989 668 3209 729 mea'in
3237 671 3489 730 omnibus
3515 668 3780 728 solemni-

2237 815 2239 817 ι
2331 747 2530 817 tatibus
2553 745 2700 802 meis
2723 745 3073 817 custodienti,

2255 826 2312 874 et
2333 816 2568 874 Sabbata
2597 834 2717 874 mea
2763 816 3201 875 sanctificabunt.

2182 891 2251 948 Et
2279 889 2347 1018 at:
2375 898 2648 1016 molrtuum
2671 890 2949 948 hominem
2988 903 3098 946 non
3130 885 3533 962 ingredientur,
3570 900 3640 943 ne
3661 883 3782 957 pol-

2353 976 2454 1016 uan
2482 978 2599 1018 ιιι-,ι

2353 969 2568 1030 uantur,
2590 981 2599 1007 ι

2257 1033 2360 1090 nisi
2385 1032 2450 1089 ad
2479 1041 2688 1104 patrem
2720 1043 2771 1090 et
2800 1041 3056 1102 matrem,

2257 1112 2313 1162 ct
2339 1103 2508 1160 filium
2552 1115 2608 1162 et
2646 1104 2811 1161 ﬁliam
2838 1148 2853 1173 ,

2255 1187 2312 1234 et
2342 1175 2566 1232 fratrem
2589 1185 2646 1234 et
2672 1190 2920 1234 sororem
2940 1217 2956 1246 ,

2256 1263 2378 1319 quae
2423 1257 2457 1319 ίιι
2495 1249 2726 1304 alterum
2753 1249 2932 1304 virum
2959 1262 3071 1304 non
3098 1246 3349 1306 habuerit
3379 1263 3394 1301 :

2260 1318 2311 1375 in
2343 1318 2536 1389 quibus
2562 1320 3097 1376 contaminabuntur.

2188 1391 2259 1449 Et
2285 1399 2566 1462 postquam
2605 1391 2768 1448 fuerit
2802 1390 3131 1449 emundatus
3150 1433 3167 1460 ,

2258 1461 2465 1533 septeni
2497 1461 2614 1518 dies
2646 1464 3074 1520 numerabuntur
3101 1463 3174 1518 ei.

562 1529 859 1620 erunt_[Al.
887 1537 978 1607 qui
1005 1529 1182 1620 erant]
1213 1537 1265 1620 in
1307 1529 1618 1592 sanctuario
1644 1552 1768 1593 meo
1795 1537 2002 1604 aeditui,
2032 1546 2088 1594 et
2189 1534 2256 1592 Et
2287 1529 2455 1620 indie
2485 1533 2737 1620 introitus
2760 1535 2844 1620 sui
2874 1537 2926 1591 in
2955 1532 3438 1620 sanctuariumad
3464 1532 3666 1617 atrium
3696 1529 3787 1587 in-

631 1607 896 1682 janiiorc‘s
926 1615 1204 1682 portarum
1233 1607 1449 1674 domus,

564 1693 618 1739 et
633 1679 880 1737 'tninistri
909 1679 1102 1734 domus
1137 1696 1149 1730 :

493 1755 604 1828 Ipsi
635 1750 1076 1828 mactabunt_[Al.
1109 1749 1438 1822 mactabant]
1471 1749 1786 1808 holocausta
1811 1791 1827 1820 ,
1860 1760 1915 1808 et
1932 1751 2088 1809 victi-

563 1839 754 1966 et
1023 1893 1078 1948 in
1101 1902 1400 1965 conspectu
1431 1906 1644 1966 eorum,
1677 1903 1738 1950 ut
1765 1894 2081 1952 ministrent

637 1963 717 2024 eis
737 1964 1076 2039 [Al._sta_ba_nt
1093 1975 1217 2021 ante
1237 1963 1331 2021 eos
1352 1974 1416 2039 ut
1426 1963 1796 2039 ministrarent
1814 1982 1910 2039 pro
1928 1965 2080 2038 illis].

491 2040 601 2098 Pro
623 2054 690 2096 eo
716 2033 859 2108 quod
891 2035 1336 2109 ministraverunt
1363 2036 1472 2091 illis
1495 2033 1606 2106 [ΑΙ.
1635 2051 1731 2106 pro
1753 2033 1856 2109 eis]
1880 2038 1934 2094 in
1955 2033 2088 2094 coti-

636 2106 824 2180 spectu
858 2106 1131 2180 idolorum
1162 2123 1406 2180 suorum,

567 2192 624 2240 et
651 2176 775 2253 facti
796 2186 924 2236 sunt
952 2177 1139 2235 domui
1174 2179 1341 2236 Israel
1381 2179 1438 2234 in
1467 2176 1850 2237 oﬁ'endiculum
1882 2180 2087 2253 iniqui-

695 2261 728 2306 t'
795 2268 809 2306 :

494 2261 700 2451 Idcircgi
719 2266 902 2380 llsevavi
927 2336 1146 2380 manum
1169 2336 1349 2379 meam
1380 2338 1544 2398 super
1565 2337 1683 2390 eos,
1714 2323 1790 2379 ait
1817 2323 2084 2380 Dominus

685 2411 803 2451 eus.

571 2480 628 2526 et
641 2411 955 2536 litigabunt
981 2464 1087 2538 [AL
1118 2467 1492 2540 portaverunt]
1527 2467 2044 2540 iniquitatemsuam
2069 2482 2084 2522 :

507 2540 580 2596 Et
609 2554 716 2595 non
749 2539 1257 2620 appropinquahunt
1285 2539 1353 2594 ad
1379 2538 1492 2606 me,
1531 2549 1588 2594 ut
1621 2539 1930 2596 sacerdotio
1962 2538 2087 2594 fun-

635 2620 828 2681 gantur
860 2610 1010 2675 mihi,

562 2679 741 2750 neque
763 2681 1023 2737 accedent
1044 2679 1109 2735 ad
1135 2695 1296 2738 omne
1321 2681 1698 2739 Sanctuarium
1729 2697 1907 2738 meum
1925 2681 2082 2754 juxta

632 2756 831 2810 Sancta
856 2759 1164 2808 sanctorum
1192 2770 1203 2805 :

494 2825 605 2882 Sed
639 2827 929 2894 portabunt
953 2822 1326 2879 confusionem
1357 2838 1537 2892 suam,

563 2905 620 2952 et
646 2896 852 2952 scelera
885 2909 980 2948 sua
1008 2909 1128 2964 qua:
1152 2894 1416 2950 fecerunt.

490 2967 562 3024 Et
589 2967 731 3022 dabo
755 2981 850 3022 eos
868 2965 1132 3038 janitores
1155 2965 1348 3038 domus
1368 2965 1421 3038 in
1440 2965 1586 3021 omni
1608 2965 1911 3038 ministerio
1937 2965 2080 3038 ejus,

565 3050 618 3094 et
647 3040 700 3094 in
729 3037 998 3094 universis
1018 3052 1149 3109 qu;e_
1168 3036 1297 3109 ﬁent
1329 3036 1622 3109 [ALrﬁunt]
1655 3040 1707 3109 in
1733 3053 1820 3095 ea.

491 3109 816 3167 Sacerdotes
845 3116 1024 3163 autem
1049 3116 1102 3162 et
1130 3105 1347 3162 Levitae
1368 3107 1462 3163 ﬁlii
1491 3105 1728 3174 Sadoch,

561 3181 655 3253 qui
713 3179 1509 3253 custodierunt__ea:rctnonias
1560 3180 1867 3237 Sanctuarii
1929 3182 2082 3249 mei,

631 3268 752 3308 cum
783 3259 1030 3307 errarent
1055 3248 1147 3304 ﬁlii
1173 3248 1335 3304 Israel
1358 3265 1388 3306 a
1412 3266 1518 3317 me,

562 3323 665 3394 ipsi
695 3322 954 3379 accedent
983 3321 1050 3376 ad
1085 3336 1193 3388 tne,
1219 3331 1278 3376 ut
1309 3323 1617 3379 ministrent
1647 3323 1777 3379 mihi
1808 3340 1822 3379 :

491 3394 560 3452 Et
583 3394 804 3451 stabunt
832 3395 884 3449 in
907 3402 1200 3462 conspectu
1231 3407 1375 3458 meo,

562 3478 621 3523 ut
643 3465 871 3539 offerant
899 3463 1031 3520 mihi
1061 3463 1299 3534 adipem,
1325 3474 1381 3521 et
1409 3466 1764 3539 sanguinem,
1793 3466 1869 3523 ait
1897 3465 2082 3522 Domi-

634 3553 738 3594 nus
765 3537 932 3601 Deus,

494 3608 604 3682 Ipsi
634 3608 1007 3682 ingredien‘tur
1032 3607 1406 3682 Sanctuarium
1429 3623 1607 3664 meum
1633 3653 1648 3678 ,

562 3691 619 3738 et
640 3681 742 3750 ipsi
765 3679 1025 3736 accedent
1063 3679 1131 3736 ad
1153 3695 1398 3737 tncnsatn
1430 3695 1604 3735 meam
1624 3721 1638 3746 ,
1666 3689 1724 3736 ut
1757 3679 2082 3738 ministrent

635 3751 788 3819 tnihi,

562 3833 618 3881 et
647 3823 952 3878 custodiant
974 3823 1328 3878 caeremonias
1357 3837 1525 3878 meas.

488 3895 731 3964 Cumque
760 3893 1130 3964 ingredientur
1157 3904 1344 3963 portas
1365 3893 1489 3949 atrii
1513 3893 1811 3964 interioris,
1836 3893 2081 3951 vestibus

632 3965 790 4021 lineis
820 3964 1109 4024 induentur
1133 3982 1146 4018 :

560 4051 662 4092 nec
681 4035 941 4092 ascendet
965 4051 1130 4105 super
1151 4051 1246 4091 eos
1286 4034 1577 4106 quidquam
1612 4037 1827 4093 laneum
1846 4076 1864 4100 .

493 4163 502 4172 ,
560 4107 777 4180 quando
802 4106 1114 4162 ministrant
1139 4107 1191 4161 in
1235 4108 1406 4178 portis
1437 4109 1559 4164 atrii
1603 4108 1880 4166 interioris
1917 4116 1974 4166 et
1999 4107 2082 4164 in-

637 4179 924 4234 trinsecus.

490 4250 836 4322 Vitta:_lin_ca:
852 4259 1026 4322 gerunt
1051 4251 1102 4306 in
1125 4249 1606 4322 capitibuseorum
1627 4293 1641 4316 ,

560 4332 617 4378 et
645 4320 919 4377 feminalia
952 4324 1090 4378 linea
1117 4320 1276 4378 erunt
1316 4322 1366 4376 in
1398 4321 1596 4379 lumbis
1621 4336 1834 4392 eorum,

491 4402 548 4449 et
575 4407 680 4448 non
709 4394 1060 4464 accingenlur
1090 4394 1142 4448 in
1189 4393 1407 4450 sudore.

489 4465 734 4536 Cumque
783 4466 1134 4536 egredientur
1180 4467 1377 4520 atrium
1408 4467 1646 4521 exterius
1695 4465 1763 4521 ad
1795 4464 2076 4536 populum,

631 4545 835 4592 exuent
869 4551 929 4594 se
956 4537 1298 4593 vestimentis
1317 4537 1452 4604 suis,
1487 4537 1540 4592 in
1569 4537 1764 4610 quibus
1793 4538 2073 4594 ministra-

627 4617 841 4671 verant,

556 4689 612 4737 et
649 4689 914 4752 reponent
956 4695 1019 4736 ea
1063 4681 1114 4736 in
1147 4680 1534 4752 gazophylacio
1566 4680 1893 4747 Sanctuarii,

557 4761 612 4808 et
643 4751 872 4808 vestient
903 4767 963 4808 se
1004 4753 1343 4823 vesumentis
1364 4751 1491 4823 aliis
1525 4769 1537 4805 :

555 4831 611 4878 et
637 4834 743 4878 non
772 4822 1186 4878 sanctiﬁcabunt
1212 4823 1466 4894 populum
1508 4823 1561 4876 in
1589 4822 1832 4878 vestibus
1862 4822 1999 4880 suis.

481 4892 658 4966 Caput
680 4901 865 4977 autem
893 4892 1455 4968 suumvnon'radent,
1504 4908 1682 4965 neque
1715 4909 1930 4952 comam
1972 4910 2076 4952 nu-

627 4975 788 5021 trient
825 4983 840 5022 :

551 5037 650 5093 sed
682 5035 970 5092 tondentes
997 5034 1281 5092 attondent
1309 5036 1487 5106 capita
1517 5050 1635 5091 sua.

480 5107 552 5164 Et
578 5108 756 5162 vinum
789 5123 894 5162 non
936 5107 1082 5163 bibet
1119 5110 1297 5163 omnis
1326 5107 1603 5174 sacerdos,

547 5177 762 5250 quando
790 5179 1132 5250 ingressurus
1172 5188 1256 5236 est
1299 5179 1498 5234 atrium
1547 5179 1797 5250 interius.

474 5251 544 5308 Et
573 5248 785 5304 viduam
810 5248 868 5305 et
892 5250 1231 5321 repudiatam
1260 5266 1368 5305 non
1407 5249 1678 5320 accipient
1719 5265 1917 5308 uxores
1939 5293 1954 5320 ,

541 5321 638 5376 sed
667 5321 899 5390 virgines
920 5321 988 5377 de
1017 5323 1224 5377 semine
1255 5321 1448 5376 domus
1477 5322 1638 5377 Israel
1671 5338 1685 5374 :

539 5392 720 5465 sedet
746 5391 982 5459 viduam,
1015 5409 1134 5465 qua:
1159 5393 1324 5450 fuerit
1345 5391 1500 5449 vidua
1526 5408 1556 5449 a
1579 5392 1884 5465 sacerdote,
1914 5395 2060 5452 acci-

611 5463 761 5534 pient
775 5503 792 5532 ,

465 5535 534 5593 Et
560 5536 1035 5662 poptggltln'tmeum
1066 5535 1342 5593 docebunt
1368 5535 1498 5608 quid
1535 5535 1606 5594 sit
1637 5537 1781 5594 inter
1806 5545 2055 5597 sanetum

605 5622 636 5662 e
801 5622 832 5662 u
863 5622 983 5662 um.

605 5616 660 5663 et
685 5616 950 5678 pollutum
966 5647 983 5676 ,

529 5752 554 5781 ει
579 5741 693 5799 Vox
717 5743 1141 5816 alternngteque
1168 5741 1384 5799 additur
1407 5743 1460 5800 in
1489 5743 1746 5816 Hebraeo,
1779 5759 1956 5816 neque
1981 5744 2057 5816 ab

452 5811 788 5886 Hieronymo
827 5814 882 5872 in
929 5811 1234 5874 Comment.
1268 5818 1599 5886 agnoscitur.
1645 5815 1779 5873 Vide
1823 5811 1945 5888 quae
1976 5813 2053 5875 ibi

449 5894 794 5944 auuotamus.
881 5944 897 5962 δ
1411 5929 1416 5938 .

2106 4647 2165 4709 D

2335 1605 2534 1671 terius,
2566 1614 2622 1661 ut
2651 1607 2924 1663 ministret
2953 1606 3086 1662 mihi
3127 1607 3178 1661 in
3212 1603 3523 1662 sanctuario
3545 1645 3562 1670 ,

2263 1676 2453 1732 oﬁ'eret
2479 1692 2583 1748 pro,
2629 1686 2850 1748 peccato
2876 1692 2997 1745 suo,
3051 1678 3128 1735 ait
3173 1678 3434 1734 Dominus
3478 1678 3625 1732 Deus
3668 1672 3784 1747 [ΑΙ.

2195 1749 2427 1806 Domino
2453 1747 2614 1820 Deo].

2117 1853 2166 1916 Β
2193 1819 3104 1916 ΝοΡ-ςτὶιέἓιξὲςίξέιω-ςεὰὶιαε,

2265 1907 2366 1964 ego
2396 1890 2687 1964 hereditas
2713 1906 2902 1949 eorum
2929 1910 2943 1946 :

2263 1960 2324 2020 et
2347 1962 2744 2046 possessionem
2789 1979 2896 2046 non
2935 1963 3136 2021 dabitis
3161 1963 3242 2021 eis
3269 1963 3324 2020 in
3366 1960 3564 2029 Israel,

2262 2049 2364 2106 ego
2397 2037 2540 2090 enim
2585 2037 2862 2106 possessio
2891 2050 3103 2092 eorum.

2190 2103 2480 2234 Victianam
2508 2116 2565 2163 et
2585 2103 2706 2178 ‘pro
2737 2115 2960 2179 peccato
2997 2117 3054 2165 et
3096 2121 3197 2179 pro
3237 2105 3440 2164 delicto
3469 2103 3573 2176 ipsi
3601 2115 3793 2162 come-

2371 2193 2438 2234 en
2491 2196 2504 2232 :

2371 2187 2464 2234 ent
2491 2196 2504 2232 :

2265 2258 2321 2307 et
2351 2264 2514 2322 omne
2543 2258 2727 2307 votum
2759 2251 2814 2308 in
2845 2249 3011 2307 Israel
3036 2250 3278 2322 ipsorum
3309 2249 3435 2306 erit.

2198 2321 2267 2379 Et
2296 2320 2563 2392 primitiva
2587 2323 2830 2378 omnium
2857 2320 3373 2394 primogenitorum;

2179 2435 2184 2438 .
2261 2389 2316 2449 ei
2355 2394 2536 2448 omnia
2567 2389 2874 2450 libamenta'
2900 2409 2968 2452 ex
3009 2389 3260 2450 omnibus
3289 2406 3410 2463 quas
3450 2389 3788 2460 offeruntur,

2337 2465 2687 2521 sacerdotum
2713 2475 2875 2522 erunt
2908 2483 2922 2521 :

2191 2536 2261 2594 Et
2287 2535 2558 2608 primitiva
2587 2538 2830 2593 ciborum
2856 2547 3159 2594 vestrorum
3182 2534 3381 2592 dabitis
3402 2533 3714 2608 sacerdoti,

2262 2602 2322 2662 ut
2350 2618 2577 2677 reponat
2613 2609 3048 2666 benedictionem
3075 2609 3260 2664 domui
3309 2617 3423 2678 tuae
3464 2606 3591 2678 μί,
3625 2602 3786 2676 suae].

2189 2680 2365 2753 Omne
2393 2680 2754 2753 utorticinum,
2793 2690 2850 2738 et
2875 2690 3090 2753 captum
3121 2695 3152 2735 a
3181 2679 3354 2737 bestia
3395 2677 3683 2735 de’avibus
3721 2685 3781 2733 et

2334 2749 2403 2806 de
2433 2751 2720 2821 pecoribus

2261 2837 2370 2878 non
2401 2823 2688 2879 comedent
2712 2825 3052 2880 sacerdotes.

2193 2892 2344 2968 [Cap.
2408 2891 2590 2968 XLV.]
2643 2895 2891 2968 Cumque
2945 2893 3224 2968 cmperitis
3275 2901 3476 2950 terram
3535 2889 3784 2947 dividere

2339 2966 2534 3020 sortito
2565 2964 2674 3038 [ΑΙ.
2708 2969 2758 3021 in
2795 2964 3252 3038 possessionem],

2265 3048 2515 3106 separate
2546 3033 2812 3106 primitias
2829 3039 3076 3105 Domino,
3105 3033 3503 3094 sanctificatum
3522 3033 3592 3092 de
3609 3042 3783 3102 terra,

2265 3106 2601 3193 longitudine
2623 3109 2809 3193 viginti
2837 3113 3072 3193 quinque
3103 3109 3272 3166 millia
3297 3149 3314 3176 ,

2263 3189 2317 3235 et
2347 3179 2629 3237 latitudine
2652 3179 2839 3238 decem
2854 3179 3036 3237 "millia
3069 3195 3084 3234 :

2111 3245 2157 3309 C
2203 3249 2608 3309 Sanctilicatum
2657 3253 2762 3309 erit
2803 3253 2856 3308 in
2886 3252 3034 3310 omni
3063 3252 3294 3309 termino
3320 3251 3438 3323 cjns
3458 3263 3558 3321 per
3584 3247 3785 3307 circui-

2331 3333 2462 3377 tunn.

2187 3393 2258 3449 Et
2284 3395 2390 3475 erit
2413 3410 2478 3450 ex
2506 3395 2653 3451 omni
2681 3407 2832 3475 parte
2866 3397 3260 3453 sanctiﬁcatum

2259 3469 2584 3540 quingentos
2615 3483 2712 3538 per
2741 3469 3088 3540 quingentos,

2258 3536 2640 3612 quadrifariam
2686 3536 2784 3612 per
2811 3536 3094 3596 circuitum
3128 3556 3142 3594 :

2187 3608 2643 3681 etquinquaginta
2667 3608 2862 3666 cubitis
2893 3612 2944 3666 in
2971 3611 3280 3667 suburbana
3301 3608 3420 3681 ejus
3444 3622 3544 3680 per
3560 3621 3780 3681 gyrum.

2189 3677 2316 3733 Et’a
2347 3677 2598 3756 mensura
2626 3681 2727 3756 ista
2760 3683 3100 3740 mensurabis
3130 3677 3524 3756 longitudinem
3566 3677 3784 3750 viginti-

2330 3755 2567 3820 quinque
2598 3752 2822 3808 millium
2850 3795 2866 3821 ,

2258 3831 2315 3876 et
2340 3822 2678 3878 latitudinem
2709 3825 2896 3881 decem
2927 3824 3154 3881 millium
3191 3842 3205 3880 :

2258 3902 2313 3948 et
2338 3893 2404 3968 in
2423 3895 2540 3965 ipso
2582 3897 2685 3968 erit
2715 3899 2974 3964 templum
2993 3939 3009 3962 ,
3041 3897 3410 3968 Sanctumque
3439 3903 3778 3968 sanctorum.

2186 3963 2590 4022 Sanctiﬁcatum
2638 3967 2708 4024 de
2750 3963 2892 4024 terra
2923 3969 3028 4024 erit
3079 3963 3456 4025 sacerdotibus
3511 3966 3780 4022 ministris

2332 4036 2660 4121 Sanctuarii,
2703 4039 2794 4111 qui
2837 4039 3103 4097 accedunt
3141 4040 3208 4095 ad
3253 4038 3618 4096 ministerium
3668 4039 3779 4094 Do-

2326 4123 2508 4165 "Hﬂl:

2261 4187 2316 4235 et
2343 4178 2448 4261 erit
2474 4182 2554 4261 eis
2583 4181 2736 4238 locus
2761 4181 2816 4238 in
2845 4182 3059 4252 domos,
3085 4192 3139 4240 et
3161 4183 3216 4239 in
3236 4182 3616 4242 Sanctuarium
3649 4194 3781 4237 san-

2331 4254 2552 4308 ctitalis.

2186 4319 2389 4398 Viginti
2411 4325 2654 4398 quinque
2670 4335 2856 4398 autem
2884 4327 3051 4382 millia
3073 4325 3447 4398 longitudinis,
3560 4366 3562 4368 τ

2257 4405 2310 4449 et
2330 4393 2538 4471 _dec_em
2566 4393 2734 4452 millia
2772 4398 3069 4471 latitudinis
3095 4393 3253 4454 erunt
3287 4399 3508 4464 Levitis,
3533 4396 3624 4471 qui
3661 4394 3772 4468 [ΑΙ.

2329 4463 2533 4521 Levita:
2562 4479 2743 4540 autem
2774 4468 2888 4540 qui]
2934 4471 3242 4525 ministrant
3281 4471 3466 4526 domui
3495 4463 3516 4523 γε

2260 4535 2361 4606 ipsi
2394 4539 2748 4608 possidebunt
2776 4535 2962 4612 viginti
3008 4540 3414 4610 gamphylacia.

2187 4606 2259 4664 Et
2282 4606 2682 4685 possessionem
2721 4606 2954 4685 civitatis
2993 4606 3192 4669 dabitis
3213 4606 3450 4685 quinque

2259 4680 2426 4735 millia
2469 4681 2766 4738 latitudinis
2787 4724 2802 4751 ,

2258 4753 2676 4827 etlongitudinis
2701 4755 2889 4827 viginti
2911 4755 3147 4827 quinque
3174 4755 3368 4822 millia,

2257 4826 2552 4899 secundum
2593 4826 2988 4899 separationem
3027 4827 3374 4899 Sanctuarii,

2255 4897 2403 4950 omni
2431 4896 2614 4953 domui
2645 4898 2830 4954 Israel.

2182 4963 2424 5037 Principi
2462 4983 2676 5042 quoque
2702 4969 2848 5038 hinc,
2877 4978 2934 5027 et
2959 4969 3085 5026 inde
3113 4969 3170 5027 in
3195 4969 3599 5042 separationem
3641 4967 3781 5027 San-

2323 5041 2538 5107 ctuarii,

2249 5116 2307 5163 et
2334 5110 2387 5165 in
2420 5111 2818 5181 possessionem
2845 5113 3082 5168 civitatis
3105 5154 3120 5176 ,

2252 5191 2443 5236 contra
2472 5183 2665 5256 faciem
2688 5186 3049 5256 separationis
3072 5184 3374 5242 Sanctuarii
3399 5227 3417 5254 ,

2251 5262 2308 5326 et
2337 5264 2524 5309 contra
2565 5255 2761 5311 faciem
2789 5256 3148 5326 possessionis
3178 5258 3327 5313 urbis
3359 5275 3371 5312 :

2175 5319 2222 5376 A
2250 5322 2425 5398 latere
2454 5327 2620 5382 maris
2644 5319 2813 5398 usque
2837 5327 2904 5382 ad
2937 5343 3085 5384 mare
3106 5371 3120 5396 ,

2245 5404 2358 5468 et_a
2387 5395 2558 5453 latere
2579 5395 2808 5454 orientis
2835 5414 3002 5468 usque
3031 5395 3394 5455 ad'orientem
3423 5415 3437 5452 :

2242 5464 2270 5505 δ
2299 5465 2676 5539 Longitudinis
2695 5481 2875 5526 autem
2902 5464 3055 5540 juxta
3077 5483 3511 5540 unamquamque
3535 5478 3768 5540 partem,

2241 5553 2273 5593 a
2313 5542 2547 5666 ξεῖ·ιηίηο
2593 5541 2917 5599 occidentali
2966 5558 3138 5615 usque
3159 5543 3224 5598 ad
3253 5543 3548 5598 terminum
3583 5542 3770 5597 orien-

2335 5627 2361 5664 a
2391 5626 2498 5666 em.

2335 5626 2495 5668 aleﬂh

2242 5746 2268 5786 δ
2290 5747 2694 5828 Longitudinem
2714 5761 3046 5828 autem,_pro
3083 5752 3421 5828 iongt'tudinis
3437 5759 3632 5823 autem,
3681 5750 3760 5808 Ie-

2166 5815 2342 5889 gitnus
2367 5815 2424 5879 in
2449 5837 2582 5880 mss.
2612 5815 3098 5882 omnibusin”.
