2054 3180
192 150 263 181 ιοοθ

225 208 266 236 De
281 211 351 236 terra
363 206 417 242 [AL
432 205 534 242 Terras]
550 206 602 235 erit
616 206 640 234 ci
654 206 792 242 possessio
803 206 829 233 in
842 206 950 242 Israel:

226 248 253 272 et
275 251 329 272 non
351 241 589 280 depopulabuntur
607 241 678 271 ultra
697 241 834 278 principes
857 241 986 277 populum

262 287 353 308 meum
366 288 373 306 ἒ

225 315 273 344 sed
289 320 389 344 terram
405 314 509 343 dabunt
521 314 612 343 domui
627 313 713 343 Israel
731 313 881 343 secundum
902 313 987 343 tribus

262 359 368 380 eorum.
377 366 378 369 η

190 387 255 416 Haec
268 388 333 416 dicit
346 386 475 415 Dominus
491 386 563 415 Deus
580 395 587 414 τ
643 420 649 423 μ

190 423 316 452 Sufﬁciat
331 423 419 457 vobis,
436 423 574 458 principes
588 422 668 450 Israel
682 431 688 449 :

224 459 396 495 iniquitatem
407 457 560 495 et'rapin'as
573 457 753 495 intermittite,

224 499 253 523 et
262 494 395 531 judicium
410 498 438 531 e_t
450 494 584 531 justitiam
604 494 699 528 facile;

224 529 349 594 separat?
362 529 479 558 conﬁnia
496 534 585 559 vestra
600 538 615 558 a
629 530 730 567 populo
751 536 823 564 meo,
840 529 878 558 ait
892 529 985 558 Domi-

259 574 309 594 nus
346 573 407 594 eus.

259 574 309 595 nus
324 573 407 595 Deus.

187 602 400 666 Staterabjusta,
420 606 449 631 et
467 601 532 638 ephi
551 602 655 638 justum
680 606 708 630 et
728 602 806 630 batus
819 601 909 637 justus
934 602 986 630 erit

258 646 293 666 vo
315 646 346 666 ιε.

258 646 346 667 γοωε.

186 673 257 711 Epiri
281 678 309 702 et
331 674 411 711 battis
424 674 552 711 aequalia,
577 678 605 702 et
626 674 706 711 unius
729 680 863 702 mensurae
878 677 959 702 erunt
976 682 983 702 :

187 709 222 738 Ut
238 710 326 746 capiat
336 709 470 738 decimam
485 715 589 746 partem
606 710 661 746 cori
678 710 766 742 batus,

221 751 248 774 et
262 745 395 774 decimam
411 745 517 782 partem
533 747 590 774 cori
605 745 667 781 ephi
681 754 688 773 :

218 782 295 817 juxta
307 780 463 810 mensuram
480 782 536 810 cori
553 782 605 810 erit
616 780 691 815 siqua
703 780 812 809 libratio
822 788 927 809 eorum.

185 816 275 845 Siclus
288 823 378 846 autem
393 818 488 853 viginti
504 817 602 845 obolos
622 817 720 845 habeat
736 817 788 853 [AL
805 816 908 853 habet].

185 853 271 882 Porro
284 854 378 889 viginti
393 852 462 886 sicti,
479 859 506 882 et
519 853 614 888 viginti
629 852 747 889 quinque
765 852 836 889 sicli,
858 857 886 881 et
900 853 981 889 quin-

257 889 344 918 decim
355 889 415 917 sicli
431 889 529 917 minam
543 889 642 916 facient
652 888 706 923 [AL
721 888 845 923 faciunt].

187 925 220 953 Et
233 925 275 953 bat
287 929 350 953 sunt
363 925 498 959 primitiae,
513 932 579 960 quas
596 924 695 960 tolletis
711 932 717 950 ε

219 965 324 989 sextam
339 964 441 996 partem
457 959 571 996 ephide
583 967 647 996 coro
659 959 798 996 frumenti,

220 1000 248 1024 et
259 994 364 1025 sextam
380 994 484 1031 partem
497 996 558 1031 ephi
575 995 609 1023 de
627 1002 692 1023 coro
707 994 814 1022 hordei.

184 1032 312 1069 Mensura
322 1030 429 1069 quoque
439 1032 503 1065 olei,
513 1030 590 1069 batus
599 1031 664 1065 olei,
671 1030 775 1059 decitua
786 1037 848 1069 pars
855 1030 913 1059 cori
922 1034 979 1060 est:

219 1072 247 1096 et
256 1068 349 1096 decem
363 1068 419 1096 bati
434 1076 527 1096 corum
539 1068 640 1095 faciunt
655 1074 663 1094 :

219 1104 282 1139 quia
295 1103 390 1133 decem
406 1104 461 1132 bati
477 1103 591 1139 implent
603 1109 709 1131 corum.

184 1139 218 1168 Et
234 1140 347 1168 arietem
360 1148 442 1168 unum
456 1139 490 1168 de
504 1147 586 1175 grege
604 1139 794 1175 ducentorum,

219 1175 254 1204 de
269 1175 311 1203 his
325 1183 385 1211 qua:
399 1173 523 1212 nutriunt
547 1173 602 1212 [AL
617 1173 712 1212 nutrit]
728 1173 817 1212 ISrael_
827 1173 853 1202 in
876 1173 982 1202 sacriﬁ-

257 1209 341 1245 cium;
356 1216 385 1240 et
400 1211 427 1240 in
440 1209 641 1243 holocaustum,
655 1214 683 1238 et
697 1209 723 1236 in
739 1209 864 1244 paciﬁca,

220 1246 255 1275 ad
268 1247 434 1283 expiandum
449 1254 498 1283 pro
512 1247 563 1280 eis,
577 1246 616 1274 ait
631 1245 761 1274 Dominus
775 1245 859 1274 Deus.

184 1283 279 1311 Omnis
292 1283 409 1319 populus
425 1288 508 1319 terra:

222 1316 356 1347 tenebitur
372 1318 499 1354 primitiis
512 1318 555 1346 his
568 1316 684 1353 principi
700 1316 727 1344 in
743 1316 840 1345 Israel.

185 1354 221 1383 Et
231 1362 313 1391 super
323 1352 475 1391 principem
493 1352 574 1383 erunt
583 1353 754 1391 holocausta,
765 1356 795 1391 _et
805 1352 982 1391 sacriﬁcium.

256 1388 286 1432 _ét
300 1388 428 1454 lilnm'ina
442 1391 469 1418 in
481 1389 712 1423 solemnitatibus,
724 1392 752 1416 et
765 1388 793 1416 in
808 1388 943 1423 kalendis,
955 1394 984 1418 et

256 1434 282 1453 In
296 1432 324 1453 sa
364 1434 378 1453 a
394 1434 427 1454 ts.
849 1436 853 1441 '

255 1427 282 1453 in
296 1427 427 1455 Sabbatis.
849 1436 853 1441 '

221 1448 627 1491 in.tiniver's-isasolemnitatibns
642 1461 740 1488 domus
756 1459 841 1487 lsrael
853 1468 860 1487 :

186 1497 246 1533 Ipse
256 1497 339 1527 faciet
350 1506 401 1561 pro
414 1503 530 1534 peccato
548 1496 725 1530 sacriﬁcium,
740 1499 768 1524 et
780 1495 981 1532 holocaustum,

258 1538 285 1561 et
299 1542 357 1561 pact
370 1541 411 1561 ica

258 1538 285 1561 et
299 1534 411 1569 paciﬁca

223 1568 257 1598 ad
269 1567 433 1606 expiandum
449 1577 498 1606 pro
513 1569 594 1597 domo
607 1567 703 1596 ISrael.

187 1604 251 1633 llatc
266 1604 331 1633 dicit
345 1604 476 1634 Dominus
493 1606 564 1634 Dens
580 1614 587 1633 :

187 1640 217 1669 lu
237 1641 326 1677 primo
341 1649 447 1675 mense,
466 1649 518 1669 una
533 1640 649 1674 mensis,
661 1646 751 1668 sumes
767 1638 881 1668 vitulum
894 1638 928 1668 de
941 1646 985 1667 ar-

259 1682 352 1705 mento
366 1677 567 1705 immaculatum
584 1685 591 1703 :

222 1716 250 1740 et
260 1713 382 1748 expiabis
394 1713 595 1742 Sanctuarium.

188 1747 224 1776 Et
241 1746 319 1777 tollet
332 1749 462 1777 sacerdos
483 1749 518 1778 de
538 1747 682 1784 sanguine,
707 1746 777 1783 quod
792 1746 844 1776 erit
858 1754 909 1783 pro
921 1755 984 1784 pec-

259 1789 321 1813 cato
337 1794 345 1813 ἶ

224 1824 254 1848 et
263 1824 346 1855 ponet
359 1820 387 1849 in
399 1820 522 1856 postibus
536 1821 644 1853 domus,

225 1859 254 1883 et
265 1854 296 1883 in
311 1854 428 1891 quatuor
437 1857 546 1892 angulis
560 1854 709 1892 crepidinis
723 1855 829 1892 altaris,

224 1895 253 1919 et
265 1892 292 1919 in
306 1890 428 1928 postibus
444 1890 531 1928 porta:
545 1890 774 1928 atrii'interioris.

189 1926 225 1955 Et
246 1928 285 1955 sic
304 1926 388 1956 facies
414 1926 453 1955 in'
467 1928 582 1962 septima
609 1926 722 1962 mensis,
746 1934 796 1961 pro
810 1932 985 1962 unoquoque,

259 1963 305 1999 qtti
325 1963 460 1999 ignoravit
474 1963 528 1999 [AL
543 1961 730 1999 ignoraverit],
744 1967 772 1990 et
791 1961 886 1990 errore
905 1961 985 1991 dece-

278 2004 321 2027 tus
337 2003 377 2027 est

259 2007 321 2034 ptns
337 2007 391 2036 est.

225 2039 253 2062 et
265 2035 389 2072 expiabis
404 2035 458 2072 [AL
471 2034 626 2072 cxpiabitis]
642 2041 691 2072 pro
702 2033 794 2061 domo.

191 2070 220 2099 In
232 2068 320 2106 prim'o
333 2068 437 2105 mense,
448 2068 542 2106 quarta
550 2068 654 2099 decima
664 2069 710 2097 die
722 2068 833 2104 mensis,
847 2070 899 2097 erit
908 2070 986 2098 vobis

262 2106 372 2135 Paschae
387 2107 545 2136 solemnitas
557 2115 564 2135 :

225 2147 329 2179 septem
341 2142 439 2171 diebus
451 2151 558 2179 azyma,
567 2142 743 2170 comedentur
756 2140 811 2178 [AL
820 2141 985 2177 comedent].

190 2177 226 2206 Et
239 2177 321 2206 faciet
335 2179 461 2214 princeps
476 2177 503 2206 in
517 2179 561 2206 die
576 2178 622 2206 illa
639 2185 687 2213 pro
698 2185 740 2210 se,
755 2177 782 2204 et
792 2185 842 2212 pro
858 2178 986 2206 universo

264 2215 362 2248 populo
379 2220 469 2248 terrae,
485 2215 598 2242 vitulum
611 2221 661 2249 pro
674 2217 796 2248 peccato.

194 2248 228 2277 Et
239 2249 265 2276 in
281 2254 385 2284 septem
396 2250 501 2278 dierum
515 2248 689 2278 solemnitate
704 2248 786 2276 faciet
798 2248 985 2277 holocaustum

266 2285 381 2312 Domino
399 2289 505 2319 septem
518 2286 629 2318 vitulos,

227 2324 255 2347 et
264 2324 382 2383 dseptem
405 2321 505 2349 arietes
525 2320 714 2349 immaculatos
734 2320 856 2355 quotidie
880 2325 986 2356 septem

284 2364 307 2383 te
328 2364 360 2383 us
376 2363 383 2383 :

284 2363 360 2384 ICDUS
376 2363 383 2383 2

228 2395 256 2419 et
267 2398 317 2426 pro
332 2396 442 2426 peccato
456 2392 562 2420 hircum
578 2398 721 2426 caprarum
734 2390 866 2427 quotidie.

193 2426 228 2455 Et
241 2427 405 2455 sacriﬁcium
420 2427 482 2462 epbi
497 2436 545 2463 per
558 2428 683 2463 vitulum,

228 2467 254 2490 et
265 2463 326 2497 ephi
341 2471 390 2497 per
403 2463 516 2491 arietetu
529 2464 605 2491 faciet
621 2471 628 2491 :

228 2503 255 2527 et
269 2498 322 2527 olei
335 2499 380 2527 hin
393 2507 440 2534 per
453 2499 557 2535 singula
573 2499 647 2534 ephi.

194 2534 317 2576 Septimo
329 2533 433 2569 mense,
449 2533 544 2571 quinta
555 2533 659 2563 decima
675 2534 719 2562 die
729 2533 833 2562 mensis
849 2534 876 2561 in
891 2535 990 2563 solem-

265 2576 359 2603 nitate,

231 2605 313 2634 faciet
328 2607 399 2635 sicut
412 2614 492 2643 supra
508 2607 581 2636 dicta
598 2609 663 2643 sunt
672 2613 720 2641 per
734 2609 838 2640 septem
850 2605 920 2641 dies,
937 2611 991 2635 tam

267 2650 316 2677 pro
327 2642 451 2678 peccato,
462 2652 542 2679 quam
556 2651 605 2679 pro
620 2642 790 2674 holocausto,

231 2682 259 2705 et
272 2678 298 2713 in
311 2679 459 2713 sacriﬁcio,
472 2678 499 2707 et
515 2680 541 2707 in
557 2678 628 2707 olco.

195 2713 272 2777 [)Cap.
290 2710 397 2751 XLVI.]
413 2710 476 2743 Hace
490 2715 555 2743 dicit
570 2714 705 2754 Dominus
716 2712 788 2741 Deus
803 2721 809 2739 :

218 2755 275 2777 orta
296 2750 358 2777 atrii
372 2750 520 2777 interioris.
538 2759 598 2777 auze
608 2750 719 2777 resoicrt
731 2749 764 2776 ad
777 2757 808 2776 οι·

218 2755 275 2777 orta
296 2750 358 2777 atrii
372 2748 520 2784 interioris,
538 2759 598 2786 qua:
608 2748 719 2784 respicit
731 2749 764 2776 ad
777 2750 923 2786 orientem,
940 2750 992 2779 erit

267 2786 357 2813 clausa
369 2793 416 2813 sex
429 2786 537 2820 diebus,
546 2785 577 2814 in
592 2786 690 2821 quibus
705 2792 772 2819 opus
787 2785 829 2819 ﬁt,

232 2820 277 2857 die
292 2825 382 2849 autem
397 2822 500 2850 sabbati
516 2820 653 2857 aperietur
664 2842 671 2854 ,

232 2856 279 2893 sed
294 2857 360 2893 etin
376 2857 420 2885 die
434 2856 611 2886 kalendarum
627 2856 775 2893 aperietur.

196 2892 231 2921 Et
252 2892 368 2931 intrabit
382 2894 509 2931 princeps
524 2901 572 2931 per
582 2891 653 2921 viani
668 2891 794 2921 vestibuli
815 2897 901 2931 portae
917 2894 993 2923 defo-

267 2927 317 2963 ris,
335 2933 364 2957 et
378 2927 460 2958 Stabit
473 2927 501 2958 in
516 2927 609 2959 limine
624 2934 725 2966 portae:

734 146 837 176 LIBER
855 145 1059 176 EZECIIIELIS
1079 145 1286 177 PROPHETE.

1765 148 1837 179 1010

999 206 1029 237 Α
1075 207 1224 244 etfaciem
1245 205 1402 235 sacerdotes
1417 205 1608 236 holocaustum
1623 207 1699 244 ejus,
1720 211 1747 236 ct
1760 208 1838 244 paci-
1863 210 1867 216 '

1110 243 1160 271 ﬁca
1173 243 1232 271 eius
1248 251 1254 270 :

1038 278 1073 306 Et
1083 252 1304 314 adoﬁ-Zgiiliuper
1318 277 1400 316 limen
1413 283 1511 316 porta,
1526 284 1553 308 et
1566 280 1743 316 egredietur:

1074 319 1150 351 porta
1165 319 1254 351 autem
1274 321 1327 342 non
1344 314 1484 343 claudetur
1496 314 1626 351 usque’ad
1642 324 1796 351 vesperam.

1038 349 1209 415 Et'aggglbi‘t
1223 351 1337 386 populus
1352 355 1432 378 terra:
1454 351 1490 379 ad
1503 349 1602 380 ostium
1619 349 1706 388 porta:
1719 352 1793 381 illius
1808 352 1834 381 in

1175 394 1188 413 a
1202 394 1236 415 IS.

1106 391 1236 421 sabbatis,

1072 426 1100 449 et
1110 422 1137 450 in
1152 422 1284 456 kalendis,
1298 429 1388 450 coram
1400 422 1525 451 Domino.

1037 456 1229 495 Holocaustum
1243 463 1333 486 autem
1348 458 1399 486 boc
1408 458 1505 487 oﬁ'eret
1519 459 1645 495 princeps
1655 460 1792 489 Domino:

1074 494 1102 521 in
1111 494 1157 532 die
1174 494 1277 532 sabbati
1292 502 1340 522 sex
1355 502 1440 530 agnos
1460 494 1647 524 immaculatos
1659 519 1666 532 ,
1679 501 1705 525 et
1720 497 1834 526 arietem

1110 530 1323 557 immaculatum.

1037 564 1073 593 Et
1087 566 1247 593 sacriﬁcium
1263 566 1326 600 ephi
1342 573 1390 601 per
1401 566 1515 594 arietem
1528 576 1535 593 :

1072 600 1098 628 in
1116 601 1168 640 [AL
1186 606 1249 628 tacet
1264 602 1301 638 in]
1317 600 1393 640 agnis
1404 608 1493 631 autem
1505 603 1668 632 sacriﬁcium
1680 624 1687 638 ,
1699 604 1770 640 quod
1786 604 1834 633 de-

1109 638 1178 665 derit
1190 645 1285 665 manus
1298 638 1368 673 ejus,

1072 678 1100 701 et
1115 673 1166 700 olei
1178 674 1223 700 hin
1237 681 1285 708 per
1302 672 1408 709 singula
1419 673 1492 709 ephi.

1035 707 1064 736 In
1076 709 1121 737 die
1135 714 1225 772 antlem
1238 707 1417 738 kalendarum
1429 707 1543 739 vitulum
1554 710 1589 739 de
1601 716 1727 740 armento
1738 712 1834 741 imma-

1106 753 1138 772 Cll
1151 753 1164 772 ﬂ
1180 753 1223 772 um
1236 754 1243 772 Ζ

1106 749 1223 773 culatum
1236 754 1243 773 :

1071 785 1100 809 et
1113 788 1159 809 sex
1173 782 1235 816 agni
1250 785 1277 809 et
1290 781 1390 810 arietes
1403 782 1570 811 immaculati
1585 787 1676 811 erunt.

1034 816 1070 844 Et
1084 817 1147 852 ephi
1158 824 1207 852 per
1218 817 1331 845 vitulum
1343 839 1351 851 ,

1107 852 1133 879 hi
1146 860 1253 888 quoque
1268 860 1316 888 per
1331 852 1442 881 arietem
1458 853 1539 882 faciet
1561 853 1741 883 sacriﬁcium:

1070 860 1084 879 e

1070 860 1084 879 e
1107 860 1133 879 n1
1146 860 1253 888 quoque
1287 860 1316 881 er
1331 860 1442 881 arietem
1458 860 1539 882 tactet
1561 860 1741 883 sacriﬁcium:

993 903 1019 934 Β
1034 888 1072 916 De
1084 860 1215 934 FALtacet
1228 860 1284 925 Def
1292 889 1368 924 agnis
1382 894 1483 924 autem,
1495 889 1567 918 sicut
1581 889 1717 919 invenerit
1730 898 1828 920 manus

1103 931 1174 958 eius.

1068 962 1095 987 et
1106 959 1158 987 olei
1174 958 1219 986 hin
1235 966 1281 994 per
1295 959 1399 995 singula
1415 960 1488 994 ephi.

1030 993 1155 1032 Cumque
1167 993 1395 1032 ingressurusjest
1409 993 1551 1032 princeps,

1067 1038 1121 1069 per
1131 1031 1201 1069 viam
1217 1031 1346 1059 vestibuli
1360 1036 1445 1066 portae
1459 1031 1636 1068 ingrediatur,
1651 1036 1680 1062 et
1694 1040 1744 1069 per
1758 1041 1833 1063 eam-

1104 1066 1166 1094 dem
1176 1067 1247 1095 viam
1258 1072 1348 1094 exeat.

1032 1102 1066 1130 Et
1080 1109 1141 1141 cum
1164 1103 1276 1141 intrabit
1292 1103 1407 1141 populus
1422 1107 1502 1132 terrze
1516 1104 1544 1132 in
1558 1109 1707 1141 conspectu
1721 1105 1831 1135 Domini

1104 1138 1131 1165 in
1143 1138 1362 1166 solemnitatibus
1371 1159 1380 1173 ,

1069 1174 1114 1209 qui
1126 1174 1278 1213 ingreditur
1293 1181 1341 1213 per
1355 1179 1462 1209 portam
1478 1176 1627 1213 aquilonis,
1643 1181 1672 1205 ut
1686 1174 1795 1213 adoret,

1070 1210 1224 1245 egrediatur
1238 1217 1294 1246 per
1304 1211 1374 1237 viam
1390 1215 1478 1246 portae
1490 1210 1665 1240 meridianae:

1033 1245 1120 1273 Porro
1134 1246 1177 1284 qui
1191 1245 1342 1284 ingreditur
1356 1245 1405 1281 per
1417 1246 1487 1274 viam
1503 1247 1759 1284 porttemeridianaa
1768 1271 1776 1284 ,

1070 1281 1224 1316 egrediatur
1234 1288 1282 1316 per
1296 1281 1367 1308 viam
1384 1285 1469 1316 porta:
1479 1282 1614 1317 aquilonis
1626 1292 1633 1311 :

1034 1316 1092 1345 Non
1108 1320 1264 1346 revertetur
1276 1323 1326 1352 per
1342 1317 1413 1345 viam
1425 1316 1523 1353 portae,
1536 1326 1584 1354 per
1596 1326 1677 1355 quam
1693 1320 1831 1357 ingressus

1106 1357 1148 1381 est

1070 1374 1279 1431 sedue’regione
1290 1387 1366 1430 illius
1377 1389 1541 1431 egredietur.

1034 1424 1165 1466 Princeps
1180 1429 1272 1488 tantem
1289 1424 1315 1452 in
1328 1424 1419 1453 medio
1431 1433 1526 1454 eorum
1540 1433 1602 1455 cum
1618 1426 1833 1463 ingredientibus

1106 1468 1183 1488 mare
1204 1468 1228 1488 le
1242 1468 1284 1488 Ill‘.

1106 1464 1284 1493 ingredietur.

1106 1469 1284 1496 ingredietur.

1070 1500 1099 1533 et
1111 1504 1172 1524 cum
1186 1496 1392 1533 egredientibus
1404 1497 1568 1533 egredietur.

1035 1532 1069 1560 l-lt
1080 1532 1107 1560 in
1120 1532 1264 1564 nundinis,
1278 1536 1306 1560 et
1319 1533 1345 1560 in
1361 1532 1578 1562 solemnitatibus
1591 1534 1645 1562 erit
1665 1534 1831 1563 sacriﬁcium

1107 1568 1169 1603 ephi
1183 1575 1232 1603 per
1242 1567 1355 1595 vitulum
1368 1588 1376 1602 ,

996 1596 1020 1629 C
1072 1609 1099 1632 et
1112 1596 1174 1639 ephi
1184 1596 1237 1638 per
1248 1596 1379 1631 arietem':

1036 1639 1226 1681 Agnisautem
1241 1639 1294 1669 erit
1316 1639 1478 1668 sacriﬁcium
1494 1640 1565 1669 sicut
1583 1640 1717 1669 invenerit
1734 1649 1833 1671 manus

1108 1682 1168 1703 EIUS
1181 1683 1188 1702 ε

1071 1715 1100 1740 et
1108 1683 1168 1738 ξιξῖ
1181 1695 1228 1738 hin
1237 1718 1285 1747 per
1296 1710 1402 1747 singula
1417 1712 1491 1747 ephi.

1036 1747 1103 1776 Cum
1124 1750 1214 1776 autem
1234 1747 1330 1775 fecerit
1352 1748 1477 1783 princeps
1499 1754 1678 1783 spontaneum
1701 1749 1832 1778 holocau-

1109 1786 1191 1814 stum.
1204 1787 1252 1810 aut
1265 1782 1375 1818 paciﬁca
1389 1782 1541 1811 voluntaria
1556 1784 1687 1818 Domino;

1073 1818 1213 1855 aperietur
1224 1819 1249 1847 ei
1262 1822 1340 1855 porta
1354 1826 1415 1854 qua:
1428 1820 1539 1855 respicit
1552 1819 1586 1847 ad
1598 1821 1742 1855 orientem,

1073 1860 1101 1892 et
1115 1854 1195 1892 faciet
1207 1854 1393 1892 holocaustum
1408 1854 1499 1892 suum,
1513 1859 1541 1892 et
1555 1855 1668 1891 paciﬁca
1682 1854 1741 1892 sua,
1759 1867 1762 1891 ί

1074 1891 1144 1919 sicut
1160 1889 1217 1918 ﬁeri
1230 1890 1300 1918 solet
1315 1890 1343 1917 in
1357 1890 1401 1918 die
1416 1890 1521 1918 sabbati
1536 1900 1542 1918 :

1074 1931 1100 1954 et
1111 1926 1479 1963 egredietur,rclaudeturque
1489 1932 1566 1963 porta
1574 1931 1715 1963 postquam
1723 1928 1830 1956 exierit.

1038 1962 1073 1990 Et
1085 1969 1193 2000 agnum_
1208 1962 1329 2000 ejusdem
1344 1963 1409 1989 anni
1424 1962 1478 1997 [AL
1495 1962 1662 2000 anniculum]
1678 1964 1834 2000 immacula-

1111 2002 1166 2025 tum
1181 1997 1261 2025 faciet
1276 1997 1462 2025 holocaustum
1476 1998 1597 2033 quotidie
1607 1997 1723 2027 Dofnino
1738 2009 1745 2027 :

1072 2041 1182 2068 semper
1193 2040 1271 2061 mane
1287 2033 1367 2061 faciet
1381 2033 1457 2061 illud.

1038 2069 1074 2098 Et
1090 2069 1253 2098 sacriﬁcium
1278 2069 1359 2096 faciet
1382 2076 1463 2104 super
1477 2076 1510 2097 eo
1530 2074 1595 2107 cata
1611 2070 1666 2106 [AL
1683 2075 1749 2098 tacet
1762 2071 1834 2107 cata]

1111 2112 1191 2133 mane
1204 2112 1283 2133 mane
1297 2109 1400 2133 sextam
1417 2109 1521 2140 partem
1535 2105 1614 2141 ephi,

1075 2145 1103 2169 et
1125 2140 1159 2168 de
1183 2142 1253 2178 oleo?
1267 2141 1374 2178 tertiam
1397 2145 1500 2176 partem
1524 2140 1586 2174 hin,
1602 2146 1631 2169 ut
1653 2141 1708 2178 [AL
1732 2141 1769 2178 et]
1784 2141 1835 2170 mi-

1111 2181 1219 2205 sceatur
1233 2176 1327 2204 similae
1339 2188 1347 2205 :

1038 2212 1207 2241 Sacriﬁcium
1223 2213 1336 2240 Domino
1351 2212 1500 2248 legitimum
1512 2233 1520 2247 ,

1072 2249 1135 2290 iuge
1147 2252 1412 2290 atque‘perpetpum.

1000 2300 1027 2331 υ
1041 2284 1134 2312 Faciet
1146 2284 1343 2331 .[AL‘FI‘acielis]
1354 2291 1464 2331 agnum,
1477 2288 1505 2311 et
1517 2284 1689 2318 sacriﬁcium,
1703 2287 1731 2313 et
1743 2285 1833 2314 oleum

1112 2325 1171 2356 cata
1185 2319 1239 2355 [AL
1254 2324 1317 2346 tacet
1332 2319 1402 2356 cata]
1417 2328 1496 2348 matre
1512 2327 1592 2348 mane
1608 2329 1616 2348 :

1076 2355 1264 2383 holocaustum
1276 2356 1480 2390 sempiternum.

1041 2391 1104 2419 Haec
1119 2391 1184 2418 dicit
1201 2391 1328 2419 Dominus
1343 2391 1415 2419 Deus
1431 2400 1443 2419 :-

1038 2427 1069 2455 Si
1081 2426 1186 2454 dederit
1201 2427 1325 2462 princeps
1338 2426 1438 2454 donum
1453 2428 1533 2456 alicui
1548 2428 1582 2457 de
1595 2428 1657 2457 ﬁliis
1672 2428 1750 2458 suis:

1077 2462 1224 2490 hmreditas
1237 2462 1306 2497 ejus,
1323 2463 1443 2490 ﬁliorum
1457 2471 1568 2492 suorum
1583 2463 1644 2498 erit,

1077 2498 1254 2534 possidebunt
1266 2506 1325 2526 eam
1340 2499 1521 2527 hmreditarie.

1041 2534 1070 2563 Si
1086 2539 1174 2562 autem
1186 2534 1292 2562 dederit
1307 2535 1423 2571 legatum
1435 2535 1469 2564 de
1484 2535 1645 2564 haereditate
1658 2543 1706 2565 sua
1721 2535 1767 2564 uni
1779 2543 1837 2564 ser-

1115 2577 1209 2598 vorum
1226 2578 1348 2603 suorum,

1078 2605 1211 2635 eritillius
1225 2607 1351 2645 usquead
1361 2615 1465 2645 annum
1479 2607 1659 2642 remissionis,
1672 2611 1700 2636 et
1711 2607 1765 2645 [AL
1778 2608 1837 2644 sed]

1113 2646 1266 2670 revertetur
1280 2643 1312 2670 ad
1327 2643 1477 2678 principem
1493 2652 1500 2669 :

1079 2677 1226 2705 hmreditas
1239 2677 1332 2706 autem
1345 2677 1422 2714 ejus,
1432 2679 1495 2707 ﬁliis
1508 2679 1566 2714 ejus
1578 2680 1640 2707 erit.

1043 2713 1078 2743 Et
1098 2714 1286 2752 non_acc_ipiet
1311 2714 1436 2752 princeps
1456 2714 1490 2742 de
1502 2713 1668 2752 rliaereditate
1684 2715 1777 2752 populi
1791 2723 1840 2751 per

1115 2749 1285 2786 violentiam,
1300 2754 1328 2778 et
1340 2750 1374 2778 de
1389 2751 1561 2786 possessione
1572 2759 1669 2780 eorum
1685 2749 1691 2779 Ξ

1080 2785 1130 2814 sed
1140 2786 1173 2813 de
1181 2785 1353 2821 possessione
1362 2785 1410 2814 sua
1421 2786 1608 2815 hereditatem
1618 2787 1691 2815 dabit
1699 2787 1760 2815 ﬁliis
1767 2787 1839 2816 suis:

1082 2827 1111 2849 ut
1129 2829 1181 2849 non
1201 2821 1372 2862 dispergatur
1385 2822 1501 2858 populus
1527 2830 1604 2852 meus
1618 2823 1803 2859 unusquisque
1823 2831 1840 2851 a

1118 2864 1291 2892 possessione
1306 2864 1364 2885 sua.

1048 2893 1083 2923 Et
1095 2892 1245 2921 introduxit
1265 2901 1309 2922 me
1323 2901 1372 2930 per
1387 2894 1557 2931 ingressum,
1568 2894 1687 2931 quierat
1701 2901 1735 2922 ex
1754 2894 1838 2924 latere

1121 2934 1217 2966 portte,
