2054 3180
202 128 276 158 1015

705 125 736 156 S.
758 125 953 155 HIERONYMI
972 124 1091 154 DIVINA
1109 124 1355 154 BIBLlOTHECA.

1789 124 1862 155 IOIG

202 188 267 216 dum
282 186 310 216 id
327 186 400 223 quod
416 186 454 216 ibi
473 187 582 224 legitur,
598 186 643 216 hic
657 194 766 223 qttoque
784 185 909 221 dispositi
923 190 998 215 sunt.
1017 186 1045 218 Α
1056 184 1159 220 chium,
1174 184 1188 204 δ
1203 184 1355 213 admonitus
1369 183 1444 218 volo,
1458 191 1544 213 unum
1561 184 1662 213 librum
1678 191 1739 213 esse
1752 183 1860 213 duode-

205 235 277 263 Osee
299 234 477 263 commaticus
500 239 552 268 est,
574 232 601 263 et
621 235 700 270 quasi
719 241 766 270 per
790 233 941 262 sententias
965 233 1005 261 Io.

205 289 304 318 quens.
322 282 381 309 Joel
401 282 498 317 planus
514 282 540 309 in
558 281 718 316 principiis:
733 281 760 308 in
777 280 830 308 ﬁne
846 280 1004 308 obscurior.

204 328 242 357 Et
255 335 342 364 usque
361 328 393 355 ad
410 328 580 362 Malachiam,
597 328 698 356 habent
710 333 722 347 ει
737 327 837 363 singuli
851 327 1006 363 proprieta-

206 378 250 403 tes
265 381 329 402 suas
342 383 348 400 :
364 382 444 410 quem
460 374 574 402 Esdram
587 375 716 408 scribam,
728 375 850 411 legisque
866 374 1006 402 doctorem

206 420 316 449 Hebraei
330 423 481 448 autumant.
500 420 533 448 Et
545 421 606 456 quia
623 421 733 457 longum
753 426 795 449 est
812 428 884 448 nunc
904 420 938 448 de
950 428 1009 448 om-

204 468 287 497 nibus
306 467 418 496 dicere:
439 467 492 496 hoc
512 473 619 496 tantum
643 476 703 502 vos,
724 476 741 497 ο
760 468 842 497 Paula
863 472 891 495 et
911 467 1010 495 Eusto-

208 536 259 564 dus
272 536 427 573 estrAmos,
444 536 546 573 tertius
560 536 701 571 Micbteas,
715 541 829 573 quartus
850 536 919 570 Joel,
935 536 1014 573 quin.

208 577 252 600 tus
267 571 379 609 Abdias,
395 576 489 609 sextus
503 572 587 601 Jonas
602 581 610 601 :
634 573 660 600 in
679 571 793 609 reliquis
818 571 1012 609 percensendis

207 608 400 671 cumlIIqbraeo
415 608 526 636 faciunt.
540 608 610 638 Vide
622 609 813 644 praefationem
823 608 1009 637 Commentar.

207 651 237 671 1n
278 650 310 671 oe
322 651 376 671 em.
991 663 995 667 .

248 683 261 697 ⁸
286 679 351 707 Haec
375 679 469 715 verba,
495 680 590 708 habent
617 681 715 718 singuli
742 681 914 717 proprietates
937 688 1009 715 suas,

1058 233 1112 261 cim
1130 232 1324 268 prophetarum
1342 241 1347 258 ε
1365 236 1393 260 et
1408 232 1478 260 Osee
1495 234 1643 272 σύγχρονον
1658 232 1756 260 Isaia:
1773 231 1857 259 Mala-

1059 281 1147 308 chiam
1164 288 1230 308 vero
1241 280 1331 316 Aggaei
1346 285 1371 308 et
1384 280 1522 308 Zacharia:
1536 281 1618 309 fuisse
1635 279 1816 316 temporibus.
1828 279 1861 307 In

1060 327 1158 363 quibus
1180 332 1269 355 autem
1287 332 1392 362 tempus
1409 334 1461 354 non
1486 327 1630 361 praefertur
1652 325 1678 354 in
1702 325 1791 359 titulo,
1809 325 1864 353 sub

1062 374 1118 402 illis
1139 381 1186 402 eos
1205 374 1315 409 regibus
1335 374 1526 409 prophetasse,
1543 374 1594 401 sub
1609 373 1708 409 quibus
1724 377 1753 401 et
1773 371 1800 400 hi
1816 371 1864 408 qui

1063 424 1128 449 ante
1142 427 1191 449 eos
1203 419 1307 448 habent
1322 420 1426 454 titulos,
1444 420 1687 456 prophetaverunt.

1068 536 1160 565 luxata
1172 537 1297 565 videntur
1313 537 1401 569 nobis,
1415 536 1646 573 etipostponenda
1660 536 1694 564 ad
1715 535 1818 573 periodi
1835 535 1871 562 ﬁ—

1068 580 1130 601 nem
1158 573 1241 601 verbo
1268 577 1415 600 autumant.
1440 572 1527 601 Certe
1547 572 1707 601 concinnior
1730 572 1818 600 tnulto
1839 575 1871 599 et

1065 608 1153 644 magis
1167 609 1218 637 erit
1235 609 1397 644 perspicuus
1417 616 1525 636 sensus.

1101 643 1246 673 “Palatia.
1263 643 1315 672 ms.
1329 653 1373 672 vos
1388 645 1536 672 admonitos
1548 645 1615 672 scire
1625 645 1694 678 volo,
1706 648 1762 672 etc.

214 733 1862 748 _____________________—._——

930 786 1152 839 INCIPIT

406 865 707 938 LIBER
758 863 1198 989 0813331}

1066 862 1665 938 ΡΒΟΡΗΕΤλἘ.

218 1045 296 1081 [ϐαρ.
310 1044 367 1081 1.]ει
381 1043 501 1081 Verbum
516 1043 641 1078 Domini,
659 1042 731 1078 quod
747 1042 846 1070 factum
858 1045 901 1069 est
913 1040 1027 1075 ad_Osee
1041 1040 1066 1071 B
1116 1043 1143 1067 et
1163 1044 1266 1075 ponent
1285 1040 1395 1069 sibimet
1415 1044 1496 1077 caput
1512 1048 1613 1075 unum,
1631 1044 1659 1070 et
1679 1041 1829 1070 ascenderit
1842 1041 1879 1070 de

292 1080 379 1108 ﬁlium
394 1080 483 1111 Beeri,

256 1117 283 1144 in
308 1116 403 1144 diebus
417 1115 501 1148 Ozize,
517 1114 645 1147 Joathan,
661 1113 766 1146 Achaz,
784 1112 907 1140 Ezechite
923 1118 1021 1148 regum

289 1151 370 1184 Juda,
398 1155 426 1179 et
445 1152 473 1178 in
495 1147 596 1178 diebus
617 1149 764 1177 Jeroboam
789 1148 838 1176 ﬁlii
864 1147 1022 1184 JoasAregis

292 1182 389 1215 Israel.
409 1186 575 1221 Principium
590 1185 721 1220 loquendi
743 1184 858 1212 Domino
882 1184 908 1210 in
930 1182 1020 1210 Osee:

221 1224 257 1251 Et
270 1223 339 1251 dixit
353 1222 483 1259 Dominus
499 1222 532 1249 ad
547 1221 637 1259 Osee_:
686 1256 692 1259 _
741 1256 747 1259 _
912 1255 922 1259 _
986 1253 992 1259 _

221 1259 309 1292 Vade,
326 1266 403 1286 sume
425 1257 473 1285 tibi
493 1264 606 1285 uxorem
622 1256 848 1288 Iornicationum,
862 1259 891 1284 et
910 1255 953 1283 fac
974 1254 1022 1282 tibi

295 1294 365 1321 ﬁlios
388 1293 599 1322 fornicatiomtm
615 1301 622 1319 :

222 1330 292 1364 Quia
307 1329 444 1357 fornicans
457 1328 753 1364 l‘ornicabiturrterraia
767 1328 894 1364 Domino.

222 1363 259 1394 Et
272 1365 348 1397 abiit,
360 1370 387 1393 et
398 1364 502 1399 accepit
515 1364 617 1392 Gomer
632 1363 713 1390 ﬁliam
727 1363 869 1391 Debelaim
885 1372 890 1389 :

257 1405 285 1430 et
298 1400 432 1436 concepit,
445 1404 473 1427 et
485 1400 591 1435 peperit
604 1400 630 1427 ei
646 1399 747 1426 ﬁlium.

220 1438 258 1466 Et
271 1436 340 1464 dixit
352 1436 482 1464 Dominus
495 1436 529 1463 ad
543 1443 606 1463 eum
621 1444 626 1461 :

224 1473 299 1501 Voca
311 1479 413 1500 nomen
423 1471 482 1506 ejus
496 1471 602 1499 Jezrael
618 1479 624 1497 :

261 1508 390 1544 quoniam
404 1508 491 1535 adlutc
504 1506 653 1544 modicum,

262 1541 291 1572 et
300 1544 417 1571 visitabo
433 1543 591 1578 sanguinem
610 1541 715 1578 Jezrael
737 1548 819 1576 super
834 1541 947 1569 domum
963 1541 1024 1577 Jeu,

260 1585 287 1608 et
303 1579 444 1615 quiescere
455 1576 550 1606 faciam
566 1585 679 1613 regnum
692 1576 706 1596 ι)
721 1577 818 1615 domus
832 1578 927 1615 Israel.

227 1616 263 1645 Et
287 1613 320 1678 iq—
342 1614 463 1677 dielilla
495 1617 633 1642 conteram
660 1620 754 1641 arcum
786 1613 870 1641 Israel
899 1613 927 1641 in
957 1613 1028 1642 valle

316 1658 415 1678 czrae.

316 1658 415 1678 CZI'aEI.

229 1687 265 1715 Et
274 1686 401 1723 concepit
415 1685 515 1718 adhuc,
529 1689 557 1713 et
573 1685 678 1721 peperit
690 1682 783 1712 ﬁliam.

227 1723 265 1750 Et
280 1722 350 1749 dixit
369 1722 395 1749 ei
408 1731 414 1748 :

233 1758 307 1786 Voca
323 1765 421 1785 nomen
437 1757 506 1792 ejus,
522 1758 630 1792 Absque
641 1756 850 1785 misericordia:

229 1795 293 1830 quia
307 1791 472 1830 notraddam
489 1794 559 1830 ultra
570 1791 692 1821 misereri
709 1793 801 1820 domui
816 1791 910 1827 Israel,

267 1829 314 1856 sed
327 1829 463 1856 oblivione
476 1829 624 1856 obliviscar
634 1835 738 1856 eorum.

231 1865 267 1893 Et
281 1865 371 1892 domui
387 1864 455 1892 Juda
472 1865 633 1898 miserebor,

269 1906 296 1928 et
307 1900 418 1927 salvabo
431 1908 477 1928 eos
492 1901 518 1927 in
533 1901 648 1928 Dontino
663 1900 719 1928 Deo
735 1907 786 1927 suo
802 1908 809 1926 :

233 1936 268 1963 Et
284 1943 338 1963 non
358 1935 467 1963 salvabo
482 1944 528 1964 eos
542 1937 568 1963 in
580 1943 655 1969 arcu,
671 1941 699 1963 ct
712 1935 813 1970 gladio,

269 1976 296 1999 et
312 1972 337 1998 in
353 1971 437 2005 bello,
451 1976 479 1999 et
496 1973 521 1999 in
535 1972 622 2006 equis,
638 1976 665 1999 et
680 1972 706 1998 in
720 1970 867 2005 eqttitibus.

231 2007 269 2035 Et
282 2007 428 2034 ablactavit
439 2014 512 2041 eam,
529 2015 590 2043 quae
606 2012 664 2034 erat
674 2007 777 2042 absque
792 2006 992 2039 misericordia,

271 2043 303 2070 Et
317 2043 443 2078 concepit
457 2047 484 2070 et
495 2043 600 2078 peperit
615 2043 710 2070 tilium.

231 2079 267 2106 Et
282 2078 369 2106 dixit:

243 2079 267 2106 Et
282 2079 369 2106 dixit:

232 2114 306 2142 Voca
321 2121 421 2141 nomen
434 2114 492 2148 ejus
509 2123 515 2140 ς
533 2113 592 2141 Non
608 2114 723 2149 pepulus
735 2121 811 2142 meus
826 2123 832 2141 :

269 2151 331 2184 quia
346 2157 394 2177 vos
411 2157 463 2176 non
482 2149 598 2183 populus
612 2157 700 2184 meus,

273 2191 301 2214 et
314 2193 365 2220 ego
380 2192 432 2212 IIOII
447 2192 495 2212 ero
512 2190 610 2213 VCSIEI'.

232 2221 268 2249 Et
283 2222 335 2249 erit
348 2228 479 2261 numerus
499 2221 613 2248 ﬁliorum
632 2222 715 2250 Israel
731 2222 807 2258 quasi
827 2230 910 2251 arena
927 2223 1011 2251 maris
1022 2244 1030 2258 ,

305 2264 366 2292 quae
378 2263 437 2284 sme
448 2264 574 2284 mensura
589 2262 642 2291 est,

271 2297 298 2320 et
313 2299 366 2319 non
378 2292 573 2320 numerabitur.

233 2328 269 2356 Et
282 2328 334 2356 erit
350 2328 450 2356 inloco
472 2328 517 2356 ubi
532 2328 638 2357 dicetur
652 2329 691 2358 eis
713 2337 721 2357 :
743 2329 801 2358 Non
819 2330 933 2367 populus
955 2338 1031 2360 meus

306 2370 355 2392 νοει
370 2372 378 2391 Ζ

271 2400 378 2428 dicetur
390 2400 429 2428 eis
446 2409 453 2427 :
468 2400 530 2428 Filii
543 2400 590 2428 Dei
607 2401 736 2429 viventis.

233 2435 269 2464 Et
278 2437 513 2472 congregabantur
527 2436 575 2464 ﬁlii
589 2437 666 2472 Juda,
678 2442 704 2464 et
718 2437 764 2465 ﬁlii
776 2437 857 2466 Israel
871 2439 972 2474 pariter
985 2448 991 2467 :

271 2543 283 2575 εξ
300 2537 404 2566 Invenit
421 2537 545 2575 Martian.
567 2538 595 2565 in
610 2542 724 2574 utroque
744 2540 894 2575 exemplari
909 2539 1027 2568 Canonis

234 2574 376 2602 Hebraicm
391 2574 514 2610 veritatis
536 2579 695 2610 sequentem
717 2574 920 2603 annotationem
942 2585 949 2604 :
971 2575 1027 2603 Du-

233 2609 298 2645 plex
311 2615 347 2637 est
363 2610 434 2644 apud
451 2609 615 2638 chrteos’de
629 2611 670 2637 his
685 2615 797 2645 quatuor
811 2612 936 2645 versibus,
952 2613 996 2647 qui
1010 2621 1027 2639 α

234 2646 320 2681 capite
342 2646 482 2683 prthnotati
501 2651 574 2679 sunt,
597 2647 734 2673 sententia.
755 2647 879 2683 Plerique
894 2646 961 2675 enini
986 2649 1028 2675 di-

234 2686 307 2719 cunt,
326 2681 395 2719 quoii
411 2681 442 2708 ab
461 2681 547 2708 Ezdru
563 2683 648 2719 scriba
668 2683 695 2708 in
712 2681 975 2719 ottmibtts'prophetis
992 2685 1028 2712 sic

235 2718 314 2757 fuerit
330 2717 476 2757 titulatum,
491 2722 518 2743 ut
532 2718 681 2753 prwscripto
699 2720 823 2757 cujusque
838 2717 951 2755 nomine,
971 2729 1031 2757 pro-

232 2753 336 2790 phetia,
361 2755 434 2789 cujus
452 2754 498 2790 sit,
521 2761 626 2787 sequens
649 2753 785 2781 noscatur.
800 2754 861 2790 Ipse
884 2753 976 2783 auteitt'
989 2761 1026 2784 est

234 2788 347 2822 Eztlras,
370 2788 414 2824 qui
429 2789 535 2815 ultimus
549 2791 731 2824 prophetarum
749 2788 869 2818 scribitur
885 2790 1026 2819 Malae/tia:

235 2825 347 2863 nomine.
366 2825 419 2852 Alii
434 2833 491 2851 vero
509 2824 596 2851 dicunt
615 2826 683 2859 quod
701 2827 733 2852 ab
750 2827 813 2862 ipsis
830 2827 963 2863 prophetis
982 2836 1026 2863 per

234 2860 506 2898 §piritunt_sanctum,
532 2864 558 2898 ut
578 2865 668 2888 autem
684 2866 742 2898 sunt
761 2860 919 2897 conscripta.
936 2860 1026 2898 Atque

234 2895 306 2925 hanc
318 2896 426 2932 quidem
442 2896 601 2924 sententiam
618 2897 782 2926 recentiores
798 2895 875 2927 multi
890 2898 961 2927 docti
972 2895 1022 2927 viri

1145 1080 1218 1104 terra
1231 1086 1237 1104 :

1110 1112 1172 1145 quia
1188 1120 1300 1147 magnus
1316 1113 1374 1140 dies
1389 1113 1509 1141 Jezrael.

1111 1147 1188 1183 [ϐαρ.
1204 1148 1248 1184 IL]
1264 1148 1350 1176 Dicite
1366 1149 1495 1177 fratribus
1510 1148 1609 1176 vestris
1621 1157 1629 1176 :
1640 1148 1760 1183 Populus
1775 1156 1875 1179 meus:

1111 1188 1138 1211 et
1151 1185 1238 1211 sorori
1254 1190 1352 1212 vestra:
1368 1193 1374 1211 :
1390 1184 1604 1212 Misericordiam
1616 1189 1772 1213 consecuta.

1075 1219 1200 1260 Judicate
1216 1224 1329 1260 matrem
1345 1226 1475 1253 vestram,
1491 1220 1629 1255 judicate:

1112 1256 1238 1292 quoniam
1254 1256 1312 1290 ipsa
1327 1264 1379 1283 non
1392 1264 1459 1284 uxor
1469 1263 1538 1286 mea.
1548 1261 1575 1283 et
1588 1264 1638 1292 ego
1647 1264 1698 1283 non
1709 1255 1751 1284 vir
1762 1256 1833 1292 ejus.

1075 1292 1187 1322 Aulerat
1199 1290 1394 1320 fornicationes
1409 1300 1472 1320 suas
1487 1301 1500 1319 ιι
1517 1292 1585 1319 facie
1602 1290 1660 1324 sua,

1111 1330 1139 1356 et
1153 1325 1282 1354 adulteria
1296 1335 1342 1354 sua
1357 1328 1391 1355 de
1407 1327 1495 1356 medio
1507 1328 1619 1355 uberum
1631 1334 1756 1355 suorum.

1075 1364 1116 1392 Ne
1130 1361 1202 1390 forte
1218 1363 1367 1398 exspoliem
1380 1371 1438 1391 eam
1451 1363 1561 1395 nudam,

1113 1404 1140 1427 et
1151 1401 1266 1425 statuam
1281 1406 1339 1426 eam
1356 1400 1502 1427 secundum
1519 1399 1589 1427 diem
1601 1398 1752 1427 nativitatis
1766 1406 1840 1428 suae:

1077 1436 1111 1463 Et
1126 1441 1224 1470 ponam
1235 1441 1295 1461 eam
1312 1433 1387 1470 quasi
1401 1434 1586 1469 solitudinem,

1114 1476 1141 1499 et
1156 1474 1272 1496 statuant
1285 1478 1345 1497 eam
1361 1471 1436 1498 velut
1452 1476 1551 1498 terram
1566 1470 1679 1505 inviam,

1114 1510 1141 1534 et
1155 1505 1316 1533 ittterﬁciam
1332 1513 1390 1534 eam
1405 1506 1432 1533 in
1447 1506 1502 1534 siti.

1080 1542 1115 1570 Et
1129 1540 1245 1569 ﬁliorum
1257 1541 1329 1569 illius
1345 1550 1398 1569 non
1415 1542 1581 1569 miserebor:

1085 1580 1087 1583 '
1115 1576 1242 1612 quoniam
1256 1576 1302 1604 ﬁlii
1315 1577 1522 1605 fornicationum
1538 1582 1611 1605 sunt.

1079 1613 1149 1648 Quia
1160 1612 1291 1648 fornicata
1303 1618 1345 1640 est
1358 1618 1445 1641 mater
1458 1620 1562 1647 eorum,

1116 1647 1227 1677 confusa
1242 1653 1357 1683 estquae
1370 1649 1496 1684 concepit
1507 1656 1554 1676 cos
1572 1657 1578 1675 :

1079 1685 1148 1720 Quia
1164 1684 1232 1711 dixit
1248 1692 1254 1710 :
1270 1684 1371 1712 Vadam
1389 1689 1450 1719 post
1465 1689 1600 1712 amatores
1610 1691 1698 1719 meos,

1040 1738 1064 1770 Ο
1116 1720 1161 1770 qui
1173 1720 1239 1747 dant
1254 1727 1338 1755 panes
1352 1721 1428 1770 mihi,
1441 1725 1469 1749 et
1479 1728 1562 1756 aquas
1574 1727 1658 1753 meas,

1116 1757 1205 1785 lanam
1219 1762 1318 1789 meam,
1330 1761 1357 1784 et
1372 1757 1458 1784 linum
1474 1764 1577 1789 meum,

1119 1792 1213 1827 oleum
1222 1798 1324 1824 meum,
1337 1796 1365 1819 et
1381 1797 1472 1827 potum
1486 1799 1588 1819 meum.

1080 1829 1194 1863 PrOpter
1208 1826 1259 1868 hoc
1272 1835 1336 1855 ecce
1348 1826 1398 1861 ego
1409 1828 1512 1868 sepiam
1525 1828 1595 1855 viam
1608 1832 1681 1856 tuam
1699 1827 1796 1864 spinis,

1118 1869 1145 1892 et
1160 1865 1264 1897 sepiatn
1273 1870 1332 1890 eam
1347 1865 1474 1896 maceria,

1118 1904 1145 1927 et
1156 1898 1269 1926 semitas
1283 1906 1346 1926 suas
1359 1907 1411 1927 non
1424 1899 1554 1927 inveniet.

1083 1936 1117 1964 Et
1132 1939 1261 1970 sequetur
1271 1939 1407 1963 amatores
1417 1943 1491 1970 suos,
1506 1940 1534 1962 et
1547 1942 1600 1972 non
1610 1936 1798 1972 apprehendet
1809 1943 1858 1965 eos
1873 1946 1879 1963 :

1119 1976 1145 1998 et
1158 1974 1263 2005 quzcret
1278 1978 1336 2004 eos,
1357 1976 1383 1999 et
1398 1979 1451 1999 non
1467 1971 1596 2005 inveniet,

1118 2011 1147 2033 et
1157 2006 1228 2033 dicet
1245 2014 1252 2033 :

1086 2042 1197 2074 Vadam,
1214 2046 1241 2069 et
1252 2047 1375 2070 revertar
1388 2042 1421 2070 ad
1436 2042 1523 2070 virum
1539 2050 1628 2070 meum
1648 2043 1766 2076 priorem
1784 2052 1792 2071 :

1138 2078 1180 2104 uia
1192 2077 1260 2105 bene
1275 2078 1340 2106 mihi
1356 2083 1415 2106 erat
1429 2084 1490 2105 tunc
1505 2080 1589 2112 magis
1605 2087 1684 2112 quam
1703 2088 1786 2107 nunc.

1119 2086 1180 2140 qluta
1192 2086 1260 2105 nene
1275 2086 1340 2106 muu
1356 2086 1415 2106 erat
1429 2086 1490 2105 tunc
1505 2086 1589 2112 magis
1605 2087 1684 2112 quam
1703 2088 1786 2107 nunc.

1084 2114 1117 2141 Et
1145 2114 1383 2149 aecnescivit,quia
1393 2122 1443 2149 ego
1457 2114 1518 2141 (ιιιιΙί
1530 2114 1553 2141 ei
1567 2115 1730 2141 frumentum
1745 2121 1770 2142 et
1784 2115 1878 2142 vinum

1118 2154 1147 2177 et
1162 2149 1265 2182 oleum,
1281 2154 1308 2176 et
1322 2156 1462 2184 argentum
1484 2151 1657 2185 multiplicari
1677 2151 1712 2183 ci,
1730 2155 1756 2178 et
1771 2159 1882 2184 aurum,

1155 2192 1216 2219 qua:
1230 2185 1349 2213 fecerunt
1364 2186 1438 2213 Baal.

1084 2220 1187 2248 Idcirco
1201 2225 1343 2257 convertar
1357 2221 1411 2257 [ΑΙ.
1426 2221 1568 2257 revertar],

1119 2261 1146 2284 et
1161 2263 1265 2284 sumam
1278 2256 1441 2285 frumentum
1454 2256 1583 2286 meum’in
1597 2263 1718 2294 tempore
1727 2265 1788 2291 suo,
1801 2262 1827 2286 et
1842 2257 1884 2286 vi-

1156 2300 1219 2319 num
1236 2299 1326 2320 meum
1342 2294 1367 2320 in
1379 2297 1500 2328 tempore
1514 2301 1574 2327 suo,

1120 2332 1145 2355 et
1161 2328 1284 2366 liberabo
1295 2328 1384 2366 Ianum
1397 2337 1486 2366 meam
1499 2334 1527 2357 et
1537 2330 1621 2359 linum
1630 2337 1733 2365 meum,
1749 2337 1808 2365 qua:
1819 2337 1885 2366 ope-

1155 2364 1262 2391 riebant
1275 2364 1448 2398 ignominiam
1463 2365 1531 2400 ejus.

1085 2399 1116 2427 Et
1133 2407 1205 2438 nunc
1221 2400 1347 2428 revclabo
1362 2399 1503 2429 stultitiam
1519 2401 1578 2438 ejus
1586 2401 1614 2430 in
1631 2401 1717 2430 oculis
1728 2405 1881 2430 amatorum

1041 2436 1070 2467 D
1134 2436 1235 2471 _ejus:

1082 2539 1226 2575 amplcxati
1259 2542 1340 2573 sunt,
1366 2539 1406 2566 his
1433 2539 1569 2574 praecipue
1598 2538 1882 2575 argumentisrquod

1079 2574 1183 2604 tamdiu
1208 2575 1258 2602 sub
1277 2576 1317 2602 IIIS
1343 2575 1452 2610 regibus
1466 2576 1643 2610 prophetasse
1660 2574 1758 2602 Oscam
1772 2574 1884 2602 minime

1083 2611 1192 2648 probari
1206 2610 1292 2646 possit
1306 2619 1311 2636 :
1328 2610 1427 2648 deinde
1441 2611 1580 2648 quodsth
1592 2619 1688 2648 regum
1703 2611 1771 2648 Iuda
1785 2611 1882 2648 nomie

1083 2646 1174 2677 nibus,
1196 2648 1247 2674 sub
1262 2654 1377 2681 quorum
1392 2647 1577 2674 dontinatione
1590 2646 1650 2681 ipse
1663 2654 1718 2674 non
1735 2646 1797 2678 fuit,
1809 2647 1880 2674 haud

1084 2683 1215 2711 credibile
1229 2683 1265 2709 sit
1282 2682 1356 2709 illum
1371 2689 1434 2709 suas
1448 2681 1604 2717 prophetias
1622 2682 1795 2716 inscripsisse
1810 2691 1816 2708 :
1835 2682 1881 2709 dc-

1085 2720 1166 2755 nique
1181 2718 1250 2753 quod
1264 2723 1379 2755 quatuor
1393 2719 1437 2745 isti
1445 2718 1577 2755 versiculi
1590 2717 1675 2755 facile
1693 2717 1775 2746 totius
1790 2718 1881 2755 operis

1086 2752 1228 2783 duodecim
1241 2752 1432 2787 prophetarum
1445 2754 1543 2781 lemma
1554 2753 1699 2781 videantur
1712 2763 1718 2781 :
1732 2752 1803 2788 qttod
1816 2761 1881 2780 vero

1082 2793 1216 2826 sequitur,
1234 2789 1399 2826 Principium
1414 2790 1545 2824 loquendi,
1563 2790 1673 2826 proprie
1686 2790 1721 2826 sit
1738 2790 1881 2826 peculiaris

1080 2825 1149 2855 Usée
1173 2825 1320 2861 prophetia:
1351 2825 1468 2853 initium.
1492 2826 1584 2858 Adito,
1609 2826 1631 2853 si
1656 2825 1746 2858 Iubet,
1770 2825 1881 2853 criticos

1081 2869 1185 2891 SDCI’OS.

1115 2898 1129 2919 ι)
1144 2899 1236 2927 Cauon
1251 2897 1495 2933 San-German.,de
1512 2897 1588 2927 domo
1604 2897 1699 2927 Israel.
1718 2896 1807 2926 MART.
