2054 3180
173 137 243 167 1017

209 201 237 225 et
251 197 292 226 vir
300 204 353 226 non
366 201 446 226 eruet
458 204 517 226 eam
528 197 562 225 de
574 202 657 225 manu
672 202 734 223 mea
750 203 756 221 :

175 232 208 260 Et
221 240 331 262 cessare
344 234 440 262 faciam
453 241 534 261 omne
551 232 679 269 gaudium
691 231 760 269 ejus.

209 269 413 312 solemnitatem
432 269 507 306 ejus,
528 265 711 297 ncomeniam'
723 267 783 302 ejus
796 286 804 299 ,
826 265 969 294 sabbatum

245 313 315 341 ejus,

208 345 236 369 et
249 342 340 370 omnia
354 342 422 370 festa
436 346 557 377 tempora
572 341 641 376 ejus.

173 376 207 404 Et
218 385 390 414 corrumpam
405 375 512 406 vineam
526 375 596 414 ejus,
609 381 636 405 et
651 377 730 404 ﬁcum
745 375 804 411 ejus
818 383 825 402 :

209 413 243 441 de
257 412 354 449 quibus
366 414 433 442 dixit
451 421 457 441 :
475 412 614 441 Mercedes
629 414 670 440 ha:
685 420 754 440 mea;
769 416 845 446 sunt,

208 456 275 484 quas
289 450 423 478 dederunt
435 449 501 477 mihi
515 454 651 477 amatores
665 449 717 476 mei
731 456 738 475 :

174 484 207 512 Et
219 493 317 520 ponam
337 491 350 505 ι
365 494 395 528 ea
406 485 462 549 [AL
474 484 546 521 eam]
560 485 587 512 in
598 485 708 526 saltum,

209 525 238 549 et
249 522 372 549 comedet
385 522 403 549 II
416 530 429 549 a
444 521 497 549 [ΑΙ.
515 520 586 549 eam]
601 521 685 548 bestia
700 529 708 547 ί

209 525 238 549 et
249 522 372 551 comedet
385 520 429 549 illa
444 521 497 558 [AL
515 520 586 558 eam]
597 520 685 558 bestia
700 520 767 556 agri.

174 557 208 585 Et
220 558 336 587 visitabo
355 565 437 592 super
446 555 507 585 eam
522 555 586 585 dies
596 556 710 591 Baalim,
722 555 826 591 quibus
837 555 970 584 accende—

244 594 290 622 bat
305 595 458 626 incensum,

208 635 236 658 et
251 631 399 659 ornabatur
413 630 508 657 inaure
518 636 577 663 sua,
590 632 618 656 et
633 628 729 656 manili
740 635 800 661 suo,

208 670 236 694 et
249 666 304 694 ibat
317 670 377 701 post
388 669 522 693 amatores
534 672 598 693 suos
608 686 616 699 ,
636 669 664 692 et
679 665 733 692 mei
747 663 968 697 obliviscebatur,

245 702 312 730 dicit
327 702 459 730 Dominus
472 710 478 729 :
498 710 501 718 τ

173 738 288 773 Propter
302 738 365 773 hoc,
377 745 440 766 ecce
451 744 501 773 ego
512 736 618 765 laetabo
629 744 701 771 eam,
717 740 744 765 et
754 736 850 764 ducam
864 743 924 764 eam
941 736 968 764 in

245 773 417 802 solitudinem
436 783 442 801 :

208 814 237 837 et
250 809 347 845 10quar
359 810 393 837 ad
409 816 456 837 cor
468 808 537 845 ejus.

175 845 209 873 Et
222 843 294 873 dabo
308 846 332 873 ei
344 846 473 874 vinitores
484 843 546 880 ejus
556 851 591 872 ex
603 844 698 872 eodem
711 843 784 877 loco,

210 887 236 909 et
253 882 350 910 vallem
365 881 456 909 Achor
466 881 498 909 ad
512 880 687 915 aperiendam
699 888 786 914 spem,

173 917 208 944 Et
220 922 301 946 canet
314 917 351 945 ibi
363 918 439 953 juxta
453 917 511 953 dies
525 916 678 953 iuventutis
689 923 755 949 suae,

208 958 237 981 et
248 953 325 988 juxta
341 951 399 982 dies
409 952 576 980 ascensionis
590 959 647 979 sute
663 951 697 979 de
709 956 782 980 terra
796 951 904 988 Egypti.

174 987 209 1016 Et
222 989 276 1016 erit
289 989 315 1017 in
326 989 371 1017 die
386 990 444 1021 illa.
459 989 496 1015 ait
509 988 641 1016 Dominus
657 996 664 1015 :

211 1025 319 1052 vocabit
334 1032 378 1053 me
393 1033 400 1052 :
417 1024 465 1052 Vir
478 1031 554 1051 mens
569 1032 577 1050 :

210 1065 237 1089 et
252 1068 306 1088 non
320 1061 427 1088 vocabit
442 1067 485 1088 me
499 1060 581 1093 ultra,
593 1058 607 1078 ιι
622 1059 708 1086 Baali.

173 1095 207 1123 Et
220 1096 339 1125 auferam
355 1097 465 1132 nomina
478 1095 580 1125 Baalim
595 1095 629 1122 de
640 1102 688 1132 ore
699 1095 768 1132 ejus.

209 1137 237 1160 et
253 1140 306 1160 non
320 1132 508 1161 recordabitur
520 1132 591 1159 ultra
607 1131 722 1158 nominis
733 1138 841 1158 eorum.

173 1167 208 1195 Et
219 1169 369 1202 percutiam
386 1169 426 1196 eis
438 1167 525 1195 foedus
538 1168 563 1194 in
579 1167 622 1194 die
633 1167 691 1200 illa,

208 1211 270 1232 cum
286 1204 372 1232 bestia
383 1205 451 1240 agri,
464 1208 492 1240 et
504 1210 566 1230 cum
580 1202 693 1231 volucre
707 1202 779 1234 cceli,

280 1245 307 1268 ct
321 1248 383 1268 cum
397 1239 485 1275 reptili
500 1244 580 1267 terra:
595 1247 602 1267 :

173 1274 208 1303 Et
221 1283 325 1309 arcum,
340 1280 367 1304 et
380 1275 510 1310 gladium,
525 1278 552 1302 et
567 1274 666 1303 bellum
682 1278 821 1303 conteram
836 1274 870 1302 de
884 1277 967 1308 terra,

245 1316 273 1339 et
286 1312 303 1339 d
316 1311 405 1339 ~rmire
418 1319 466 1339 eos
479 1311 573 1338 faciam
586 1311 759 1338 ﬁducialiter.

171 1346 206 1374 Et
220 1348 356 1382 sponsabo
371 1353 397 1375 te
412 1347 479 1374 mihi
493 1347 521 1374 in
536 1347 732 1380 sempiternum
747 1355 752 1372 :

208 1389 236 1410 et
249 1383 386 1418 sponsabo
401 1388 426 1411 te
443 1382 509 1410 mihi
524 1383 550 1409 in
566 1382 710 1417 justitiam,
725 1386 750 1409 et
763 1382 876 1417 judicio,

207 1424 236 1447 et
247 1418 275 1446 in
291 1419 489 1450 misericordia,
502 1423 529 1446 et
542 1418 761 1446 miserationibus
774 1427 780 1445 :

169 1455 205 1482 Et
215 1455 352 1489 sponsabo
366 1458 393 1483 te
408 1454 473 1482 mihi
489 1454 514 1481 in
532 1454 584 1481 tlde
599 1463 604 1480 :

206 1495 233 1517 et
247 1491 317 1519 scies
331 1491 393 1525 quia
409 1497 459 1525 ego
471 1491 611 1518 Dominus.

170 1525 203 1553 Et
218 1526 270 1554 erit
282 1527 307 1554 in
323 1526 366 1554 die
382 1527 447 1554 illa:

169 1561 332 1595 Exaudiant,
349 1562 416 1590 dicit
429 1561 570 1596 Dominus,
587 1561 731 1590 exaudiam
744 1561 840 1597 ccelos,

205 1602 232 1625 et
248 1598 287 1626 illi
303 1598 449 1626 exandient
464 1603 574 1626 terram.

170 1632 205 1660 Et
220 1637 293 1661 terra
305 1634 431 1662 exaudiet
446 1634 574 1667 triticum,
590 1637 618 1661 et
634 1633 736 1668 vinum,
752 1637 780 1662 et
793 1634 883 1662 oleum
901 1642 908 1661 :

205 1674 232 1697 et
245 1670 303 1698 haec
319 1669 465 1698 exaudient
474 1670 591 1697 Jezrael.

168 1704 203 1732 Et
218 1706 359 1733 seminabo
374 1713 433 1733 eam
448 1704 512 1732 mihi
526 1705 552 1732 in
566 1711 648 1739 terra,
780 1723 782 1726 τ

205 1745 233 1767 et
246 1740 397 1769 miserebor
408 1741 478 1776 ejus.
495 1749 555 1775 quae
567 1741 616 1769 fuit
628 1741 731 1776 absque
745 1740 944 1769 misericordia.

171 1776 204 1803 Et
217 1776 306 1804 dicam
321 1785 374 1804 non
387 1777 484 1811 populo
497 1784 558 1804 meo
576 1787 581 1804 :
594 1777 713 1812 Populus
728 1785 806 1805 meus
816 1784 846 1805 es
863 1781 891 1804 tu
905 1785 911 1803 :

205 1816 233 1839 et
247 1812 305 1846 ipse
319 1813 392 1840 dicet
406 1822 412 1839 :
428 1814 497 1840 Deus
513 1820 589 1840 meus
605 1821 634 1841 es
650 1819 687 1840 tu.

168 1847 318 1884 [Cap.rlll.]
336 1849 367 1875 Et
379 1848 447 1876 dixit
459 1848 589 1876 Dominus
602 1849 635 1876 ad
647 1856 709 1876 me:

205 1883 301 1912 Adhuc
312 1884 390 1917 vade,
406 1888 434 1912 et
445 1884 529 1919 dilige
542 1885 686 1912 mulierem
700 1884 826 1918 dilectam
838 1883 927 1912 amico
939 1887 967 1912 et

240 1920 390 1947 adulteram
406 1929 413 1946 :

207 1955 276 1983 sicut
290 1956 378 1991 diligit
390 1955 519 1983 Dominus
534 1955 604 1984 ﬁlios
620 1955 715 1989 Israel,

203 1995 231 2018 et
244 1992 294 2025 ipsi
308 1992 457 2027 respiciunt
469 1992 502 2019 ad
516 1991 582 2019 deos
596 1992 709 2026 alienos,
722 1995 751 2020 et
761 1991 963 2027 diliguntvina-

238 2027 279 2055 cia
296 2036 418 2060 uvarum,

167 2062 199 2089 Et
219 2062 272 2091 l'odi
284 2070 343 2091 eam
359 2064 424 2091 mihi
438 2063 593 2099 quindecim
604 2062 750 2099 argenteis,

203 2102 231 2126 et
242 2107 307 2127 coro
318 2099 422 2134 hordei,
437 2104 465 2127 et
476 2099 586 2128 dimidio
600 2107 664 2127 coro
679 2099 786 2129 hordei.

168 2134 202 2161 Et
216 2134 270 2163 dixi
284 2135 318 2163 ad
329 2143 387 2163 eam
403 2144 409 2162 :

169 2170 230 2198 Dies
245 2171 343 2198 multos
356 2171 525 2206 exspectabis
541 2179 583 2198 me
600 2180 607 2197 :

204 2214 258 2233 non
275 2206 464 2240 fornicaberis,
476 2212 504 2235 et
517 2215 570 2234 non
583 2207 637 2235 eris
654 2206 712 2234 viro
725 2216 731 2234 :

204 2242 251 2269 sed
266 2247 293 2269 et
303 2250 354 2277 ego
367 2243 529 2277 exspectabo
544 2248 580 2270 te.

168 2277 235 2310 Quia
251 2277 308 2318 dies
329 2278 429 2318 multos
450 2278 584 2306 sedebunt
599 2278 646 2305 ﬁlii
662 2277 745 2306 Israel
765 2278 823 2306 sine
839 2285 919 2314 rege,
936 2282 966 2306 et

239 2313 298 2339 sine
311 2313 443 2348 principe,

202 2351 229 2376 et
239 2348 298 2376 sine
310 2350 452 2381 sacriﬁcio,
468 2353 494 2376 et
508 2349 567 2377 sine
584 2354 595 2369 ο
611 2349 710 2383 altari,

202 2388 230 2412 et
246 2384 304 2412 sine
318 2385 417 2419 ephod,
433 2389 459 2412 et
474 2385 534 2412 sine
547 2385 712 2419 theraphim.

167 2419 200 2447 Et
213 2424 274 2457 post
290 2420 348 2448 lure
357 2425 530 2457 revertentur
544 2420 591 2447 ﬁlii
606 2421 700 2457 Israel,
723 2426 750 2449 et
765 2426 886 2457 quaarent
905 2421 961 2450 D0-

239 2455 341 2484 minum
354 2456 438 2484 Deum
449 2464 540 2490 suum,
555 2456 636 2484 David
651 2465 742 2493 regem
757 2455 852 2485 suum:

201 2562 214 2577 ιι
223 2557 261 2585 Eo
272 2558 353 2595 modo
362 2558 520 2595 lcgitCanon
532 2558 796 2587 San-Germanensis
802 2560 962 2595 castigatus:

164 2593 210 2621 alii
225 2601 291 2621 mss.
308 2593 409 2622 habent
424 2594 594 2628 femininum,
609 2603 666 2622 eam
680 2596 706 2622 in
720 2596 824 2628 saltum,
841 2593 964 2624 et'come-

165 2630 207 2656 det
221 2638 289 2662 eam,
305 2634 359 2658 etc.
377 2631 467 2658 MART.

201 2665 214 2684 1³
227 2665 280 2703 Pro
291 2665 368 2703 Bauli
380 2667 492 2703 legimus
504 2666 530 2693 in
545 2666 672 2694 omnibus
683 2674 748 2694 mss.
761 2667 962 2703 BaaIim;quod

165 2702 346 2738 exscriptores
362 2702 398 2729 ita
411 2702 596 2738 depravarunt
612 2707 722 2738 propter
735 2702 959 2738 imperitiamrlin-

165 2745 224 2772 gum
252 2737 402 2765 Hebraicm.
424 2737 499 2765 Bauli
527 2739 597 2766 enim
614 2737 816 2772 interpretatur
841 2740 962 2767 dominus

165 2781 247 2804 incus,
264 2780 322 2807 seu,
337 2774 374 2800 vir
389 2782 476 2807 meus;
491 2774 579 2803 idest.
597 2774 690 2802 habens
702 2783 742 2801 me
756 2783 765 2802 :
781 2774 885 2802 Baalim
897 2783 961 2804 vero

165 2816 265 2836 nomen
279 2814 320 2837 est
334 2810 540 2837 daemoniorum.
554 2810 645 2838 Man.

204 2850 216 2883 ξ
231 2845 302 2883 sane
318 2846 569 2883 perquam‘crudite
584 2847 763 2882 Hieronymus
779 2847 804 2874 in
828 2854 877 2875 suo
896 2847 961 2883 legit

167 2879 284 2907 Ilebraio
300 2879 457 2917 exemplari
474 2885 553 2911 nam
574 2890 622 2917 pro
644 2879 693 2915 ea;
717 2891 776 2917 quae
793 2891 866 2911 nunc
888 2879 959 2911 obti-

168 2921 224 2950 net,
236 2916 371 2945 simillima
388 2922 469 2953 atque
483 2916 638 2946 carunutcm
649 2926 716 2954 pene
727 2919 879 2948 litterarum
891 2927 958 2949 voce

781 136 884 166 LIBER
903 136 1221 174 OSEE,PROPIIET1E.

1747 140 1818 171 1018

1057 200 1085 227 et
1095 195 1276 233 pavebuntad
1288 196 1442 231 Dominum;
1455 200 1482 225 et
1491 196 1524 224 ad
1536 197 1636 226 bonum
1646 197 1715 233 ejus,
1728 199 1756 227 in
1767 205 1817 227 no-
1830 196 1836 197 7

1100 233 1211 260 vissimo
1222 231 1336 260 dierum.

1024 267 1099 303 [ϐαρ.
1115 268 1171 303 ιν]
1188 267 1286 295 Audite
1302 267 1414 296 verbum
1426 268 1547 302 Domini,
1559 269 1606 297 ﬁlii
1620 269 1712 303 Israel,
1727 268 1729 271 ’

1058 304 1120 338 quia
1130 303 1261 338 judicium
1278 304 1395 331 Domino
1407 312 1466 331 cum
1481 304 1679 333 habitatoribus
1695 310 1792 333 terrm:

1022 338 1080 366 Non
1095 345 1137 366 cst
1147 340 1219 367 enim
1232 340 1343 376 veritas,
1359 345 1386 367 et
1403 348 1455 367 non
1471 345 1512 368 est
1527 341 1724 376 misericordia,
1768 372 1771 376 ,

1058 379 1085 402 et
1098 383 1151 403 non
1165 380 1205 403 est
1218 375 1330 410 scientia
1345 375 1391 402 Dei
1403 375 1429 403 in
1443 381 1524 404 terra.

1022 410 1202 443 Maledictum,
1214 416 1242 438 et
1252 410 1435 446 mendacium,
1445 416 1472 439 et
1483 412 1669 447 homicidium,
1679 417 1705 441 et
1714 413 1814 441 furtum

1093 450 1121 475 et
1131 447 1292 475 adulterium
1308 446 1404 474 inunda
1411 453 1518 483 verunt,

1057 486 1085 511 et
1099 483 1209 518 sanguis
1224 483 1381 517 sanguinem
1402 483 1498 519 tetigit.

1022 518 1136 554 Propter
1147 518 1199 547 hoc
1212 519 1313 554 lugebit
1328 523 1411 553 terra,

1057 559 1085 592 et
1097 554 1278 592 inﬁrmabitur
1290 555 1378 592 omnis
1390 555 1435 592 qui
1450 555 1553 585 habitat
1563 557 1589 584 in
1602 564 1645 592 ea,

1058 590 1084 618 in
1097 590 1185 619 bestia
1199 591 1265 626 agri,
1277 595 1304 619 et
1315 591 1341 618 in
1352 590 1461 619 volucre
1475 593 1535 620 cceli
1549 602 1554 619 :

1057 627 1105 654 sed
1120 631 1147 655 et
1161 627 1249 662 pisces
1260 626 1343 655 maris
1352 628 1598 663 congregabuntur.

1022 662 1217 690 Verumtamen
1229 663 1415 698 unusquisque
1423 662 1476 692 non
1489 664 1591 699 judicet
1604 673 1612 693 :

1056 703 1084 726 et
1095 706 1148 727 non
1164 703 1291 734 arguatur
1306 700 1347 727 vir
1359 708 1366 726 :

1022 734 1140 769 Populus
1154 734 1225 762 enim
1242 739 1314 767 tuus,

1057 770 1127 798 sicut
1147 771 1184 804 hi,
1198 771 1243 805 qui
1259 770 1451 799 contradicunt
1462 771 1608 800 sacerdoti.

1057 806 1137 834 etiam
1150 806 1282 841 propheta
1298 812 1384 835 tecum
1398 815 1404 833 :

1021 841 1055 869 Et
1069 849 1181 869 corrues
1196 842 1286 879 hodie,
1300 847 1329 879 ct
1339 847 1450 870 corruet
1461 843 1543 871 etiam
1556 843 1690 879 propheta
1701 847 1791 872 tecum
1803 851 1810 871 :

1058 882 1137 905 nocte
1149 882 1241 906 tacere
1255 878 1306 906 feci
1319 884 1433 908 matrem
1449 883 1534 907 tuam.

984 900 1008 932 Β
1021 900 1388 948 οοὶὶῖἷὲιῖίὶἶόῥῦιίἷέἓπίἒιέἕ,

1058 956 1091 976 eo
1106 949 1177 984 quod
1189 956 1242 976 non
1258 949 1380 977 habuerit
1394 949 1535 979 scientiam
1553 958 1560 977 :

1021 983 1089 1017 Quia
1096 988 1123 1012 tu
1130 985 1411 1024 scientiamrepulisti,
1419 985 1548 1024 repellam
1555 989 1580 1014 te
1586 985 1734 1022 [ALadtLet
1740 986 1815 1024 ego],

1057 1027 1090 1047 ne
1104 1020 1256 1048 sacerdotio
1268 1020 1387 1056 fungaris
1396 1020 1462 1050 mihi
1477 1031 1485 1050 :

1021 1055 1054 1083 Et
1069 1056 1153 1083 oblita
1163 1063 1193 1084 es
1206 1056 1274 1091 legis
1285 1055 1331 1085 Dei
1347 1058 1395 1091 tui,

1056 1091 1202 1131 obliviscar
1213 1092 1329 1131 ﬁliorum
1345 1098 1451 1122 tuorum
1464 1098 1491 1122 et
1502 1102 1564 1131 ego.

1020 1126 1175 1155 Secundum
1190 1128 1391 1157 multitudinem
1404 1138 1510 1163 eorum,

1056 1163 1096 1191 sic
1111 1169 1290 1198 peccaverunt
1304 1165 1370 1192 mihi
1383 1174 1389 1192 :

1055 1199 1168 1234 gloriam
1185 1207 1278 1236 eorum
1293 1200 1319 1227 in
1332 1200 1508 1236 ignominiam
1519 1201 1702 1231 commulabo.

1020 1233 1133 1262 Peccata
1151 1235 1241 1270 populi
1256 1236 1307 1264 mei
1319 1233 1472 1270 eo'medent,

1055 1275 1082 1298 et
1093 1271 1126 1298 ad
1141 1270 1309 1306 iniquitatem
1333 1280 1428 1300 eorum
1445 1273 1626 1302 sublevabunt
1641 1273 1746 1302 animas
1766 1280 1814 1301 eo-

1092 1314 1161 1334 rum.

1019 1341 1052 1369 Et
1066 1342 1118 1379 erit
1132 1343 1202 1379 sicut
1218 1343 1342 1379 populus,

1055 1378 1095 1406 sic
1108 1378 1236 1406 sacerdos
1252 1387 1258 1406 :

1020 1412 1054 1440 Et
1068 1414 1183 1453 visitabo
1197 1421 1279 1453 super
1291 1424 1352 1453 eum
1363 1417 1422 1446 vias
1432 1417 1501 1453 ejus,

1055 1454 1081 1476 et
1096 1450 1276 1487 cogitationes
1291 1452 1349 1487 ejus
1364 1450 1475 1483 reddam
1489 1450 1525 1481 ei.

1018 1484 1053 1512 Et
1068 1484 1222 1519 comedent,

1055 1526 1081 1548 et
1093 1529 1148 1549 non
1160 1524 1353 1553 saturabuntur
1367 1533 1375 1552 :

1019 1556 1155 1585 Fornicati
1170 1564 1242 1593 sunt,

1055 1598 1082 1620 et
1096 1602 1148 1620 non
1167 1600 1343 1624 cessaverunt
1358 1605 1364 1623 ε

1056 1630 1181 1692 (μιὲῃίηὲι
1205 1631 1350 1660 Dominum
1367 1632 1569 1668 dereliquerunt
1590 1631 1619 1659 in
1642 1637 1696 1659 non
1722 1633 1814 1659 custo-

1112 1673 1154 1692 ten
1177 1674 1201 1692 0.

1112 1673 1201 1693 lentIO.

1019 1700 1183 1737 Eornicatio,
1201 1708 1228 1729 et
1240 1703 1342 1737 vinum,
1356 1708 1383 1732 et
1396 1704 1515 1733 ebrietas
1529 1704 1617 1731 aufert
1628 1709 1685 1731 cor.

1019 1736 1138 1776 Populus
1149 1745 1225 1776 meus
1237 1739 1264 1776 in
1280 1736 1353 1775 ligno
1368 1748 1417 1768 suo
1434 1739 1620 1776 interrogavit,

1055 1773 1204 1812 ct‘bucultts
1219 1774 1277 1812 ejus
1298 1773 1468 1804 annuntiavit
1483 1777 1508 1804 ci
1521 1785 1527 1802 :

1019 1807 1135 1847 Spiritus
1151 1810 1223 1847 enim
1234 1807 1445 1839 iornicationum
1461 1811 1570 1847 decepit
1582 1817 1640 1844 eos,

1054 1848 1080 1870 et
1094 1844 1216 1872 fornicati
1232 1851 1292 1874 sunt
1305 1855 1318 1874 a
1337 1847 1392 1875 Deo
1405 1855 1464 1875 suo.

1018 1879 1106 1913 Super
1117 1881 1203 1914 capita
1217 1882 1350 1910 montium
1367 1883 1564 1917 sacriﬁcabant,

1055 1920 1083 1955 ct
1099 1922 1182 1950 super
1196 1918 1281 1945 colles
1296 1919 1482 1947 accendebant
1495 1919 1646 1955 thymiama
1659 1927 1665 1945 ε

1017 1951 1117 1989 Subtus
1131 1959 1272 1989 quercum,
1286 1960 1313 1982 et
1327 1956 1467 1989 populum,
1482 1960 1509 1983 et
1524 1951 1719 1986 terebinthum,

1052 1987 1115 2025 quia
1132 1987 1202 2025 bona
1215 1995 1273 2017 erat
1287 1987 1382 2018 umbra
1393 1987 1474 2025 ejus:

1017 2022 1082 2050 Ideo
1093 2022 1298 2053 fornieahnntur
1308 2026 1370 2054 ﬁlia:
1382 2022 1492 2061 vestrae,

1054 2062 1081 2085 et
1091 2066 1199 2093 sponsae
1213 2065 1310 2089 vestrae
1321 2062 1452 2090 adulterae
1463 2066 1552 2090 erunt.

1017 2093 1076 2121 Non
1090 2095 1205 2122 \‘tsitabo
1225 2105 1307 2133 super
1322 2098 1391 2125 tilias
1406 2103 1512 2126 vestras
1535 2104 1596 2125 cum
1613 2096 1714 2124 fuerint
1730 2094 1814 2123 forni-

1089 2136 1167 2164 catae,

1053 2170 1079 2193 et
1093 2172 1174 2204 super
1185 2176 1298 2204 sponsas
1312 2174 1418 2197 vestras
1431 2177 1491 2196 cum
1506 2166 1730 2204 adulteraverint.

1017 2200 1150 2234 Quoniam
1167 2200 1215 2239 ipsi
1231 2213 1291 2232 cum
1308 2205 1497 2232 meretricibus
1512 2203 1703 2237 versabantur,

1053 2242 1080 2263 8|-
1093 2244 1156 2264 0um
1170 2239 1330 2268 eﬁ'eminatis
1342 2240 1540 2272 sacriﬁcabant,

1053 2276 1081 2311 et
1096 2275 1208 2311 populus
1220 2283 1273 2302 non
1286 2276 1439 2311 intelligens
1453 2275 1599 2311 vapulabit.

977 2305 1003 2335 D
1017 2307 1045 2336 Si
1063 2305 1206 2338 fornicaris
1221 2315 1260 2343 tu,
1276 2311 1369 2344 Israel,

1053 2344 1262 2382 nonjdelinquat
1276 2347 1372 2375 saltem
1387 2347 1455 2375 .luda
1470 2356 1476 2375 :

1017 2379 1051 2406 Et
1063 2379 1148 2408 nolite
1159 2379 1264 2416 ingredi
1276 2383 1302 2410 in
1317 2383 1438 2418 Calgala,

1053 2419 1079 2442 et
1094 2423 1128 2443 ne
1142 2418 1320 2446 ascenderitis
1335 2420 1360 2447 in
1376 2419 1545 2452 Beth-Aven,

1053 2458 1139 2486 neque
1150 2453 1305 2488 juraveritis
1320 2463 1328 2483 :
1346 2455 1415 2483 Vivit
1429 2455 1567 2484 Dominus.

1016 2564 1106 2592 nam.
1131 2560 1235 2596 Nempe
1252 2561 1298 2590 illa
1311 2561 1394 2589 altare
1415 2559 1566 2596 signiﬁcat,
1584 2564 1642 2596 quo
1654 2559 1728 2596 ut_et
1747 2555 1812 2584 reli-

1016 2598 1077 2634 quis
1101 2605 1173 2624 vera:
1194 2592 1351 2634 Religionis?
1367 2592 1554 2634 instrumentis
1575 2594 1620 2622 diu
1643 2592 1813 2634 multumque

1017 2632 1145 2661 Hebraeos
1157 2632 1303 2671 carituros,
1320 2632 1514 2671 ad__prophet:_e
1529 2635 1646 2671 mentem
1657 2649 1664 2661 ,
1677 2632 1813 2671 totiusque

1015 2671 1161 2696 contexum
1179 2670 1333 2706 prophetiae
1347 2668 1444 2696 dicitur
1458 2677 1464 2693 :
1480 2667 1579 2706 altera,
1593 2667 1661 2706 sive,
1677 2668 1757 2695 nam
1770 2671 1814 2705 so-

1016 2708 1062 2731 nat
1073 2701 1187 2731 statuani
1199 2701 1252 2740 quo
1260 2705 1390 2740 vocabulo
1403 2707 1511 2731 notatur
1526 2701 1687 2740 idololatriae
1703 2701 1810 2740 excrci-

1015 2740 1081 2767 tium
1098 2749 1104 2767 :
1119 2737 1214 2775 neque
1223 2748 1303 2775 porro
1316 2739 1428 2768 credere
1445 2746 1493 2773 par
1508 2737 1706 2775 est,»falsorum
1723 2737 1812 2775 numi-

1015 2783 1078 2802 num
1100 2770 1326 2813 desu'etudinemj
1353 2775 1430 2813 quasi
1446 2770 1644 2813 gravissimum
1663 2770 1810 2813 quoddam

1014 2812 1179 2839 Calamitatis
1193 2820 1292 2846 genus,
1310 2804 1473 2844 Pro'phetatn
1491 2804 1733 2846 populo_minitari.
1748 2804 1809 2846 Qte-

1014 2851 1101 2875 tcrum
1119 2853 1147 2876 et
1165 2840 1237 2875 LXX
1257 2840 1322 2875 ante
1342 2840 1537 2882 Hieronymum
1554 2843 1650 2871 eodem
1666 2846 1746 2878 atque
1762 2840 1809 2869 ille

1013 2883 1094 2912 modo
1108 2884 1231 2920 legerant
1246 2891 1306 2913 cum
1325 2886 1433 2913 vertunt
1447 2881 1645 2919 θυσιαστηρίου.
