2025 3178
130 196 267 232 Ephraim
287 196 316 224 in
330 196 439 231 populis
454 197 512 231 ipse
523 195 753 224 commiscebatur
766 204 772 222 :

166 233 306 267 Epitraim
325 233 413 261 factus
434 238 476 261 est
491 232 690 261 subclnericius
715 231 807 266 panis,
825 231 872 267 qui
889 233 942 260 lion

208 275 386 296 I'CVCI'SalIII'.

130 303 329 332 Comedcrunt
346 305 426 332 alicui
439 304 522 332 robur
539 303 610 339 ejus,
626 308 653 331 et
669 303 726 339 ipSc
740 304 872 331 nescivit:

169 340 219 367 sed
232 344 262 367 et
275 342 341 368 cini
354 340 432 368 effusi
445 341 544 368 suntin
556 348 600 372 eo,
615 344 642 366 et
654 340 710 373 ipse
725 339 871 374 ignoravit.

130 375 164 403 EI
181 375 384 404 ltumiliabilnr
395 376 520 411 superbia
537 376 617 402 lsra'el
633 375 660 402 in
677 375 745 402 facie
759 375 818 408 ejus
832 383 839 402 :

167 419 221 439 nec
238 412 352 439 rerersi
367 411 473 440 suntad
486 411 629 439 Dominum
644 411 728 438 Deum
746 418 836 444 suum,

167 452 196 474 cl.
213 455 270 474 non
283 447 456 482 quaesierunt
470 453 531 474 cum
546 447 572 474 in
590 447 716 473 omnibus
728 446 782 473 bis.

129 483 164 511 Et
181 483 276 510 factus
295 481 346 511 'cst
364 483 491 518 Epltraim
511 483 588 519 quasi
612 482 737 510 columba
753 481 864 509 seducta
889 486 943 510 non

204 519 323 546 habens
339 527 386 547 cor
402 528 408 546 :

167 554 327 591 {Egyptum
344 554 515 591 invocabant,

167 591 203 617 ad
222 591 358 626 Assyrios
371 590 508 618 abierunt.

130 625 245 654 Etcum
261 624 382 661 profecti
405 626 522 657 fuerint,
547 624 701 660 expandam‘
718 630 799 661 super
822 631 870 653 eos
882 629 943 654 rete

205 670 305 689 meum
321 671 327 689 ἴ

166 700 249 733 quasi
269 698 413 725 volucrem
430 697 491 725 coeli
506 696 648 733 detraham
668 703 725 730 eos,

165 735 278 761 caedam
294 739 345 760 cos
360 733 508 761 secundum
525 732 690 759 auditionem
707 736 795 760 eteius
806 737 910 761 eorum.

129 768 179 797 Van
193 770 249 802 eis,
267 769 403 803 quoniam
417 772 588 796 recesserunt
602 775 615 794 τι
636 774 697 795 me:

163 806 370 838 vastabunlnr,
384 805 446 839 quia
461 804 633 840 prxvaricali
650 808 712 832 sunt
727 804 754 831 ili
768 811 812 832 me
826 812 833 831 :

161 846 191 868 et
206 848 261 876 ego
280 840 388 868 rcdettti
403 848 450 867 eos
463 848 469 866 τ

164 881 193 904 ct
209 877 264 911 ipsi
281 877 367 904 loculi
384 880 447 902 sunt
456 880 551 903 contra
566 882 610 903 me
625 876 776 903 mendacia.

129 912 164 940 Et
180 920 238 940 non
260 913 454 940 (-lamavet'tlnl
470 912 502 938 ad
517 919 560 938 me
574 911 600 938 in
613 912 696 947 corde
708 918 770 944 suo,

168 948 219 976 sed
238 947 386 975 ululabant
401 950 426 975 in
441 947 575 975 cubilibus
590 947 665 975 suis:

167 992 256 1018 super
272 984 395 1011 triticum
410 989 438 1011 et
457 983 548 1010 viuum
565 983 753 1016 ruminabant,
768 985 942 1010 recesserunt

203 1027 220 1047 a
236 1027 295 1047 me.

131 1055 166 1083 Et
182 1063 237 1091 ego
248 1054 359 1084 erndivi
375 1062 433 1089 eos,
450 1058 476 1082 et
489 1052 639 1083 confertavi
655 1054 767 1082 brachia
777 1060 872 1083 earnm
886 1063 893 1081 :

165 1096 193 1119 et
207 1092 235 1118 in
253 1099 302 1118 me
318 1091 505 1126 cogitaverunt
518 1090 659 1117 malitiam.

131 1126 251 1154 Iteversi
269 1131 346 1160 sunt,
362 1132 390 1154 ut
403 1130 495 1154 essent
508 1127 611 1160 absque
623 1126 707 1161 iugo:

167 1163 234 1190 tacti
253 1167 321 1191 sunt
331 1163 408 1197 quasi
422 1168 502 1189 arcus
516 1162 628 1189 dolosus
642 1170 649 1188 :

131 1197 241 1226 Cadent
261 1200 288 1225 iu
304 1198 396 1234 gladio
408 1198 546 1233 principes
559 1202 670 1230 eorum,
694 1197 709 1224 tt
731 1197 823 1225 furore
843 1197 941 1233 lingua:

205 1242 278 1261 SINE.

131 1269 186 1297 Ista
202 1271 386 1298 subsannatio
402 1277 497 1298 eorum
512 1269 538 1297 in
555 1273 625 1296 terra
641 1269 761 1305 Egypti.

130 1305 210 1341 [Cap.
231 1306 317 1342 Vlll.]
330 1307 356 1334 In
370 1308 477 1340 gutture
490 1309 535 1332 tuo
553 1305 583 1332 iit
594 1307 655 1333 tuba
667 1306 744 1341 quasi
755 1304 846 1340 aquila
858 1308 941 1340 super

206 1342 322 1369 domum
338 1342 442 1369 Domini
455 1350 462 1368 :

170 1385 223 1409 pro
234 1385 270 1405 eo
282 1378 353 1413 quod
368 1377 529 1412 transgressi
545 1380 609 1404 sunt
623 1376 712 1405 ftedus
729 1379 834 1411 meum;

160 1418 189 1440 et
206 1413 298 1447 legem
315 1421 402 1441 meatn
419 1413 592 1449 praevarlc'all
605 1417 679 1441 sunt.

131 1448 174 1475 Me
193 1449 387 1477 iuvombunt:

168 1484 247 1513 Deux
263 1492 349 1517 utens,
366 1485 540 1520 cognovimus
555 1489 591 1517 te,
604 1482 699 1512 Israel.

130 1519 257 1555 Pt'ojecit
272 1519 353 1547 Israel
369 1519 479 1551 bonum.

169 1555 303 1583 inimicus
315 1558 493 1591 persequetur
509 1559 583 1583 eum.

131 1590 190 1625 ipsi
208 1590 410 1625 regnaverunt;
421 1597 447 1619 et
464 1591 518 1618 non
543 1598 576 1617 ex
592 1598 653 1618 me:

170 1627 315 1662 principes
326 1628 499 1659 exstiterunt,
516 1632 542 1654 et
557 1634 610 1662 non
628 1626 758 1662 cognovi:

129 1657 290 1696 Ar'gentut'n
307 1670 384 1689 stntm
399 1668 427 1691 et
440 1657 535 1690 altrum
549 1659 628 1691 suum
644 1657 766 1690 fevcerunt
781 1657 832 1690 sibi
854 1660 935 1697 idola,

208 1703 241 1724 tlt
257 1698 397 1727 interirent
412 1708 418 1726 ε

131 1731 282 1767 Projectns
296 1739 336 1761 est
351 1735 448 1762 vitulus
460 1739 520 1762 tuus
534 1730 666 1768 Samaria,

171 1769 261 1796 iratus
277 1775 316 1797 est
334 1770 409 1797 furor
425 1779 501 1798 meus
517 1770 543 1797 iu
559 1776 606 1797 cos
618 1774 641 1799 ⁸.

173 1804 321 1841 Usquequo
337 1814 387 1832 non
406 1809 533 1841 poterunt
548 1806 710 1834 emundari?

132 1839 204 1873 Quia
222 1839 254 1867 cx
275 1841 357 1868 Israel
374 1839 472 1876 ct'ipse
487 1846 543 1875 est;

170 1875 271 1904 artifex
284 1876 348 1904 fecit
360 1875 447 1913 illuni,
464 1881 558 1905 etnon
573 1882 615 1904 est
629 1878 721 1905 Deus:

170 1913 302 1947 quoniam
319 1913 345 1939 in
360 1916 521 1940 aranearum
535 1913 603 1941 telas
618 1914 670 1941 erit
681 1914 783 1941 vitulus
794 1914 935 1942 Samaria).

134 1946 205 1980 Quia
222 1953 331 1975 ventttm
347 1949 531 1980 seminabunt,
547 1952 575 1976 et
590 1949 726 1976 turbinem
744 1954 846 1977 melent
861 1958 867 1976 :

171 1984 279 2045 culmus
292 1988 369 2011 stans
386 1993 392 2012 :
411 1992 465 2012 non
480 1989 522 2012 est
537 1984 563 2012 ill
585 1992 618 2013 eo
640 1993 764 2020 germen,
788 1993 842 2014 non
857 1985 938 2014 faciet

219 2025 333 2045 artnam.

219 2025 333 2047 arinam.

171 2056 244 2089 quod
263 2055 285 2083 εἰ
302 2059 329 2082 et
345 2054 452 2089 fecerit,
470 2055 550 2083 alieni
567 2056 709 2084 comedent
724 2063 795 2084 eam.

138 2088 289 2118 Devoratus
302 2096 343 2119 est
359 2088 466 2119 Israel:

170 2133 244 2189 nugc
265 2127 352 2155 factus
368 2132 410 2155 est
427 2128 453 2155 in
469 2128 626 2157 nationibus
641 2128 718 2165 quasi
745 2135 792 2157 vas
816 2127 935 2156 immun-

229 2171 283 2189 um.

229 2171 283 2190 um.

134 2196 202 2230 Quia
220 2199 271 2232 ipsi
288 2199 468 2227 ascenderunt
483 2200 515 2227 ad
532 2200 629 2232 Assur,

171 2241 275 2269 onager
290 2237 428 2262 solitarius
441 2235 491 2263 sibi
506 2244 512 2262 :

137 2267 266 2303 Epitraint
283 2272 393 2298 munera
409 2271 543 2298 dederunt
558 2270 737 2299 amaturibus.

756 132 858 167 Lluuu
878 132 967 167 osus
987 132 1195 168 Moenum.

1730 138 1799 168 I022

959 190 985 229 Α
1034 196 1215 224 immolabant
1231 202 1339 228 rarucs,
1352 200 1378 223 ct
1393 196 1535 225 comedent
1551 205 1558 224 :

1036 232 1167 259 Dominus
1182 240 1235 259 non
1252 233 1383 267 suscipiet
1398 240 1455 259 eas.

996 267 1073 295 Nunc
1098 268 1287 296 recordabitur
1310 268 1458 304 iniquitatis
1482 275 1597 303 eorum,
1624 273 1652 297 et
1677 267 1798 296 visitabit

1070 309 1178 337 peccata
1195 312 1288 331 eorum
1305 314 1311 330 :

1034 339 1083 376 ipsi
1096 339 1138 376 ad
1152 339 1299 376 Egyplum
1314 340 1519 376 convertentur;

999 374 1033 402 Et
1057 374 1158 438 olb’Iti’tgs
1178 374 1221 403 est
1244 375 1328 404 lsrael
1352 374 1462 404 factoris
1477 376 1531 410 sui,
1549 380 1576 403 et
1589 376 1733 404 :ediiicavit
1747 376 1797 404 de-

1080 419 1086 436 l
1117 420 1128 437 I‘
1160 419 1166 438 ἶ

1080 413 1146 438 libra
1160 419 1166 438 :

1032 451 1059 473 et
1079 447 1161 474 Judns
1178 447 1365 482 multiplicavit
1379 449 1461 477 urbes
1480 448 1599 476 munitas
1615 456 1623 475 :

997 481 1030 509 Et
1045 483 1149 521 mittam
1162 481 1291 521 igncmlin
1310 482 1439 521 civitates
1454 484 1525 521 ejus,

1031 521 1058 545 et
1072 518 1213 550 deyorabit
1226 519 1298 546 mdes
1313 518 1395 550 illius.

996 552 1070 590 [ουρ.
1085 548 1226 617 (liquati
1246 554 1348 589 lzctari,
1372 548 1472 591 Israel,
1490 555 1551 583 noli
1568 555 1709 583 exsultare
1727 554 1796 583 sicut

1068 598 1082 617 ι)
1102 598 1136 617 nu
1151 598 1156 616 I
1172 598 1179 617 :

1068 597 1156 625 populi
1172 598 1179 620 ξ

1030 626 1091 658 quia
1109 626 1257 653 fornicatus
1273 630 1303 654 es
1318 634 1332 654 a
1350 627 1405 655 Delo
1418 630 1480 661 tuo,

1030 661 1150 688 dilexisti
1167 662 1318 690 mercedem
1335 671 1417 698 super
1428 667 1523 691 omnes
1538 669 1617 691 areas
1630 661 1713 690 tritici
1727 670 1735 689 :

994 696 1064 724 Area
1079 699 1106 724 et
1121 698 1241 725 larcular
1256 706 1308 725 non
1324 696 1417 734 pas—ret
1430 706 1489 733 eos,

1029 736 1057 759 et
1068 733 1159 759 vinum
1173 733 1383 763 mentietur’eis.

995 767 1054 794 Non
1070 768 1229 796 babitabunt
1241 770 1266 796 in
1284 776 1354 797 terra
1368 771 1494 798 Domini:

1031 812 1155 842 reversus
1169 809 1212 842 est
1229 805 1355 839 prraim
1371 806 1396 834 in
1412 805 1569 842 Egyptum,

1029 845 1056 866 et
1072 839 1097 866 in
1114 840 1234 876 Assyriis
1250 841 1386 875 pollutum
1399 839 1527 870 collicdil.

955 894 978 926 ll
993 873 1744 926 "‘1".19:2EPI‘L‘ZREE“"3.XT‘L'P:.f'.PEI‘.P!iSfb““‘°i
1763 886 1772 906 -'

1031 911 1164 949 sacrificia
1177 918 1282 949 eorum,
1301 914 1377 948 quasi
1392 915 1468 947 panis
1483 911 1644 949 ingentium.

993 945 1104 986 Omnes,
1120 947 1165 986 qui
1186 945 1331 977 comedent
1345 945 1400 985 [.41.
1423 945 1579 986 comedunt]
1602 954 1678 984 eum;
1693 953 1788 978 conta-

1066 981 1258 1011 minabunlur:

992 1018 1058 1051 Quia
1076 1020 1153 1056 panis
1165 1027 1261 1056 eorum
1276 1020 1373 1048 anima:
1391 1021 1525 1056 ipsorum,
1665 1054 1667 1056 _

1028 1055 1207 1093 non_intrabit_
1218 1055 1272 1093 Mi.
1291 1055 1441 1093 intrabunt]
1455 1058 1481 1085 in
1497 1057 1607 1085 domum
1620 1055 1736 1084 Domini.

992 1089 1061 1126 Quid
1079 1090 1184 1118 facietis
1201 1089 1227 1117 in
1242 1092 1286 1119 die
1301 1093 1429 1126 splemni,

1028 1125 1054 1152 in
1069 1126 1112 1152 die
1123 1126 1278 1154 feSIivitatis
1292 1128 1418 1155 Domini?

993 1161 1061 1188 Ecce
1076 1162 1148 1188 enim
1165 1162 1277 1196 profecti
1292 1168 1354 1190 sunt
1366 1171 1378 1190 a
1391 1162 1535 1191 vastitate:

1028 1196 1161 1232 Egyptus
1171 1199 1346 1234 congregabit
1361 1207 1419 1234 eos,

993 1232 1127 1266 Memphis
1141 1233 1257 1267 sepeliet
1272 1232 1336 1261 eos:

993 1267 1178 1296 Desiderabilc
1190 1273 1329 1304 argentum
1341 1276 1435 1298 eorum
1448 1268 1533 1297 urtica
1550 1268 1735 1303 btereditabit,

1030 1304 1106 1339 lappa
1125 1304 1151 1331 in
1167 1305 1349 1333 tabernaculis
1363 1308 1468 1334 eorum.

991 1339 1132 1381 Venerunt
1155 1340 1214 1369 dies
1235 1341 1408 1375 visitatiouis,
1431 1344 1566 1369 venerunt
1590 1339 1650 1368 dies
1673 1341 1790 1368 retribu-

1066 1376 1147 1403 tionis
1159 1383 1166 1402 :

1027 1411 1222 1474 scitotellsrtltel
1236 1412 1349 1440 stultum
1364 1413 1536 1450 prophetam,
1559 1413 1685 1441 insanum
1702 1413 1791 1441 virum

1064 1455 1133 1474 SDII‘I
1149 1455 1180 1474 ua
1194 1456 1250 1474 em.

1064 1447 1250 1482 spiritualem,

1027 1490 1138 1520 propter
1153 1484 1353 1512 multitudinem
1373 1483 1524 1520 iniquitatis
1540 1482 1604 1518 tuas,
1621 1487 1649 1512 et
1668 1484 1791 1513 multitu-

1063 1519 1154 1547 dinem
1166 1521 1303 1547 amentiae.

953 1586 974 1591 '_
991 1553 1152 1590 Speculator
1167 1555 1296 1589 Epitraim
1311 1560 1374 1583 cum
1390 1555 1446 1582 Deo
1460 1562 1520 1582 meo
1534 1563 1541 1583 :

1029 1591 1160 1626 propheta
1174 1588 1285 1625 laqueus
1300 1592 1384 1619 ruina-
1398 1591 1484 1618 factus
1496 1592 1538 1618 est
1551 1590 1604 1627 [ΑΙ.
1622 1588 1688 1618 tacet
1703 1590 1789 1618 factus

1064 1627 1116 1668 est]
1129 1634 1211 1668 super
1226 1633 1325 1668 omnes
1336 1627 1392 1668 vius
1407 1627 1486 1662 e1bs,t

1029 1662 1132 1689 insania
1144 1663 1169 1689 in
1185 1663 1266 1690 domo
1279 1663 1325 1690 Dei
1336 1663 1405 1698 ejus.

990 1697 1129 1725 Profunde
1146 1702 1337 1732 peccaverunt,
1352 1699 1421 1726 sicut
1432 1698 1458 1726 in
1470 1698 1565 1727 diebus
1577 1698 1667 1726 Gabaa
1680 1705 1688 1724 :

1027 1733 1215 1761 recordabitur
1236 1733 1386 1769 iniquitatis
1408 1742 1513 1767 eorum,
1536 1740 1564 1763 et
1585 1734 1704 1762 visitabit
1726 1740 1789 1769 pec-

1062 1775 1120 1796 cata
1137 1775 1243 1797 eorum.

990 1804 1073 1839 Quasi
1087 1809 1151 1832 uvas
1166 1805 1193 1832 ill
1206 1805 1317 1833 deserto
1333 1804 1423 1833 iuveni
1435 1805 1516 1833 Israel
1530 1813 1537 1831 :

1024 1840 1101 1876 quasi
1116 1842 1201 1875 pritna
1217 1849 1295 1875 poma
1313 1841 1436 1869 ficulnea:
1451 1842 1477 1869 in
1491 1840 1632 1869 cacumine
1644 1840 1715 1875 eius,
1732 1838 1787 1868 vidi

1062 1880 1153 1911 patres
1164 1884 1258 1904 COI‘UIII
1274 1885 1279 1903 Ξ

990 1911 1042 1947 Ipsi
1062 1908 1155 1948 autem
1178 1913 1347 1940 intraverunt
1369 1908 1402 1939 ad
1425 1911 1622 1948 Beel-Pbegor,
1636 1914 1664 1939 et
1686 1910 1790 1939 abalie-

1061 1947 1117 1975 nati
1131 1953 1195 1975 suut
1209 1949 1235 1976 in
1251 1948 1451 1980 confusionem,

1024 1990 1051 2019 et
1061 1984 1122 2011 facti
1137 1988 1200 2011 sunt
1210 1984 1409 2012 abominabiles
1423 1985 1494 2013 sicut
1502 1991 1533 2011 ea
1545 1991 1605 2019 qua:
1617 1983 1788 2011 dilexerunt.

989 2014 1118 2054 Ephraim
1134 2020 1211 2054 quasi
1228 2018 1284 2046 avis
1300 2020 1429 2051 avolavit,

1023 2056 1109 2090 gloria
1124 2062 1219 2083 eorum
1231 2062 1245 2081 a
1263 2059 1351 2090 partu,
1365 2060 1393 2083 et
1405 2056 1438 2082 ab
1450 2059 1538 2088 utero,
1551 2059 1578 2082 et
1593 2061 1609 2081 a
1622 2059 1767 2089 conceptu;

986 2090 1066 2126 Quod
1082 2092 1104 2117 'si
1121 2093 1148 2118 et
1163 2091 1328 2119 enlltrierint
1343 2092 1412 2119 filios
1426 2097 1502 2122 suos,

1023 2127 1128 2162 absque
1140 2126 1233 2155 liberis
1246 2135 1293 2163 eos
1308 2127 1405 2154 faciam
1423 2127 1450 2154 in
1467 2124 1639 2163 hominibus:

1022 2163 1069 2190 sed
1082 2160 1113 2190 et
1125 2170 1164 2190 va:
1178 2163 1229 2195 eis,
1243 2160 1303 2190 cum
1321 2169 1462 2190 recessero
1476 2161 1510 2188 ab
1519 2160 1559 2187 eis
1571 2168 1576 2185 :

988 2197 1127 2233 Epitraim,
1148 2201 1179 2225 nt
1198 2199 1264 2231 vidi,
1285 2198 1374 2234 Tyrus
1395 2201 1455 2225 erat
1476 2195 1588 2224 fundata
1613 2195 1640 2222 in
1663 2195 1785 2230 pulchri-

1060 2235 1168 2261 tudine:

1021 2275 1048 2297 et
1065 2270 1192 2305 Ephruim
1207 2268 1306 2297 educet
1319 2268 1353 2296 ad
1368 2267 1575 2296 interfectorem
1588 2265 1658 2295 filios
1670 2273 1748 2295 suos.

169 2292 774 2343 suisaltuosa;summittat.
792 2305 933 2334 conduxe-
949 2292 973 2322 υ
987 2292 1231 2343 Βαίὲίξξῇιῇἦέὶιξζ

205 2341 280 2379 runt]
297 2343 434 2376 nationes,
453 2350 523 2370 nunc
534 2341 787 2379 congregabo'eos:

169 2379 196 2404 et
211 2377 353 2413 quiescent
367 2378 505 2414 paulisper
519 2378 553 2406 ab
571 2377 654 2406 onere
676 2379 747 2414 regis
758 2399 765 2412 ,
788 2381 815 2406 et
830 2377 929 2413 princi:

226 2421 280 2440 IllII.

134 2420 548 2493 ρυβλίιλιῗπῗῃῗιιιῖῑιιεὶαᾳνῖιχΕρΜ-ξιίῃι
560 2449 660 2493 altaria
676 2450 708 2477 ad
725 2449 903 2486 peccandum,

170 2484 248 2511 factae
263 2484 325 2513 sunt
339 2488 363 2514 ei
380 2487 432 2514 arr’c
446 2484 473 2513 in
488 2486 626 2514 delictum.

133 2518 256 2547 Scribam
270 2521 296 2548 ci
312 2521 475 2558 multiplices
491 2522 564 2558 leges
580 2522 666 2558 meas,

168 2563 231 2594 quin
246 2556 431 2594 velutalicna:
442 2556 605 2594 computata:
618 2557 672 2594 [ΑΙ.
689 2556 799 2594 putata]
813 2561 886 2584 sunt.

135 2589 244 2619 Hostias
259 2592 273 2611 δ
288 2593 413 2630 aﬂ‘erent,

169 2661 250 2701 f_M_s_._
266 2662 402 2701 codex,_in
414 2663 462 2701 eis,
479 2662 526 2690 sed
543 2667 727 2701 corrtlptetut
741 2670 774 2690 ex
788 2668 929 2691 commen-

135 2697 439 2735 tariisrliieronymianis
454 2705 558 2726 certum
574 2702 671 2735 exstat.
689 2700 778 2735 illam.

166 2731 180 2769 ξ’
201 2734 286 2762 Aliter
313 2731 409 2767 plures
427 2742 493 2762 mss.
522 2735 557 2762 lbi
587 2734 696 2769 legunt:
716 2734 823 2761 Hostias
848 2734 924 2768 affer,

134 2766 215 2803 alfer;
224 2766 392 2797 immolabant
403 2779 503 2804 carnes,
513 2775 565 2799 etc.
577 2766 662 2804 Qtfant
675 2766 924 2805 interpretationem

132 2809 163 2842 ex
181 2805 300 2842 ilebraro
325 2810 422 2840 unum,
449 2807 508 2834 sine
529 2807 634 2842 punctis
655 2805 793 2833 vocalibus
817 2812 925 2839 sumpto

132 2838 245 2877 derivari
263 2842 327 2869 nihil
343 2838 427 2869 vetat.
439 2843 524 2870 Porro
531 2838 677 2870 lectionem
691 2842 845 2876 bujusmodi
855 2850 925 2877 pra:-

132 2873 219 2904 fernnt
243 2884 329 2905 Canon
345 2879 621 2912 Sail-Gerlnanensis,
646 2873 733 2905 codei
749 2873 923 2906 Corbcitutsis

134 2916 159 2939 n.
172 2912 199 2948 ὅ,
216 2912 245 2942 S.
261 2913 390 2943 Gel-man.
404 2922 432 2944 tt.
445 2914 462 2942 2
474 2919 502 2945 et
518 2916 560 2951 10,
572 2917 600 2944 et
611 2914 785 2943 Colbertinus
798 2913 926 2943 Anicieu-

1021 2341 1090 2374 Quid
1105 2341 1183 2368 dabis
1199 2339 1260 2368 eisi

986 2376 1023 2403 lia
1038 2379 1078 2404 eis
1095 2376 1199 2403 tulvaut
1219 2382 1229 2395 υ
1244 2375 1305 2404 sine
1320 2374 1424 2409 liberis,

1021 2417 1048 2439 et
1060 2411 1141 2440 ubera
1158 2412 1273 2440 arentia.

983 2447 1085 2476 Omnes
1100 2448 1228 2484 nequitia:
1240 2454 1340 2484 eorum
1350 2447 1376 2474 in
1391 2445 1497 2482 Galgal,

1020 2484 1082 2519 quia
1098 2484 1136 2512 ibi
1151 2486 1251 2511 etOsos
1262 2483 1342 2510 ltabui
1355 2489 1421 2510 eos:

983 2515 1099 2556 Propter
1124 2519 1256 2556 malitiam
1277 2518 1502 2547 adinventiouum
1518 2522 1625 2550 eorum,
1649 2515 1684 2544 de
1706 2516 1788 2545 domo

1060 2563 1119 2583 mea
1133 2554 1240 2591 ejiciam
1251 2562 1298 2583 eos
1310 2564 1316 2582 :

1024 2599 1078 2619 non
1091 2592 1201 2626 addam,
1214 2595 1245 2619 ut
1259 2591 1369 2627 diligam
1380 2597 1439 2623 eos,

982 2662 1021 2690 sis
1037 2663 1120 2696 prima
1138 2669 1230 2689 manu.
1246 2661 1299 2689 Alii
1315 2662 1407 2697 legunt
1417 2664 1447 2688 ut
1459 2668 1508 2688 nos
1522 2660 1675 2697 posuimus.
1694 2661 1786 2689 Mur.

1019 2703 1030 2717 ο
1044 2698 1214 2733 Exeulplaria
1228 2698 1348 2725 Canonis
1367 2697 1502 2732 duplicem
1520 2697 1641 2733 ejusdem
1664 2697 1787 2725 Hebrlca:

982 2734 1057 2762 vocis
1079 2734 1199 2761 Latinam
1215 2734 1315 2760 habent
1331 2733 1596 2768 interpretationem.
1614 2732 1656 2759 Da
1680 2733 1715 2759 eis
1729 2733 1786 2759 tmt-

978 2778 1035 2797 t'ant
1054 2770 1169 2797 sterilem
1182 2769 1239 2797 sine
1250 2769 1348 2802 liberis,
1361 2773 1415 2796 etc.
1431 2769 1539 2797 Sterilis
1554 2770 1626 2796 enim
1643 2768 1735 2801 vulva,
1758 2772 1786 2795 et

979 2806 1128 2843 vulvasiue
1144 2805 1311 2843 liberissuut
1326 2812 1488 2843 synonyma.
1504 2804 1594 2843 Man-r.
1668 2838 1673 2843 .

1014 2841 1205 2876 —Perperam
1227 2841 1329 2875 aliquot
1353 2848 1435 2875 penes
1458 2841 1571 2868 Martian
1590 2846 1641 2866 ms.
1668 2841 1782 2876 interse-

978 2882 1051 2909 runt,
1060 2874 1181 2910 sterilem,
1190 2874 1324 2912 glossema
1334 2874 1525 2911 subsequentis
1536 2874 1781 2912 interpretationis,

978 2914 1033 2942 sine
1048 2913 1144 2948 liberis,
1158 2908 1239 2949 quam
1250 2913 1331 2942 unice
1344 2908 1432 2942 refert
1446 2912 1561 2941 Hebraea
1577 2918 1640 2946 vox,
1655 2908 1761 2941 bim.
1777 2920 1783 2946 ι
