4050 6356
249 282 392 355 ιω
897 267 902 273 ’
1447 281 1654 353 LIBER
1692 289 1867 355 osse
1904 276 2317 353 paeantem.
3402 279 3541 353 me

318 417 373 465 et
399 421 506 484 non
539 409 744 484 homo:
787 407 819 411 ’
850 408 865 422 ’
1864 415 1919 476 Α
2013 412 2366 484 feceruntque
2397 407 2502 484 sibi
2531 406 2811 484 conflatile
2841 407 2909 467 de
2936 408 3161 484 argento
3189 421 3290 469 suo

248 481 308 538 In
336 480 515 536 medio
544 481 621 553 tui
646 488 905 553 sanctus,
950 552 955 553 7
2016 484 2169 553 quasi
2196 480 2603 537 similitudinem
2636 481 2933 553 idolorum,

316 560 373 608 et
402 566 509 607 non
542 552 815 623 ingrediar
857 552 1155 611 civitatem.
2015 552 2217 610 factura
2246 554 2510 609 artificum
2540 562 2707 610 totum
2733 565 2834 611 est.

250 622 379 681 Post
406 622 695 697 Dominum
711 624 1091 697 ambulabunt,
1941 626 2035 697 His
2066 626 2164 697 ipsi
2192 626 2380 681 dicunt
2408 641 2420 677 :

317 694 468 766 quasi
498 696 585 751 leo
606 695 783 766 rugiet
809 713 823 752 :
1076 694 1083 696 ⁷
1938 694 2222 766 lmmolate
2254 706 2277 733 ιι
2313 696 2585 761 homines,
2616 696 2817 754 vitulos
2844 698 3154 756 adorantes.

248 765 377 836 Quia
401 767 536 839 ipse
564 765 741 835 rugiet
777 784 792 822 ε
1939 765 2148 825 Idcirco
2175 778 2337 825 erunt
2364 768 2517 838 quasi
2548 769 2721 826 nubes
2754 770 3040 839 matutina,

317 848 371 894 et
393 837 766 912 formidabunt
796 840 891 896 filii
924 842 1143 912 marisL
2017 851 2071 895 et
2094 841 2235 895 sicut
2262 856 2352 895 ros
2380 837 2677 912 matutinus
2710 837 3048 912 praeteriens,

249 909 316 966 Et
345 910 817 984 avolabuntquasi
845 912 960 984 avis
989 928 1056 968 ex
1081 909 1345 984 Egypto,
2010 912 2150 984 sicut
2176 912 2351 983 pulvis
2379 911 2609 984 turbine
2624 909 2808 981 raptus
2843 928 2909 969 ex
2940 928 3063 970 area
3084 956 3100 982 ,

315 990 372 1037 et
394 983 552 1055 quasi
583 982 834 1038 columba
866 983 935 1040 de
963 992 1106 1039 terra
1142 981 1493 1055 Assyriorum
1528 1000 1542 1038 :
1698 1054 1701 1055 7
1943 1053 1979 1055 Α
2012 990 2068 1038 et
2093 981 2232 1038 sicut
2264 984 2448 1038 fumus
2478 984 2547 1039 de
2585 981 2839 1041 fumario.

316 1061 374 1108 et
397 1054 683 1133 collocabo
712 1068 810 1133 eos
839 1056 890 1109 in
922 1056 1185 1133 domibus
1204 1053 1338 1133 suis,
1362 1055 1529 1133 dicit
1550 1054 1839 1133 Dominus.
1941 1053 2055 1126 Ego
2076 1066 2258 1111 autem
2281 1055 2543 1133 Dominus
2562 1055 2709 1133 Deus
2736 1065 2860 1113 tuus
2883 1055 2990 1129 [ΑΙ.
3019 1056 3148 1113 add.
3176 1056 3268 1131 qui
3288 1056 3447 1115 eduxi
3471 1056 3546 1133 te]

249 1122 722 1202 Circumdeditme
742 1126 795 1181 in
819 1127 1107 1202 negatione
1129 1128 1241 1200 [ΑΙ.
1265 1127 1391 1183 add.
1414 1127 1531 1199 sua]
1557 1126 1838 1199 Epltraim,
1990 1122 2011 1126 ⁷
2085 1143 2153 1202 e_x
2183 1136 2341 1202 terra
2357 1126 2577 1202 [Egypti
2604 1145 2615 1179 :

296 1205 370 1269 .et
396 1196 451 1251 in
482 1197 614 1253 dolo
645 1198 842 1254 domus
869 1196 1036 1254 Israel
1073 1217 1086 1253 :
1130 1196 1145 1200 ⁷
1516 1196 1531 1199 ⁷
1607 1196 1619 1199 ⁷
2014 1207 2069 1255 et
2097 1198 2264 1253 Deum
2293 1196 2495 1269 absque
2524 1213 2611 1253 me
2637 1199 2873 1267 nescies,

248 1266 409 1325 Judas
437 1277 623 1325 autem
657 1270 815 1341 testis
842 1269 1129 1341 descendit
1156 1285 1280 1326 cum
1312 1270 1447 1341 Deo,
2012 1281 2067 1326 et
2092 1272 2327 1326 salvator
2350 1266 2457 1326 non
2484 1280 2566 1326 est
2602 1281 2797 1339 praeter
2821 1266 2929 1327 me.

316 1350 370 1395 et
396 1355 523 1415 cuin
537 1342 759 1415 sanctis
782 1340 981 1415 fidelis.
1051 1413 1061 1415 7
1431 1340 1437 1341 ⁷
1941 1342 2058 1415 Ego
2086 1342 2315 1414 cognovi
2340 1352 2395 1415 te
2425 1342 2741 1415 indescrto,

250 1409 401 1483 (Cap.
457 1411 603 1484 ιιι]
631 1413 889 1483 prraim
917 1413 1089 1483 pascit
1118 1423 1366 1481 ventum,
1991 1409 2070 1469 'in
2101 1409 2244 1469 terra
2271 1414 2603 1469 solitudinis.

315 1494 370 1538 et
392 1484 646 1557 sequitur
673 1493 865 1557 aestum
897 1503 913 1539 :
1488 1555 1499 1557 7
1538 1556 1545 1557 7
1596 1556 1623 1557 77
1942 1485 2101 1543 Juxta
2132 1501 2328 1556 pascua
2361 1501 2457 1540 sua
2488 1485 2767 1557 adimpleti
2796 1497 2941 1557 sunt,

315 1500 370 1538 et
392 1500 646 1611 8830"!"
673 1500 865 1539 azswm
897 1503 913 1539 :
1942 1500 2101 1543 Juxta
2132 1501 2328 1556 pascua
2361 1501 2457 1540 sua
2488 1502 2515 1539 a

315 1563 445 1629 tota
500 1556 552 1611 ie
582 1556 925 1629 mendacium
964 1564 1021 1613 et
1051 1557 1359 1613 vastitatem
1392 1555 1720 1629 multiplicat
1752 1575 1765 1613 :
2015 1568 2071 1614 et
2096 1561 2319 1613 saturati
2350 1567 2515 1612 sunt:

250 1624 315 1681 Et
342 1626 521 1700 foedus
548 1643 673 1684 cum
706 1627 945 1700 {assyriis
973 1629 1109 1700 iniit,
1555 1624 1570 1629 ⁷
1944 1630 2011 1686 Ει
2038 1632 2353 1685 levaverunt
2378 1645 2475 1684 cor
2497 1645 2675 1699 suum,

316 1706 371 1771 et
390 1699 577 1771 oleum
606 1701 661 1755 in
686 1698 979 1771 JEgy‘ptum
1008 1699 1241 1757 ferebat.
2015 1711 2071 1757 et
2100 1702 2253 1756 obliti
2283 1711 2409 1757 sunt
2436 1701 2564 1756 mei.

247 1769 513 1866 Iudicium
540 1787 674 1855 ergo
710 1769 924 1866 Domini
952 1787 1076 1866 etim
1102 1772 1264 1841 Juda,
1866 1804 1917 1866 Β
1944 1774 2011 1830 Et
2034 1787 2129 1857 ero
2156 1774 2234 1828 eis
2263 1774 2427 1866 qjuasi
2451 1774 2644 1866 leaena2

316 1850 371 1897 et
400 1841 641 1917 visitatio
670 1857 834 1915 super
861 1841 1034 1901 Jacob
1066 1860 1080 1898 :
1866 1841 1917 1866 ³³
1960 1916 1969 1917 7
2012 1846 2156 1901 sicut
2185 1841 2383 1917 pardus
2416 1844 2467 1898 in
2502 1845 2587 1917 via
2617 1841 2990 1917 Assyriorum.

246 1910 407 1985 Juxta
435 1913 561 1971 vias
582 1915 701 1985 ejus
726 1910 754 1983 ,⁷
1941 1910 2236 1974 Occurrain
2268 1916 2348 1971 eis
2379 1915 2534 1985 quasi
2564 1931 2690 1972 ursa
2720 1910 2892 1984 raptis
2922 1914 3143 1983 catulis,

316 1992 372 2040 et
391 1984 551 2055 juxta
581 1984 996 2044 adinventiones
1017 1986 1135 2058 ejus
1162 1986 1357 2043 reddet
1383 1986 1453 2043 ei.
2016 1998 2071 2043 et
2098 1984 2433 2058 disrumpam
2465 1987 2728 2043 interiora
2752 1989 2955 2059 jeeoris
2975 2002 3167 2045 eorum
3198 2006 3211 2041 :

249 2055 303 2111 ln
332 2066 488 2130 utero
510 2059 884 2130 supplantavit
916 2055 1139 2116 fratrem
1170 2074 1327 2114 suum
1363 2077 1375 2113 :
1944 2060 2017 2118 Et
2044 2055 2358 2116 consumam
2389 2074 2484 2115 eos
2516 2059 2588 2114 ibi
2615 2055 2771 2129 quasi
2796 2060 2907 2127 leo,

316 2136 371 2203 et
401 2128 455 2183 in
478 2128 801 2203 fortitudine
827 2146 925 2188 sua
949 2130 1194 2188 directus
1222 2141 1305 2189 est
1326 2146 1450 2188 cum
1482 2130 1701 2203 angelo.
1950 2202 1953 2203 7
2017 2130 2187 2187 bestia
2224 2132 2335 2201 agri
2368 2130 2574 2203 scindet
2604 2128 2722 2200 ees,
2750 2186 2759 2200 ,

251 2198 314 2255 Et
344 2200 578 2275 invaluit
606 2202 674 2259 ad
704 2204 980 2275 angelum,
1556 2198 1581 2203 ⁷
1944 2202 2185 2260 Perditio
2225 2198 2535 2275 tua,7lsrael
2570 2219 2583 2255 :

317 2280 372 2327 et
400 2273 742 2331 confortatus
767 2273 850 2332 est
882 2293 895 2329 :
2018 2273 2395 2329 tantummodo
2423 2275 2475 2328 in
2503 2289 2592 2332 me
2621 2273 2881 2331 auxilium
2914 2284 3089 2331 tuum.

251 2341 443 2412 Flevit,
1946 2346 2050 2405 Ubi
2082 2357 2170 2401 est
2195 2361 2290 2401 rex
2318 2346 2481 2401 tuus?

320 2426 375 2491 et
404 2418 619 2491 rogavit
646 2434 768 2475 eum
799 2436 813 2474 :
840 2490 847 2491 7
2019 2418 2254 2491 maxime
2286 2433 2428 2491 nunc
2457 2417 2647 2491 salvet
2658 2426 2712 2491 te
2742 2415 2810 2491 in_
2821 2418 3077 2491 omnibus
3107 2417 3333 2478 urbibus
3361 2421 3489 2491 tuis,

318 2486 379 2543 In
404 2486 641 2546 Belli-El
669 2490 877 2548 invenit
906 2504 1029 2547 eum
1056 2532 1071 2557 ,
2024 2500 2080 2543 et
2098 2488 2309 2559 judices
2340 2490 2439 2553 tui,
2467 2488 2534 2543 de
2560 2489 2755 2559 quibus
2780 2488 2963 2543 dixisti
2998 2507 3011 2543 :

321 2568 378 2615 et
410 2561 486 2617 ibi
514 2561 728 2619 locutus
755 2572 838 2618 est
870 2561 1179 2631 nobiseum,
2020 2560 2099 2615 Da
2131 2558 2263 2614 mihi
2295 2574 2498 2629 regem,
2527 2558 2587 2614 et
2608 2560 2900 2630 principes.

254 2626 322 2683 Et
348 2632 615 2690 Dominus
635 2634 778 2691 Deus
800 2626 1175 2703 exercituum,
1950 2632 2100 2688 Dabo
2128 2631 2221 2703 tibi
2254 2626 2435 2701 regem
2456 2634 2521 2703 in
2551 2626 2735 2703 furore
2766 2626 2909 2697 meo,

328 2703 599 2777 Dominus
630 2706 950 2763 memoriale
976 2706 1119 2777 ejus.
1218 2776 1221 2777 7
1960 2775 1988 2777 77
2023 2715 2081 2777 et
2106 2702 2421 2777 auferamin
2450 2702 2831 2777 indignatione
2854 2718 2995 2759 mea.

256 2770 321 2828 Et
354 2783 409 2830 tu
433 2777 504 2833 ad
536 2776 708 2834 Deum
740 2788 888 2834 tuum
920 2770 1259 2834 converteris
1285 2793 1299 2829 :
1948 2775 2211 2845 Colligata
2242 2784 2325 2830 est
2351 2770 2607 2845 iniquitas
2638 2774 2913 2845 Epltraim,

326 2847 763 2906 misericordiam
791 2860 847 2907 et
868 2849 1131 2919 judicium
1160 2848 1397 2915 custodi,
2024 2846 2399 2902 absconditum
2433 2856 2709 2919 peceatum
2740 2846 2880 2915 ejus.

325 2928 380 2973 et
405 2935 565 2991 spera
596 2921 653 2976 in
681 2922 793 2978 Deo
822 2918 915 2977 tuo
941 2936 1162 2991 semper
1191 2938 1206 2974 :
1952 2919 2556 2991 Doloresparturientis
2583 2918 2800 2975 venient
2827 2920 2875 2974 ei
2902 2933 2917 2971 :

254 2988 555 3057 Chanaatn,
588 2995 642 3048 in
672 3008 834 3048 manu
860 2995 979 3062 ejus
1007 2988 1208 3048 statera
1236 2992 1447 3057 dolosa,
2023 2991 2141 3061 ipse
2169 2989 2315 3047 ﬁlius
2339 3005 2447 3047 non
2474 2991 2656 3061 sapies
2684 3008 2699 3046 :

326 3064 653 3119 calumniam
683 3065 895 3120 dilexit.
1066 3100 1067 3103 η
2025 3077 2167 3119 nunc
2196 3063 2342 3117 enim
2372 3078 2476 3117 non
2510 3063 2673 3118 stabit
2699 3062 2754 3117 in
2783 3062 3111 3121 contritione
3142 3062 3404 3120 filiorum.

254 3134 489 3207 Et7dixit
513 3134 766 3207 prraim
800 3154 814 3190 :
960 3204 973 3207 7
1889 3202 1919 3207 _
1952 3135 2032 3191 De
2062 3149 2224 3189 manu
2254 3134 2445 3207 mortis
2473 3133 2719 3189 liberabo
2748 3149 2863 3202 eos,

328 3202 715 3262 Verumtamen
745 3207 898 3262 dives
917 3204 1147 3263 eﬂeetus
1174 3220 1319 3272 sum,
1710 3256 1715 3257 ν
1832 3242 1839 3247 -
1876 3202 1922 3266 C
2024 3207 2091 3261 de
2122 3215 2296 3260 morte
2325 3205 2586 3261 redimam
2614 3220 2709 3260 eos
2743 3223 2754 3257 :

325 3277 512 3332 inveni
540 3277 743 3333 idolum
767 3276 899 3333 mihi
920 3296 941 3331 τ
1384 3318 1389 3321 -
1955 3278 2065 3334 Ero
2095 3291 2245 3332 mors
2277 3286 2387 3344 tua,
2416 3292 2449 3332 o
2476 3292 2651 3343 mors;

324 3350 530 3402 Omnes
554 3350 771 3404 labores
792 3349 899 3405 mei
2025 3365 2121 3404 ero
2150 3362 2364 3403 morsus
2406 3356 2547 3412 tuus,
2580 3348 2789 3405 inferne
2818 3366 2833 3404 :

329 3433 438 3474 non
463 3419 739 3491 invenient
767 3421 895 3475 mihi
924 3419 1283 3491 iniquitatem,
1303 3432 1464 3491 quam
1495 3418 1737 3491 peccavi.
1953 3420 2266 3476 Consolatio
2296 3420 2611 3491 abscondita
2637 3429 2721 3477 est
2745 3421 2812 3476 ab
2839 3421 3013 3477 oculis
3039 3420 3196 3480 meis.

256 3490 327 3548 Et
346 3505 465 3563 ego
481 3490 740 3548 Dominus
769 3492 911 3547 Deus
938 3489 1063 3548 tuus
1108 3491 1214 3563 [AL
1247 3489 1370 3545 add.
1398 3489 1581 3561 eduxi|
1611 3507 1679 3547 ex
1706 3499 1848 3547 terra
1954 3491 2088 3561 Quia
2124 3492 2236 3560 ipse
2268 3491 2405 3545 inter
2432 3490 2625 3547 fratres
2653 3492 2857 3548 dividet
2886 3510 2901 3549 :

400 3561 647 3637 Εεγριί,
833 3635 847 3637 _
913 3635 921 3637 7
1046 3634 1056 3637 _
1111 3561 1126 3563 ⁷
1185 3635 1195 3637 7
1340 3588 1347 3595 -
1432 3634 1464 3637 _7
2027 3563 2748 3637 adduceturentemventum
2768 3564 3109 3623 Dominusde
3126 3565 3549 3623 desertoascen-

261 3692 267 3698 ,
328 3634 723 3693 adhue'sedere
749 3645 805 3691 te
826 3635 1016 3691 faciam
1044 3634 1097 3690 in
1128 3634 1519 3705 tabernaculis,
2098 3634 2315 3691 dentem
2342 3652 2354 3687 :

328 3707 473 3763 sicut
495 3706 554 3763 in
581 3707 775 3765 diebus
794 3707 1119 3764 festivitatis.
1955 3708 2027 3765 Et
2050 3705 2275 3764 siccabit
2299 3721 2462 3762 venas
2482 3707 2620 3777 ejus,

259 3777 329 3835 Et
358 3778 573 3835 loeutus
600 3794 718 3835 sum
748 3794 912 3850 super
932 3778 1245 3849 prophetas,
2025 3788 2080 3836 et
2108 3777 2373 3834 desolabit
2404 3779 2605 3834 fontem
2632 3780 2775 3850 ejus,

329 3858 387 3905 et
405 3865 508 3925 ego
528 3852 791 3908 visionem
815 3851 1199 3925 multiplicari,
1268 3920 1301 3925 __
1958 3922 1974 3925 _
1992 3860 2081 3925 _et
2094 3850 2460 3925 ip§e_t_li7ri_piet
2474 3853 2782 3925 thesaurum
2796 3852 2973 3908 omnis
2989 3853 3135 3908 vasis
3150 3851 3550 3925 desiderabilis.

329 3931 386 3997 et
407 3920 461 3997 in
488 3938 650 3997 manu
674 3920 1068 3997 prophetarum
1094 3920 1429 3978 assimilatas
1457 3933 1603 3978 sum.
1958 3920 2108 3997 [Cap.
2143 3921 2306 3994 ΜΨ]
2334 3922 2528 3997 Pereat
2551 3923 2793 3997 §amaria
2814 3965 2829 3990 ,
2857 3926 3115 3993 quoniam
3141 3923 3211 3981 ad
3238 3925 3556 3983 amaritudi-

261 3991 318 4050 Si
340 3993 545 4051 Galaad
572 3991 813 4058 idolum]
1958 3991 1976 3997 ⁷
2054 3991 2063 3995 ’
2100 4009 2223 4050 nem
2240 3991 2529 4050 concitavit
2558 3994 2729 4051 Deum
2758 3991 2914 4054 suum
2942 4013 2959 4053 :

333 4077 512 4139 tamen
537 4064 645 4139 [AL
678 4063 830 4138 ergo]
856 4064 1053 4122 frustra
1076 4072 1233 4121 erant
1260 4064 1315 4119 in
1337 4063 1521 4135 Galgal
1550 4063 1725 4120 bobus
1747 4065 1850 4122 im-
2030 4065 2085 4120 In
2126 4066 2305 4139 gladio
2335 4064 2363 4105 δ
2396 4076 2642 4136 pereant,

400 4137 667 4195 molantes
696 4155 710 4193 :
749 4137 761 4138 ⁷
1431 4207 1436 4208 7
2026 4138 2232 4208 parvuli
2264 4151 2450 4193 eorum
2480 4138 2772 4206 elidantur,

330 4225 456 4265 nam
504 4219 560 4265 et
602 4210 791 4267 altaria
827 4223 1018 4267 eorum
1059 4209 1214 4279 quasi
1260 4207 1443 4265 acervi
1482 4222 1648 4279 super
1676 4208 1849 4267 fulcos
2025 4207 2079 4264 et
2107 4208 2231 4266 feta:
2262 4209 2378 4279 ejus
2408 4210 2796 4267 discindantur.

402 4280 540 4349 agri.
1953 4280 2307 4348 Convertere,
2340 4281 2524 4349 Israel,
2557 4283 2624 4337 ad
2658 4283 2943 4338 Dominum
2970 4281 3142 4338 Deum
3166 4289 3354 4338 tuum:

262 4351 412 4423 Fugit
433 4351 601 4411 Jacob
625 4355 677 4411 in
706 4352 1195 4425 regioneanyrize.
1962 4423 1979 4425 7
2026 4352 2567 4425 quoniamcorrnisti
2599 4356 2652 4408 in
2676 4354 2959 4425 iniquitate
2991 4362 3104 4409 tua.

328 4435 383 4481 et
409 4425 633 4483 servivit
657 4423 822 4482 Israel
858 4427 910 4480 in
935 4423 1125 4491 uxore,
1953 4423 2151 4481 Tollite
2182 4423 2462 4480 vobiscum
2505 4425 2690 4491 verba,

327 4507 380 4553 et
410 4500 466 4551 in
495 4514 661 4555 uxore
690 4498 949 4554 servavit.
2025 4507 2078 4550 et
2108 4496 2484 4551 converzimini
2516 4496 2580 4550 ad
2614 4496 2899 4550 Dominum
2936 4512 2947 4546 :

259 4565 317 4623 In
342 4568 603 4651 propheta
626 4579 810 4663 autem
832 4569 1022 4624 eduxit
1042 4568 1303 4663 Dominus
1322 4564 1483 4621 Israel
1497 4563 1564 4620 de
1576 4563 1843 4637 Egypto:
1876 4602 1931 4663 Β
1956 4566 2125 4623 Dicite
2155 4568 2205 4663 ei
2227 4586 2251 4663 I:
2284 4567 2507 4649 Omnem
2537 4565 3081 4663 auferliniquitatent,
3103 4565 3289 4636 accipe
3307 4565 3507 4622 bonum
3536 4581 3551 4621 :

328 4638 462 4713 etin
492 4641 751 4713 prepbeta
783 4649 1032 4696 servatus
1056 4646 1213 4713 est;
1258 4706 1273 4713 _
1363 4707 1374 4713 _
1458 4708 1469 4713 _
1691 4708 1701 4713 _
1787 4707 1821 4713 __
1876 4638 1930 4663 ν
1978 4712 1981 4713 7
2027 4650 2081 4694 et
2110 4639 2400 4713 reddemus
2423 4638 2619 4713 vitulos
2641 4638 2905 4693 labiorum
2940 4645 3267 4693 nostrorum.

260 4712 337 4767 Ad
364 4706 706 4770 iracundiam
727 4727 814 4768 me
838 4710 1154 4784 provocavit
1175 4706 1433 4779 prraim
1457 4708 1511 4763 in
1535 4707 1851 4764 amaritudi-
1958 4712 2128 4767 Assur
2155 4726 2261 4764 non
2292 4709 2519 4763 salvabit
2552 4724 2671 4773 nos,

398 4784 560 4841 nibus
588 4790 721 4853 suis,
838 4780 853 4784 ⁷
1253 4852 1259 4853 7
2027 4792 2193 4851 super
2220 4796 2417 4850 equum
2457 4794 2564 4836 non
2596 4780 2978 4853 ascendemus,

327 4864 385 4911 et
413 4858 632 4927 sanguis
658 4852 775 4927 ejus
805 4872 969 4929 super
994 4870 1117 4912 eum
1143 4852 1348 4929 veniet,
1454 4923 1465 4929 _
1953 4853 2063 4910 Nec
2096 4854 2340 4908 dicemus
2380 4853 2517 4908 ultra
2565 4870 2578 4907 :
2620 4852 2702 4907 Dii
2747 4854 2919 4909 nostri
2954 4865 3120 4923 opera
3158 4865 3417 4908 manuum
3453 4864 3555 4908 no-

329 4938 387 4983 ct
417 4923 770 4999 Opp'robrium
797 4923 916 4999 ejus
946 4930 1204 4999 restituet
1232 4923 1283 4979 ei
1313 4923 1574 4981 Dominus
1602 4937 1756 4984 suus.
2096 4934 2330 4999 strarum
2359 4942 2370 4977 :

262 4996 410 5072 [qu.
456 4994 617 5072 Xlll.J
648 4994 926 5072 Loque'nte
957 4998 1235 5071 Epltraim,
1967 5070 1985 5072 _
2024 5000 2147 5072 quia
2180 4996 2318 5066 ejus,
2350 4996 2440 5072 qui
2467 4994 2522 5072 in
2557 5004 2610 5053 te
2636 5004 2743 5059 est,
2771 4994 3121 5052 misereberis
3147 4994 3360 5067 pupilli.

329 5069 526 5127 liorror
552 5069 759 5128 invasit
773 5072 960 5141 Israel,
1005 5069 1017 5071 ⁷
1958 5070 2174 5128 Sanabo
2208 5080 2229 5107 ο
2262 5069 2615 5125 contritiones
2635 5083 2847 5135 eorum,

329 5154 387 5198 et
414 5144 646 5215 deliquit
674 5146 727 5199 in
769 5146 920 5214 Baal,
2029 5141 2245 5211 diligam
2279 5155 2375 5194 eos
2413 5150 2714 5215 spontanee
2749 5157 2762 5194 :

329 5224 385 5270 et
414 5209 662 5271 murinus
691 5225 794 5271 est.
905 5209 915 5214 ’
1420 5278 1421 5281 η
2027 5209 2149 5284 quia
2178 5226 2403 5266 aversus
2432 5209 2516 5269 est
2543 5214 2693 5269 furor
2724 5225 2877 5267 meus
2907 5210 2980 5267 ab
3008 5209 3112 5267 eis.

264 5281 329 5342 Et
358 5302 499 5344 nunc
522 5287 847 5346 addiderunt
875 5288 942 5344 ad
968 5284 1327 5358 peccandum,
1957 5281 2067 5341 Ero
2095 5286 2247 5355 quasi
2279 5298 2390 5339 ros.

332 5505 359 5534 κ
383 5495 555 5551 Aliter
573 5509 638 5550 ex
664 5492 894 5549 Hebraeo
915 5490 1076 5547 vertit
1098 5491 1155 5547 S.
1182 5491 1293 5561 ipse
1318 5486 1501 5557 Pater,
1516 5488 1614 5561 ubi
1638 5488 1689 5543 in
1716 5501 1863 5561 com-
2042 5484 2071 5526 ιι
2090 5485 2145 5561 In
2180 5482 2589 5561 exemplaribus
2604 5484 2864 5561 canonis,
2888 5482 2941 5561 in
2966 5482 3145 5555 gladio
3162 5491 3355 5554 pereat.
3385 5480 3566 5561 Many.

264 5578 495 5624 ntentar.
530 5567 582 5621 in
620 5580 739 5636 cap.
775 5563 1091 5636 Lvttlsaim,
1137 5553 1278 5636 lmine
1313 5553 1864 5636 Oseas'locumreci-
2044 5569 2066 5597 θ
2100 5559 2205 5613 Pro
2272 5553 2556 5636 eo,__quod
2611 5557 2773 5611 habet
2800 5553 3081 5636 _|lebrieus
3138 5553 3349 5636 textus,
3394 5553 3565 5636 verbo

266 5646 405 5701 tans,
442 5648 496 5692 ut
523 5639 577 5691 in
609 5623 852 5703 He'brmo,
886 5623 1088 5705 inquit,
1114 5635 1365 5705 scriptum
1394 5642 1491 5699 est,
1522 5630 1861 5705 Immolantes
1965 5638 2255 5705 annum,
2304 5623 2541 5705 scilicet,
2583 5629 2961 5705 consensionem
3011 5643 3221 5689 eorum,
3266 5623 3478 5705 videtur
3506 5623 3559 5678 in

268 5694 496 5765 homines
523 5753 536 5775 ,
590 5710 777 5763 vitulos
826 5694 1078 5761 adoratis:
1120 5694 1316 5775 ,Atque
1346 5705 1415 5758 ita
1460 5694 1676 5773 quidem
1707 5711 1864 5757 sonat
1967 5717 2066 5758 suo
2097 5694 2291 5772 legisse
2331 5700 2719 5775 exemplaris.
2752 5701 2909 5755 Pater
2943 5706 3234 5763 nmmo,
3266 5694 3405 5766 quod
3435 5710 3561 5750 εοη·

266 5759 609 5865 [Ιξῦἒξίῖιῖέθά
621 5759 1861 5866 verbum-,vpgwtvbtyb'm’l't:'i:jq‘ttatttqttam
1967 5759 2269 5847 fractioites,
2300 5772 2422 5829 sive
2448 5759 2778 5829 contritiones
2804 5787 2977 5828 eorum
2998 5781 3174 5827 sonat.

265 5855 391 5911 alias
409 5847 896 5925 interpretationes'
919 5847 1039 5908 eum
1064 5850 1353 5906 admittere
1378 5863 1481 5906 non
1506 5847 1857 5905 dil'liteamur.
