4050 6356
1707 95 1736 120 ρ

498 260 638 346 1927
1498 259 1557 319 8.
1600 257 1979 344 ΗΙΕΒΟΝΫΜΙ
2018 256 2251 337 ΒΝΙΝᾼ
2288 257 2770 346 ΒμΒΙΑΙΟᾘΙΕΟΑ.
3659 252 3805 350 ιολθ

570 378 736 434 Israel
762 378 1087 464 germjuabit
1117 379 1271 462 quasi
1306 376 1500 514 biiugo,
1523 448 1536 462 7
2119 382 2174 456 Α
2202 378 2481 451 Ephraim,
2517 378 2644 460 quid
2675 376 2804 433 mihi
2831 375 2978 432 ultra
3005 373 3189 432 idola?

571 461 626 506 et
653 460 904 514 erumpet
931 451 1083 507 radix
1112 464 1228 514 eius
1257 459 1315 514 [ut
1397 468 1406 502 l
1433 466 1561 514 aut.
2125 463 2132 472 '
2274 467 2375 514 ego
2404 451 2717 512 exaudiam.

571 451 1083 532 eterumpet'radix
1112 451 1228 522 ejus
1257 459 1315 532 ut
1345 451 1561 526 Libani.
2125 451 2136 472 ’⁷
2274 451 2717 532 ego77eitaudiam.

479 521 655 580 'Ibuut
677 519 826 578 rami
844 523 982 593 ejus,
1139 519 1155 522 ⁷
1274 519 1282 532 ’
1349 519 1354 526 ’
1385 592 1389 593 7
1457 553 1469 562 -
1521 519 1526 526 ⁷
2272 519 2331 578 et
2357 523 2583 593 dirigam
2615 537 2739 577 eum
2771 537 2870 592 ego
2901 528 2958 575 ut
2982 520 3216 584 abietem
3244 519 3510 578 virentem
3544 535 3558 574 :

574 603 627 649 et
657 592 943 667 eritquasi
973 594 1311 667 oliva7gloria
1343 592 1485 667 ejus,
2223 666 2229 667 7
2277 611 2343 650 ex
2373 592 2698 667 me7l‘ructus
2732 593 3136 667 tuusinvcntus
3161 595 3264 649 est.

571 674 627 721 et
658 675 684 703 ει
716 663 852 720 oder
879 665 995 736 ejus
1024 674 1084 720 ut
1113 665 1323 720 Libmti.
1377 663 1389 667 ⁷
2203 666 2335 735 Quis
2364 664 2604 733 sapiens,
2635 675 2689 720 et
2713 664 2977 734 intelliget
3003 663 3144 720 ista?

496 737 894 793 Convertentur
917 737 1170 793 sedentes
1204 739 1256 790 in
1287 739 1474 796 umbra
1502 737 1623 808 ejus
1654 753 1667 792 :
1728 807 1733 808 7
2279 737 2606 806 intelligens,
2637 748 2689 791 et
2715 738 2849 808 sciet
2879 736 3028 808 hinc?

570 809 750 864 vivent
778 808 978 890 tritics.
1011 803 1658 890 etgerminaliuutquasi
1686 807 1843 890 vinea
1879 825 1893 863 :
2203 808 2342 877 Quia
2387 803 2550 890 rectae
2583 803 2693 890 vim
2722 807 2955 874 Domini,
2981 816 3040 870 et
3061 805 3190 890 justi
3204 806 3571 890 ambulabunt
3601 804 3657 864 in
3684 803 3803 862 eis:

567 879 878 936 memoriale
899 881 1016 952 ejus
1047 879 1186 954 sicut
1212 882 1394 964 viuum
1427 879 1648 964 Libani:
1699 879 1702 881 ⁷
1760 879 1767 890 '
1827 879 1832 886 '
2276 880 2725 950 pravaricatores
2756 894 2886 964 vero
2909 888 3174 960 porruent
3203 879 3255 962 iii
3282 880 3381 936 eis.

494 1129 552 1172 se
572 1041 834 1172 “sYitiose
887 1041 1087 1116 lectum
1125 1060 1156 1130 ιι
1197 1043 1512 1110 Martianreo
1565 1052 1672 1114 est,
1719 1035 1870 1110 dolor
1899 1058 1918 1100 :
1946 1040 2443 1112 contradicentibus
2480 1043 2714 1114 Hebraeo
2750 1043 3077 1117 ceterisque
3103 1043 3284 1113 libris,
3337 1043 3505 1108 immo
3547 1051 3607 1110 et
3656 1049 3811 1099 recto

557 1131 589 1171 n
624 1131 678 1171 u.

557 1131 678 1171 ηευ.

1721 1233 1951 1308 Explicit
1975 1233 2106 1302 liber
2133 1230 2263 1286 Osee
2293 1228 2576 1302 prapltelw.

492 1384 3782 1414 Μ

1932 1518 2377 1618 INCIPIT

894 1679 1506 1842 LIBER
1596 1696 2100 1848 JOEL
2191 1693 3400 1845 PROPHET/E.

501 2074 756 2162 [Cap.777l7.]
788 2074 1023 2162 Verbum
1054 2074 1487 2162 Dominifquod
1528 2030 1730 2134 factum
1770 2086 1855 2134 est
1893 2077 1959 2133 ad
1989 2076 2106 2134 Joel
2140 2079 2214 2157 B7
2287 2148 2302 2162 7
2357 2085 2544 2162 menta
2568 2077 2848 2162 perierunt
2869 2075 2939 2162 d77e
2961 2076 3123 2162 domo
3149 2077 3244 2132 Dei
3281 2079 3478 2154 nostri,
3571 2077 3574 2080 ’

648 2146 818 2202 tilium
847 2146 1096 2203 Phatuel.
1367 2146 1370 2147 ⁷
2207 2153 2214 2157 “
2287 2148 2473 2204 laetitia
2495 2157 2551 2205 et
2571 2146 2914 2204 exsultatio?

507 2219 708 2276 Audite
739 2223 866 2286 hoc,
899 2233 1100 2291 senes,
1435 2290 1438 2291 7
2211 2219 2932 2291 Computrueruntjumenta
2963 2219 3018 2274 in
3043 2229 3288 2278 stercore
3311 2236 3436 2290 suo,

573 2301 632 2348 et
658 2291 879 2345 auribus
903 2289 1184 2358 percipite,
1212 2303 1404 2346 omnes
1431 2290 1768 2347 habitatores
1797 2301 1996 2349 terrae:
2283 2289 2537 2347 demolita
2578 2299 2706 2347 sunt
2734 2291 2952 2356 horrea,
3422 2289 3425 2308 λ

575 2364 624 2436 si
654 2362 856 2417 factum
887 2373 974 2417 εει
1000 2362 1141 2416 istud
1172 2361 1227 2436 in
1255 2362 1446 2418 diebus
1474 2365 1810 2435 veStris,'aut
1835 2365 1888 2418 in
1914 2364 2108 2420 diebus
2282 2365 2558 2434 dissipatae
2585 2372 2712 2436 sunt
2742 2363 3022 2432 apotheca:
3049 2382 3062 2416 :

641 2433 1214 2518 pasrumnvestrortun?
1679 2433 1684 2435 ⁷
2005 2444 2008 2448 ’
2217 2506 2253 2518 77
2281 2433 2540 2518 quoniam
2569 2433 2870 2518 confusum
2883 2445 2967 2490 est
2993 2435 3256 2492 triticum.

503 2503 684 2577 Super
716 2506 816 2577 hoc
845 2503 971 2558 ﬁliis
995 2503 1190 2577 vestris
1220 2516 1458 2574 narrate,
2211 2503 2352 2576 Quid
2386 2507 2646 2576 ingemuit
2673 2505 2895 2570 animal,

575 2576 626 2634 et
667 2576 760 2649 lilii
791 2577 957 2631 vestri
987 2576 1110 2632 [iliis
1139 2578 1274 2643 suis,
2287 2580 2597 2649 mugierunt
2619 2593 2812 2648 greges
2834 2578 3104 2633 armenti?

573 2659 628 2705 et
659 2648 754 2703 lilii
787 2661 975 2703 eorum
1003 2649 1339 2717 generationi
1364 2651 1573 2706 alterae.
2212 2649 2348 2717 Quia
2383 2648 2487 2704 non
2518 2661 2601 2706 est
2629 2663 2825 2719 pascua
2850 2650 2930 2704 eis
2960 2667 2974 2701 :

500 2721 807 2792 Residuum
833 2734 1012 2792 eruca:
1037 2719 1275 2776 comedit
1305 2721 1537 2786 locusta,
2285 2721 2379 2777 sed
2404 2732 2458 2776 et
2484 2737 2680 2792 greges
2710 2734 2965 2790 pecorum
2989 2719 3380 2792 disperierunt.

583 2800 638 2848 et
669 2790 941 2864 residuum
967 2790 1198 2864 locusta:
1221 2795 1460 2847 comedit
1486 2793 1743 2864 bruchus,
2213 2792 2294 2849 Ad
2329 2803 2402 2864 te,
2432 2790 2685 2858 Domine,
2727 2793 2973 2864 clamabo
3005 2809 3019 2846 :

571 2875 622 2918 et
656 2861 1155 2935 residuumbrucbi
1189 2864 1428 2935 comedit
1458 2864 1670 2935 rubigo.
1729 2861 1736 2864 ⁷
2283 2863 2408 2933 quia
2439 2864 2577 2935 ignis
2606 2862 2846 2935 comedit
2873 2865 3120 2935 speciosa
3149 2864 3375 2930 deserti,

508 2934 987 3008 Expergiscimini,
1015 2933 1176 3000 ebrii,
1205 2945 1259 3008 et
1280 2934 1429 3008 (lete,
1510 3007 1517 3008 7
1589 2933 1603 2935 ⁷
2222 3006 2233 3008 _
2285 2944 2342 2990 et
2371 2933 2583 3008 ﬂamma
2615 2934 2894 3008 succendit
2921 2934 3100 3008 omnia
3129 2937 3271 3004 ligna
3295 2938 3557 3008 regionis.

571 3017 626 3063 et
657 3007 863 3078 ululate
886 3020 1108 3078 omnes,
1129 3007 1222 3074 qui
1260 3006 1448 3061 bibitis
1471 3007 1658 3063 vinum
1691 3009 1744 3063 in
1775 3007 2064 3066 dulcedine
2092 3026 2107 3066 :
2214 3006 2320 3063 Sed
2351 3017 2405 3061 et
2435 3007 2622 3062 beStie
2644 3006 2783 3076 agri.
2810 3007 2963 3076 quasi
2983 3021 3108 3062 area
3140 3009 3330 3065 sitiens
3354 3006 3610 3078 imbrem,

537 3099 542 3101 ·
575 3076 830 3149 quoniam
872 3076 1042 3149 periit
1058 3074 1129 3130 ab
1149 3090 1258 3132 ore
1283 3088 1489 3133 vestro.
2286 3089 2650 3149 suspexerunt
2678 3074 2743 3132 ad
2778 3074 2874 3132 te:

504 3151 651 3208 Gens
678 3148 821 3203 enim
852 3148 1096 3222 ascendit
1119 3163 1283 3218 super
1310 3157 1515 3206 terram
1537 3165 1735 3218 meam,
1768 3152 1922 3208 tortis
1944 3161 1999 3208 et
2019 3152 2104 3207 in-
2214 3150 2482 3218 Quoniam
2516 3149 2772 3205 exsiccati
2805 3157 2931 3204 sunt
2962 3150 3134 3222 fontes
3165 3167 3449 3222 aquarum,

649 3218 1004 3290 numerabilis
1032 3236 1044 3272 :
2287 3230 2343 3276 ct
2374 3222 2512 3290 ignis
2536 3221 2811 3275 devoravit
2837 3221 3085 3290 Speciosa
3111 3218 3335 3279 deserti.

575 3293 764 3348 dentes
779 3289 896 3360 ejus
919 3290 1189 3364 uidentes
1212 3291 1385 3364 leonis
1409 3309 1422 3346 :
2215 3291 2368 3364 [Cap.
2388 3289 2490 3364 711.]
2518 3290 2707 3347 Canite
2735 3292 2856 3347 tuba
2872 3289 2939 3347 in
2970 3291 3126 3358 Sion,

577 3374 626 3420 et
661 3365 894 3417 molares
923 3361 1057 3432 ejus,
1088 3373 1146 3415 ut
1168 3365 1328 3418 catuli
1357 3362 1551 3420 leonis.
2218 3361 2236 3364 ⁷
2286 3361 2490 3420 ululaté
2518 3365 2570 3418 in
2600 3374 2784 3420 monte
2810 3373 2997 3418 sancto
3027 3380 3170 3434 meo,

505 3437 696 3530 Posuipt
719 3434 928 3489 vineam
955 3449 1128 3530 metm
1161 3436 1211 3486 iu
1236 3436 1536 3530 desertum,
2127 3466 2172 3530 Ο
2207 3509 2250 3530 77
2288 3435 2904 3530 conturben7tur7t‘imne’s7
2927 3431 3260 3493 habitatores
3289 3446 3449 3496 term
3479 3458 3494 3496 :

574 3519 626 3563 et
653 3508 814 3560 ﬁcum
843 3521 1016 3560 meam
1048 3505 1440 3562 decorticavit:
2128 3505 2172 3530 υ
2205 3509 2341 3576 Quia
2367 3506 2514 3562 venit
2541 3507 2661 3562 dies
2695 3507 2932 3573 Domini,

578 3579 789 3655 nudans
819 3577 1068 3655 spoliavit
1095 3592 1238 3655 eam,
1273 3587 1328 3633 et
1357 3580 1588 3650 projecit
1617 3599 1629 3634 :
2274 3581 2396 3655 quia
2424 3593 2589 3655 prope
2617 3590 2698 3633 est
2727 3577 2844 3655 dies
2869 3582 3220 3655 tenebrarum
3248 3592 3304 3638 et
3331 3583 3609 3655 caliginis,

573 3652 680 3706 albi
714 3649 840 3703 facti
869 3656 994 3702 sunt
1026 3649 1160 3702 rami
1192 3650 1332 3718 ejus.
1458 3649 1465 3650 ⁷
2274 3652 2392 3706 dies
2421 3649 2578 3704 nubis
2601 3659 2657 3705 et
2679 3650 2914 3705 turbinis
2943 3667 2959 3704 :

501 3720 870 3846 Plaugetquasi
889 3719 1039 3862 vii-gi;
1067 3719 1306 3862 a7t7'7cit71cta
1334 3735 1494 3778 sacco
1517 3737 1684 3796 super
1705 3724 1880 3780 virum
1899 3725 2100 3798 puber—
2200 3721 2368 3791 Quasi
2383 3735 2558 3847 tn;an7e
2588 3735 2883 3791 expansum
2909 3738 3072 3796 super
3099 3735 3312 3782 montes
3337 3727 3576 3798 populus
3605 3727 3800 3785 multus

669 3806 918 3845 aissuae
1040 3831 1053 3844 .
1144 3806 1232 3846 te.
2348 3809 2378 3849 e
2450 3807 2632 3849 oris:
3135 3809 3138 3812 ’

645 3800 770 3846 tatis
807 3806 918 3845 sua:
944 3800 1053 3849 tAl.
1084 3800 1232 3849 tutel.
2348 3801 2403 3849 et
2431 3800 2585 3848 tortis
2619 3813 2632 3849 :
3135 3809 3138 3812 '

501 3863 672 3921 Periit
701 3860 1102 3935 sacriﬁciumet
1130 3860 1316 3916 lib‘atio
1344 3863 1412 3919 de
1437 3863 1601 3922 domo
1630 3865 1844 3922 Domini
1869 3884 1884 3927 :
2271 3864 2468 3920 similis
2497 3865 2546 3919 ei
2572 3878 2676 3918 non
2711 3863 2812 3919 fuit
2835 3879 2864 3919 a
2896 3867 3184 3935 principio,

574 3936 829 4014 [tigerunt
853 3932 1169 4014 sacerdotes
1198 3936 1433 3990 ministri
1465 3937 1700 3995 Domini,
2273 3945 2330 3992 et
2358 3943 2480 4007 post
2505 3951 2630 3990 eum
2652 3952 2766 4014 7n0l7l
2805 3932 2910 3991 erit
2937 3932 3107 4010 usque
3138 3932 3189 3994 iu
3218 3955 3391 3999 annos
3415 3943 3786 4014 generationis

578 4007 910 4076 Depopulata
941 4011 1025 4058 est
1050 4004 1223 4074 regio,
2343 4004 2398 4065 et
2426 4007 2811 4078 generationis.
3017 4004 3033 4010 “
3415 4004 3445 4014 ⁷
3615 4029 3624 4040 ·
3685 4021 3688 4026 ·

573 4078 706 4151 luxit
736 4078 930 4151 humus
955 4093 967 4128 ε
1335 4147 1346 4151 _
1379 4147 1390 4151 _
2207 4079 2348 4136 Ante
2378 4080 2568 4134 faciem
2598 4079 2714 4148 ejus
2741 4079 2881 4150 ignis
2909 4095 3126 4151 vorans,

501 4150 766 4218 Quoniam
796 4149 1134 4204 devastatum
1165 4156 1251 4202 est
1280 4147 1543 4217 triticum,
2273 4161 2328 4208 et
2358 4159 2477 4219 post
2505 4147 2639 4206 eum
2661 4147 2892 4207 exui-eus
2923 4147 3134 4209 llamma
3168 4171 3182 4208 :

572 4219 857 4298 confusum
873 4228 973 4298 7est
1003 4219 1212 4284 vinum,
2201 4223 2368 4293 Quasi
2394 4223 2583 4278 hortus
2613 4223 2903 4298 voluptatis
2934 4233 3073 4298 terra
3105 4241 3286 4282 coram
3319 4241 3408 4298 eo,

574 4293 812 4365 elanguit
834 4291 1054 4365 oleum:
1105 4362 1117 4365 7
2230 4291 2241 4293 ⁷
2275 4305 2328 4350 et
2355 4301 2477 4364 post
2505 4309 2629 4349 eum
2657 4295 2892 4348 solitudo
2919 4295 3147 4365 deserti,

499 4363 721 4422 Confusi
754 4372 882 4416 sunt
915 4362 1192 4436 agricolae,
1446 4435 1456 4436 7
2271 4362 2447 4435 neque
2475 4377 2557 4421 est
2583 4368 2670 4435 qui
2699 4365 2918 4436 effugiat
2943 4381 3092 4422 eum.

571 4437 915 4510 ululaverunt
950 4435 1208 4510 vinitores
1240 4447 1406 4510 super
1437 4435 1710 4510 frumento
1741 4449 1798 4495 et
1828 4439 2058 4508 hordeo,
2198 4438 2361 4504 Quasi
2395 4446 2655 4510 aspectus
2671 4435 2956 4506 equorum,
2989 4449 3240 4509 aspectus
3270 4457 3460 4498 eorum
3498 4461 3513 4498 :

571 4508 696 4578 quia
727 4506 883 4579 periit
916 4506 1114 4562 messis
1138 4506 1276 4573 agri.
1339 4578 1344 4579 7
1571 4506 1584 4510 ⁷
2043 4506 2049 4508 ⁷
2271 4519 2326 4563 et
2355 4506 2504 4579 quasi
2537 4508 2746 4579 equites
2773 4514 2852 4562 sic
2871 4506 3113 4577 current,

504 4578 673 4658 Vinea
701 4578 923 4633 contusa
953 4587 1035 4633 est
1063 4588 1119 4658 et
1147 4579 1283 4658 licus
1302 4578 1540 4658 elanguit
1572 4599 1586 4637 :
1878 4655 1890 4658 7
1951 4655 1984 4658 77
2271 4578 2410 4637 sicut
2442 4578 2653 4658 sonitus
2688 4580 3072 4653 quadrigarum
3115 4599 3282 4656 super
3318 4587 3497 4658 capita
3531 4589 3797 4646 montium

571 4651 1019 4728 malograuatum,
1045 4657 1098 4704 et
1119 4648 1319 4718 palma,
1345 4660 1397 4706 et
1421 4648 1641 4722 malum,
1668 4664 1722 4710 et
1743 4655 1925 4710 omnia
1951 4655 2095 4728 ligna
2300 4724 2313 4728 7
2345 4650 2618 4728 exsilient,

645 4721 760 4800 agri
783 4730 1043 4800 ar_uerunt
1071 4739 1083 4775 :
1272 4794 1306 4800 77
1628 4721 1654 4800 '7
1778 4799 1784 4800 7
1992 4721 2016 4728 '
2269 4724 2407 4800 sicut
2435 4725 2642 4800 sonitus
2667 4721 2898 4800 ﬂammai
2925 4724 3064 4796 ignis
3091 4727 3408 4786 devorantis
3432 4732 3721 4800 stipulam,

571 4791 1008 4874 quia7conl'usum
1037 4803 1122 4874 est
1149 4794 1400 4864 gaudium
1432 4811 1461 4850 a
1495 4796 1620 4874 7tiliis
1645 4798 1944 4874 hominum.
1999 4871 2008 4874 7
2056 4869 2067 4874 7
2122 4863 2170 4874 _7
2218 4871 2228 4874 7
2275 4797 2422 4874 velut
2450 4795 2677 4874 populus
2702 4793 2857 4874 fortis
2889 4791 3218 4868 pricparatus
3249 4801 3314 4856 ad
3339 4791 3615 4874 przelium.

499 4865 780 4942 Acciugige
807 4878 926 4942 vos,
953 4875 1007 4920 et
1034 4863 1292 4936 plangite,
1321 4869 1653 4935 sacerdotes,
1685 4871 1907 4938 ululate,
1938 4869 2099 4927 mini-
2122 4863 2178 4924 D
2204 4871 2244 4923 Α
2280 4867 2416 4922 facie
2444 4863 2982 4942 ejuscruciabuniur
3006 4863 3201 4942 populi
3237 4889 3253 4924 :

641 4936 738 5010 stri
771 4934 1000 5010 altaris;
1038 4934 1047 4936 ⁷
1124 5007 1134 5010 7
1167 4934 1185 4936 ⁷
1278 4934 1283 4935 ⁷
1643 4934 1646 4935 ⁷
1894 4934 1902 4938 ⁷
2271 4953 2460 5010 omnes
2491 4937 2673 4993 vultus
2700 4934 3108 5010 redigentur'in'
3138 4944 3324 5001 ollam.

499 5005 875 5078 lngredimini,
902 5007 1092 5062 cubate
1122 5007 1175 5062 in
1200 5023 1380 5072 sacco.
1413 5011 1649 5068 ministri
1675 5013 1769 5067 Dei
1804 5014 1906 5068 mei
1942 5031 1954 5067 :
2197 5010 2348 5068 Sicut
2380 5009 2549 5065 fortes
2577 5019 2819 5064 current.

571 5079 824 5204 qulogititn
856 5079 1060 5135 interiit
1085 5079 1152 5136 de
1177 5081 1341 5138 domo
1373 5081 1466 5139 Dei
1503 5087 1665 5141 vestri
1690 5085 2015 5141 sacrilicium
2039 5093 2096 5143 et
2269 5082 2420 5150 quasi
2474 5083 2576 5136 viri
2619 5079 2914 5139 bellatores
2947 5087 3242 5144 ascendent
3273 5087 3382 5160 [AL
3434 5088 3800 5145 ascenderunt

665 5167 677 5204 Ι
720 5167 750 5203 a
779 5165 851 5204 I0.
2342 5169 2554 5204 murum
2580 5169 2594 5204 2

665 5159 851 5206 ibatio.
2342 5169 2554 5208 murum
2580 5169 2594 5207 ζ

499 5221 844 5280 Sanctiiicate
866 5221 1153 5293 jejunium,
2201 5224 2294 5282 Vir
2324 5226 2432 5300 [AL
2464 5224 2815 5302 V7iri]7in7viis
2845 5229 2958 5283 suis
2985 5229 3260 5302 gradietur
3285 5230 3392 5302 [AL
3425 5229 3790 5302 gradientur].

569 5303 760 5349 vocate
786 5304 1009 5363 emtum,
2271 5297 2459 5353 et—uon
2489 5297 2837 5353 declinabunt
2865 5316 2892 5352 a
2919 5297 3130 5356 semitis
3149 5301 3286 5355 suis.

569 5375 1096 5448 congregatesenes.
1350 5441 1361 5448 7
1448 5439 1464 5448 7
1682 5441 1714 5448 _
1763 5440 1777 5448 7
1959 5442 1972 5448 7
2199 5368 2580 5448 Unusquisque
2607 5371 2826 5448 fratrem
2852 5386 3008 5448 suum
3041 5387 3148 5448 non
3173 5372 3501 5442 coarctabit,

566 5454 758 5512 omnes
799 5437 1131 5512 habitatores
1161 5451 1318 5496 teme
1349 5441 1401 5498 in
1431 5439 1652 5498 domum
1681 5440 1781 5498 Dei
1805 5442 1972 5500 vestri
2003 5459 2017 5497 τ
2270 5437 2462 5512 singuli
2495 5437 2551 5494 in
2585 5441 2721 5498 calle
2750 5457 2851 5498 suo
2881 5443 3268 5512 ambulabunt:

567 5519 623 5566 et
652 5509 883 5582 clamate
907 5507 973 5564 ad
1002 5508 1289 5568 Dominum
1326 5531 1342 5571 :
2196 5511 2299 5575 Sed
2325 5507 2378 5568 et
2407 5526 2504 5582 per
2531 5512 2790 5568 fenestras
2819 5507 3037 5582 eadem.

495 5581 540 5656 Α
559 5598 588 5637 a
615 5598 666 5656 a7,
697 5578 802 5636 diei
1034 5652 1067 5656 77
1162 5654 1188 5656 Α
2229 5655 2236 5656 7
2269 5593 2322 5638 et
2350 5578 2456 5638 non
2481 5583 2866 5642 demolientur.

565 5653 689 5725 quia
719 5667 884 5735 prope
911 5659 993 5735 est
1017 5652 1134 5709 dies
1161 5654 1401 5725 Domini,
1474 5728 1484 5735 7
2199 5655 2399 5735 Urbem
2431 5657 2824 5726 ingredientur,

565 5737 621 5781 et
643 5728 796 5798 quasi
822 5728 1047 5781 vastitas
1066 5741 1094 5782 a
1123 5734 1344 5798 potente
1363 5728 1566 5786 veniet.
2268 5728 2323 5782 in
2357 5743 2513 5782 muro
2543 5736 2765 5784 current
2790 5744 2806 5782 ε

496 5795 767 5872 Numquid
815 5811 919 5855 non
951 5795 1138 5856 coram
1165 5798 1340 5856 oculis
1370 5801 1566 5859 vestris
1597 5800 1710 5875 [AL
1742 5800 1966 5874 nostris]
1993 5798 2092 5861 ali—
2195 5800 2398 5858 Domus
2425 5802 2817 5869 couscendent,
