4050 6356
264 255 399 325 ioea
1449 254 1653 314 manu
1690 253 1855 329 JOEL
1894 252 2313 331 moratam.
3421 252 3560 325 toso

334 391 428 449 per
462 375 728 449 fenestras
766 372 1048 449 intrabunt
1090 373 1247 446 quasi
1282 372 1391 449 fur.
1532 444 1535 449 ί
1622 446 1653 449 7_
1888 380 1942 440 Α
2041 388 2180 444 quos
2236 370 2473 427 comedit
2529 369 2756 443 locusta,
2812 369 3071 441 bruchus,
3132 381 3185 429 et
3236 372 3447 447 rubigo,
3504 384 3559 435 et

261 448 307 503 Δ
337 446 471 502 facie
498 448 618 515 eius
648 446 977 503 contremuit
1004 456 1171 513 terra,
1206 448 1337 502 moti
1378 456 1502 503 sunt
1529 446 1679 503 Caeli.
1896 462 1897 465 ‘
2110 458 2271 500 eruca
2298 462 2309 497 :

334 520 414 571 sol
441 530 496 572 et
526 514 649 573 luna
692 519 1036 573 obtenebrati
1069 526 1215 585 sunt,
2042 515 2304 570 fortitudo
2335 514 2451 571 mea
2484 528 2701 586 magna,
2734 530 2894 585 quam
2920 516 3041 571 misi
3072 516 3124 571 in
3151 530 3270 573 vos.

334 598 391 661 et
419 590 592 645 stella:
622 599 968 645 retraxerunt
997 591 1343 661 Splendorem
1372 603 1548 644 suum.
1764 660 1767 661 7
1970 587 2037 644 Et
2061 588 2751 661 comede7ti7s_veseente57et
2778 588 3151 661 saturabimini
3185 606 3198 641 :

263 660 332 718 Et
357 660 619 717 Dominus
650 662 803 717 dedit
834 659 1199 717 vocem‘suam
1225 671 1349 716 ante
1378 661 1568 717 faciem
1593 660 1865 721 exercitus
2041 669 2097 714 et
2125 659 2636 733 laudabitisnomen
2666 659 2877 733 Domini
2909 659 3017 733 [ᾼιἶ
3049 660 3434 733 tacetDomini]
3464 661 3559 731 Dei

408 734 491 808 sui
520 750 533 787 :
591 803 602 808 _
887 803 899 808 _
967 804 978 808 _
1286 803 1295 808 7
2114 729 2306 808 vestri,
2340 730 2431 801 qui
2463 730 2593 786 fecit
2621 732 2893 787 vobiscum
2913 729 3037 803 με.
3070 731 3371 808 nobiscum]
3399 729 3563 790 mira-

338 805 462 874 quia
497 803 661 876 multa
692 813 816 858 sunt
847 803 1008 858 nimis
1035 810 1213 857 castra
1247 803 1388 876 ejus,
2114 801 2240 871 bilia
2275 819 2289 856 :

336 871 460 945 quia
495 875 656 951 fortia
678 871 1433 951 e_t7facientiaverbum'ejus
1456 893 1471 932 :
1576 946 1623 951 77
2039 882 2096 929 et
2144 888 2252 928 non
2298 871 2661 930 confundetur
2698 873 2934 948 populus
2964 889 3119 930 meus
3173 876 3226 932 in
3276 878 3567 951 sempiter-

266 945 492 1017 llagnus
514 947 656 1002 enim
690 947 807 1001 dies
834 948 1082 1012 Domini,
1118 957 1170 1001 et
1203 948 1467 1005 terribilis
1497 946 1683 1005 valde.
1984 1016 2007 1017 ί
2117 960 2267 1017 num.
2354 1016 2357 1017 7
2436 1014 2447 1017 _
2700 945 2733 1017 '7
3399 945 3405 965 τ

339 1014 395 1072 et
426 1018 549 1088 quis
586 1019 875 1073 sustinebit
906 1018 1076 1074 eum?
1974 1016 2041 1073 Et
2066 1016 2251 1073 scietis
2276 1016 2399 1086 quia
2432 1014 2485 1071 in
2512 1018 2690 1073 medio
2722 1016 2885 1073 Israel
2917 1033 3015 1089 ego
3044 1034 3162 1073 sum
3190 1036 3205 1075 :

267 1087 420 1167 ljunc
447 1087 601 1167 ergo
617 1088 1069 1167 d7icit_Dom_iuus:
1242 1162 1257 1167 _
2042 1099 2097 1145 et
2125 1103 2225 1159 ego
2261 1088 2519 1167 Dominus
2549 1090 2689 1145 Deus
2718 1098 2919 1167 vester,
2952 1087 3136 1167 etnon
3166 1099 3250 1167 est
3281 1093 3514 1167 amplius
3542 1108 3561 1153 ι

266 1158 664 1216 ϐοηνετιίὶιιίιιί
697 1162 761 1214 ad
788 1177 872 1216 me
903 1161 953 1215 iu
986 1171 1096 1217 toto
1128 1162 1293 1218 corde
1328 1171 1537 1231 vestro,
1974 1231 2009 1233 _
2043 1170 2097 1216 et
2128 1158 2235 1214 non
2265 1158 2622 1233 confundetur
2653 1161 2879 1233 populus
2906 1177 3060 1218 meus
3084 1162 3136 1217 in
3168 1158 3452 1220 aeternum.

341 1233 397 1287 in
426 1232 654 1306 jejunio,
684 1244 742 1306 et_
768 1234 820 1287 in
858 1233 1007 1299 ﬂetu,
1041 1244 1097 1290 et
1125 1234 1177 1289 in
1207 1235 1452 1306 planctu.
1969 1231 2039 1287 Et
2067 1232 2170 1306 erit
2197 1241 2317 1306 post
2347 1231 2498 1306 haec:

269 1303 337 1359 Et
360 1305 591 1358 scinditc
615 1303 1024 1387 corda7vest£a,
1059 1316 1114 1387 et
1141 1303 1603 1387 no'n__ves_timenta
1633 1314 1817 1387 vestt'a
1851 1322 1867 1360 :
1975 1374 2012 1387 ῃ
2043 1304 2313 1387 eﬂ‘undam
2335 1303 2602 1387 spiritum
2646 1321 2825 1387 meum
2859 1322 3026 1387 super
3068 1322 3286 1385 omnem
3317 1322 3561 1365 carnem.

341 1385 396 1451 et
422 1373 802 1451 convertimini
837 1375 902 1451 ad
931 1376 1219 1451 Dominum
1255 1378 1425 1433 Deum
1460 1388 1699 1434 vestrum
1728 1373 1767 1432 τ’
1972 1374 2040 1429 Ει
2066 1374 2465 1451 prophetabunt
2494 1374 2598 1451 ﬁlii
2624 1377 2893 1451 vcstri,7et
2924 1373 3048 1433 filim
3077 1382 3273 1451 vestrae
3300 1397 3313 1433 :

270 1446 410 1515 Quia
438 1448 705 1519 benignus
726 1456 779 1502 et
807 1448 1119 1503 misericors
1146 1454 1252 1518 eat,
2045 1462 2204 1519 senes
2227 1448 2395 1501 vestri
2426 1448 2635 1519 somnia
2661 1450 3028 1518 somniabunt,
3158 1448 3161 1457 “

347 1518 625 1586 patiens"
653 1529 709 1572 et
741 1520 924 1573 multa:
957 1520 1372 1588 misericordiae,
2043 1529 2096 1573 et
2123 1518 2350 1587 juvenes
2384 1518 2556 1573 vestri
2585 1520 2824 1576 visiones
2855 1522 3131 1577 videbunt.

346 1599 402 1663 et
428 1589 456 1629 δ
488 1590 814 1663 prtestabilis
839 1606 1002 1662 super
1032 1592 1259 1662 malitia,
1972 1588 2080 1663 Sed
2111 1600 2574 1663 etsuperscrvos
2604 1606 2756 1649 meos
2790 1603 2843 1648 et
2875 1608 3036 1663 super
3066 1594 3293 1650 ancillas
3325 1604 3351 1635 ο

269 1659 405 1737 Quis
433 1659 533 1737 scit
561 1661 605 1717 si
638 1659 1013 1730 convertatur,
1040 1673 1094 1719 et
1122 1659 1387 1737 ignoscat,
1582 1733 1630 1737 __
1674 1731 1686 1737 _
1978 1731 2017 1737 _
2046 1660 2322 1737 in_d_iebus
2348 1660 2457 1737 illis
2481 1660 2753 1737 effundam
2788 1659 3041 1735 spiritum
3078 1683 3280 1724 meum.

278 1742 279 1745 ‘
345 1742 401 1789 et
422 1734 849 1831 |rflelinquatnpost
875 1750 934 1789 se
946 1731 1421 1831 1ιιοξιιριιῖοιὴιιιεῗιιι,
1454 1731 1787 1831 sacriﬁcium
1815 1739 1871 1788 et
1904 1770 1951 1831 Β
1978 1731 2046 1786 Ει
2084 1732 2225 1815 dabo
2242 1732 2495 1831 .prodigia
2526 1734 2578 1787 in
2607 1736 2769 1817 coelo,

410 1803 916 1887 7l7ibam7'en7Dolniino
944 1806 1057 1863 Deo
1085 1816 1269 1863 vestro
1300 1805 1407 1879 [ΑΙ.
1438 1803 1698 1877 nostro]?
1904 1803 1951 1831 ”
2051 1804 2199 1887 etnin
2241 1803 2791 1887 7terra,’sanguiuem,
2842 1817 2900 1863 et
2950 1808 3152 1881 ignem,
3206 1819 3262 1881 et
3312 1826 3569 1887 vaporem

283 1875 482 1933 Canite
516 1876 643 1931 tuba
672 1877 723 1931 in
753 1874 909 1941 Sion,
1301 1874 1318 1879 “
1632 1874 1647 1877 '
2124 1874 2276 1931 fumi.

350 1948 689 2003 sanctiﬁcate
713 1950 999 2017 jejunium,
1978 1946 2344 2030 Solvet-letor
2376 1947 2428 2002 in
2458 1948 2736 2030 tenebras,

348 2030 538 2074 vocate
565 2030 787 2086 castum,
2048 2028 2104 2073 et
2135 2018 2259 2073 luna
2293 2018 2346 2074 in
2377 2022 2697 2083 sanguinem
2729 2039 2741 2075 :

347 2103 683 2167 congregato
718 2091 1004 2167 Mm,
2050 2099 2341 2167 antequam
2391 2096 2574 2148 veniat
2606 2092 2724 2151 dies
2755 2092 2968 2150 Domini
2999 2108 3262 2167 magnus,
3298 2104 3355 2154 et
3392 2097 3577 2155 horri-

354 2164 692 2219 sanctilicate
717 2163 1044 2231 Ecclesiam,
2120 2162 2264 2217 bilis.

349 2236 654 2290 coadunate
678 2249 858 2301 senes,
881 2307 893 2311 7
1420 2304 1433 2311 _
1974 2234 2045 2311 fit
2072 2233 2223 2311 erit:

348 2317 679 2380 congregate
711 2307 982 2380 parvulos,
1013 2315 1073 2380 et
1096 2314 1354 2375 sugentes
1381 2304 1583 2361 ubera:
1976 2304 1986 2311 '
2050 2308 2229 2380 omnis
2282 2307 2375 2377 qui
2430 2307 2762 2365 invocaverit
2811 2326 3007 2366 nomen
3063 2310 3323 2380 Domini,
3390 2312 3574 2368 salvus

274 2377 600 2449 Egrediatur
632 2394 871 2455 sponsus
895 2379 967 2437 de
992 2378 1153 2455 tubili
1175 2394 1299 2447 suo,
1987 2448 2016 2455 Δ
2066 2447 2078 2455 _
2122 2377 2227 2455 erit
2254 2396 2267 2431 :

355 2461 409 2504 et
437 2464 635 2525 sponsa
662 2451 731 2525 de
764 2448 1002 2525 thalamo
1030 2447 1151 2525 suo,
1262 2519 1274 2525 _
1601 2519 1616 2525 _
1829 2520 1842 2525 _
1976 2447 2113 2517 Quia
2148 2449 2198 2525 ip
2230 2457 2414 2525 monte
2442 2448 2575 2525 S_ion
2595 2492 2613 2525 ,7
2641 2459 2697 2504 et
2738 2450 2790 2505 in
2820 2448 3126 2525 Jerusalem
3164 2455 3275 2525 erit
3320 2456 3574 2523 salvatio,

274 2521 426 2577 Inter
454 2514 781 2575 vestibulum
808 2530 865 2576 et
894 2520 1069 2575 altare
1094 2514 1399 2592 plorabant
1430 2519 1743 2578 sacerdotes
1772 2520 1877 2577 mi-
2004 2514 2031 2517 ”
2068 2514 2071 2515 ⁷
2126 2514 2265 2574 sicut
2296 2520 2430 2592 dixit
2466 2514 2754 2585 Dominus,
2886 2514 2894 2525 '
2954 2514 2972 2533 "
3078 2514 3095 2529 “
3164 2514 3173 2531 ‘

427 2594 580 2647 nistri
613 2593 848 2662 D0mini,
1105 2591 1114 2592 “
2031 2595 2180 2662 etin
2212 2591 2466 2662 residuis,
2502 2608 2638 2661 quos
2670 2593 2930 2648 Dominus
2962 2599 3259 2652 vocaverit.

352 2674 408 2721 et
436 2666 622 2745 dicent
646 2682 692 2745 :7
1080 2733 1094 2745 ν
1123 2736 1165 2745 7_
1604 2737 1620 2745 Ἰ
1828 2736 1839 2745 _
1981 2661 2283 2745 [αρτ-ιιι]
2310 2663 2442 2732 Quia
2472 2678 2597 2719 ecce
2629 2664 2681 2719 in
2730 2664 2921 2720 diebus
2951 2664 3059 2745 illis
3089 2710 3102 2734 ,
3150 2679 3207 2735 et
3242 2670 3293 2745 in
3324 2680 3576 2745 tempore

275 2737 486 2803 Parce,
540 2736 810 2805 Domine,
866 2750 1029 2806 parce
1080 2733 1185 2806 [ΑΙ.
1256 2746 1383 2792 (acet
1439 2737 1620 2808 parce]
1678 2736 1879 2810 populo
1982 2733 2000 2737 ⁷
2083 2733 2282 2802 ἰΙιο,’
2693 2805 2704 2810 _
2976 2808 2992 2810 _
3262 2742 3267 2751 ‘
3440 2733 3479 2745 ”
3526 2774 3543 2794 .

428 2816 517 2863 tuo
546 2827 559 2863 ε
1086 2805 1089 2806 ⁷
1442 2805 1450 2806 ’
1614 2805 1620 2808 '
1681 2805 1691 2810 '
1753 2805 1767 2810 ’
2055 2821 2177 2871 cum
2210 2815 2531 2875 convertero
2559 2805 2936 2877 captivitatem
2966 2808 3104 2867 Juda
3137 2819 3189 2867 et
3221 2810 3523 2877 Jerusalem
3559 2830 3574 2869 :

354 2888 410 2936 et
439 2896 505 2935 ne
534 2880 630 2937 des
658 2880 1037 2936 ltzereditatem
1062 2889 1208 2935 tuam
1239 2881 1291 2936 in
1320 2878 1696 2951 opprobrium,
1980 2878 2348 2951 Congregabo
2370 2893 2557 2932 omnes
2576 2874 2790 2949 gentes,
2884 2950 2887 2951 7
2970 2882 2973 2889 '
3330 2874 3333 2883 ’

356 2963 412 3006 ιιι
438 2952 784 3007 dominentur
813 2954 895 3008 eis
925 2953 1191 3009 nationes.
1360 2950 1367 2951 ί
1680 2950 1687 2963 ⁵
2058 2961 2110 3004 et
2139 2950 2402 3005 deducam
2430 2966 2526 3004 eas
2554 2953 2605 3006 in
2639 2952 2831 3005 vallem
2871 2950 3135 3022 Josaphat
3161 2970 3176 3007 :

276 3025 467 3096 Quare
496 3024 683 3078 dicunt
714 3026 765 3077 in
799 3025 1010 3092 pupulis
1039 3042 1052 3077 :
1987 3023 2054 3078 Et
2082 3022 2395 3096 disceptabo
2417 3038 2541 3076 cum
2560 3028 2646 3096 eis
2677 3023 2753 3096 ibi
2785 3038 2949 3093 super
2977 3026 3179 3096 populo
3207 3040 3349 3095 meo,
3380 3034 3435 3081 et
3465 3026 3577 3093 has-

354 3094 457 3150 Ubi
480 3109 560 3149 eSt
587 3096 732 3149 Deus
759 3096 982 3149 eorum?
2132 3094 2362 3149 reditate
2406 3108 2524 3148 mea
2557 3094 2744 3159 Israel,

278 3167 505 3223 Zelatus
536 3174 623 3221 est
658 3167 919 3220 Dominus
952 3176 1154 3222 terram
1186 3180 1339 3221 suam
1360 3208 1374 3232 ,
1908 3162 1954 3224 C
2056 3181 2192 3235 quos
2223 3167 2595 3233 disperserunt
2621 3165 2674 3220 iu
2706 3164 3014 3222 nationibus
3038 3208 3052 3232 ,
3078 3177 3133 3224 et
3164 3175 3365 3226 terram
3400 3186 3577 3227 meam

358 3247 413 3293 et
442 3238 684 3309 pepercit
704 3238 914 3309 pepulo
941 3252 1039 3293 suo
1071 3256 1083 3291 :
1710 3250 1721 3259 ·
2126 3236 2451 3309 diviserunt.

276 3309 357 3367 Et
385 3308 669 3379 respondit
699 3308 980 3376 Dominus,
1986 3308 2054 3364 Et
2082 3322 2247 3378 super
2276 3308 2533 3378 populum
2566 3322 2747 3364 meum
2781 3309 3046 3365 miserunt
3077 3321 3281 3367 sortem
3311 3328 3325 3367 :

361 3390 417 3436 et
445 3380 583 3434 dixit
610 3380 809 3450 populo
832 3396 931 3435 suo
964 3398 977 3433 :
2056 3389 2112 3435 et
2137 3388 2435 3450 posuerunt
2464 3393 2688 3447 puerum
2714 3382 2766 3435 in
2801 3382 3126 3450 prostibula,

283 3453 430 3510 Ecce
454 3466 555 3525 ego
586 3454 794 3509 mittam
849 3452 1002 3507 vobis
1053 3452 1412 3525 frumentum,
1464 3461 1519 3509 et
1575 3453 1784 3523 vinum,
1827 3460 1883 3515 et
1986 3522 2031 3525 __
2059 3461 2116 3506 et
2144 3451 2375 3525 puellam
2408 3451 2774 3525 vendiderunt
2802 3467 2901 3525 pro
2932 3456 3077 3515 vino,
3106 3453 3471 3525 utbiberent.

435 3516 637 3589 oleum,
719 3594 727 3596 7
779 3595 784 3596 7
1312 3516 1317 3525 ’
1397 3516 1407 3521 ’
1772 3516 1781 3523 ’
1985 3516 2187 3579 Verum
2218 3521 2346 3596 quid
2374 3520 2529 3596 vobis
2555 3532 2607 3577 et
2639 3516 2995 3593 mihinyrus
3017 3536 3069 3577 et
3098 3523 3294 3596 Sidon,
3392 3516 3409 3525 ”

361 3603 418 3650 et
448 3594 788 3664 replebimini
828 3609 933 3650 eo:
2061 3606 2112 3650 et
2141 3595 2320 3648 omnis
2371 3595 2642 3650 terminus
2675 3596 3119 3650 Pala-stinorum?

284 3667 359 3724 Et
385 3681 493 3720 non
516 3667 656 3720 dabo
683 3682 779 3739 vos
806 3668 947 3739 ultra
971 3666 1323 3738 opprobrium
1358 3668 1409 3721 in
1435 3668 1709 3739 gentibus.
1808 3738 1813 3739 7
2068 3664 2614 3739 numquidultionem
2647 3680 2743 3721 vos
2776 3666 3013 3722 reddetis
3046 3667 3175 3723 mihi
3200 3668 3223 3723 ?

286 3740 359 3796 Et
387 3753 535 3804 eum,
562 3739 651 3806 qui
678 3737 746 3792 ab
774 3734 1165 3808 aquilone'est.
1202 3734 1388 3809 procul
1418 3734 1611 3795 faciam
1640 3756 1670 3794 a
1694 3738 1880 3794 vobis:
1990 3739 2058 3795 Et
2086 3738 2133 3792 si
2161 3734 2486 3792 ulciscimini
2520 3752 2614 3793 vos
2642 3748 2826 3793 contra
2857 3753 2964 3805 me,

361 3821 413 3891 et
446 3808 717 3891 expellam
748 3826 870 3864 eum
904 3808 958 3865 in
994 3808 1211 3891 terram
1241 3813 1445 3891 inviam
1475 3823 1529 3867 et
1559 3815 1831 3868 desertam
1868 3829 1883 3867 :
2059 3812 2171 3865 cito
2208 3809 2470 3865 velociter
2517 3811 2737 3865 reddam
2768 3810 3198 3867 vicissitudinem
3236 3811 3391 3871 vobis
3421 3828 3585 3888 super

363 3879 556 3935 faciem
584 3882 701 3951 ejus
731 3893 919 3937 contra
946 3897 1098 3938 mare
1120 3885 1406 3948 orientale,
2134 3891 2291 3949 caput
2318 3892 2580 3936 vestrum.

362 3962 419 4007 et
443 3960 744 4027 extremum
770 3958 889 4024 ejus
911 3955 979 4009 ad
1020 3970 1168 4010 mare
1199 3958 1553 4010 novissimum
1584 3971 1598 4009 :
1992 3954 2310 4027 Argentum
2338 3952 2484 4008 enim
2520 3969 2699 4009 meum
2740 3961 2795 4007 et
2846 3966 3037 4009 aurum
3070 3952 3178 4027 [ΑΙ.
3217 3956 3346 4012 add.
3382 3954 3587 4027 meum]

293 4024 363 4081 Et
394 4025 649 4079 ascendet
680 4023 819 4080 fetor
840 4026 980 4095 ejus,
2074 4023 2089 4025 “
2142 4023 2345 4080 tulistis
2372 4041 2385 4075 :

364 4104 419 4151 et
445 4096 705 4221 asc‘endet
751 4094 978 4168 putredo
1007 4097 1125 4169 ejus
1148 4139 1164 4166 ,
1209 4098 1335 4181 quia
1364 4097 1472 4170 [AL
1505 4096 1619 4169 qui]
1653 4096 1889 4168 superbe
2063 4108 2119 4153 et
2137 4094 2689 4222 ddisildleraléigigmea
2736 4106 2789 4152 ct
2833 4098 3201 4167 pulcherrima
3234 4099 3494 4157 intulistis
3536 4099 3589 4155 in

439 4183 523 4222 82!
554 4206 569 4222 ο
2177 4186 2203 4221 ε
2232 4183 2262 4221 υ
2334 4184 2363 4221 a
2392 4184 2421 4220 ν
2580 4207 2593 4219 .

439 4176 569 4238 egit.
1226 4178 1229 4181 λ

1226 4178 1229 4181 λ
2137 4176 2363 4222 delubra
2392 4176 2592 4223 vestra.

292 4238 414 4296 Noli
455 4244 665 4307 timere,
701 4248 866 4308 terra,
1997 4240 2065 4296 Et
2095 4240 2236 4295 filios
2269 4238 2405 4294 Juda
2454 4249 2509 4295 et
2547 4238 2691 4307 filios
2740 4238 3046 4297 Jerusalem
3099 4241 3424 4299 vendidistis
3466 4238 3593 4295 filiis

368 4313 599 4374 exsulta,
632 4320 687 4366 et
714 4312 901 4369 laetare
932 4331 943 4365 :
1994 4318 1997 4323 '
2134 4310 2449 4367 Grmcorum
2484 4327 2495 4363 :

369 4385 621 4453 quoniam
652 4383 1017 4455 magniﬁcavit
1043 4384 1323 4449 Dominus,
1357 4394 1416 4441 ut
1445 4384 1669 4441 faceret.
2072 4394 2128 4437 ut
2158 4384 2312 4453 longe
2338 4381 2589 4455 faceretis
2621 4394 2714 4435 eos
2746 4381 2811 4455 de
2834 4382 3194 4455 finibussuis.

294 4451 475 4509 Nolite
505 4451 1014 4519 timerefanimalia
1046 4457 1291 4526 regionis
1324 4476 1335 4511 :
2002 4455 2139 4510 Ecce
2166 4451 2269 4523 ego
2296 4454 2577 4508 suscitabo
2606 4467 2702 4505 eos
2729 4451 2797 4507 de
2829 4454 2950 4507 loco
2974 4494 2990 4522 ,
3037 4454 3091 4509 in
3125 4468 3232 4524 quo
3266 4452 3593 4511 vendidistis

368 4529 493 4610 quia
515 4528 965 4623 Igerminaver7u7nt
988 4543 1234 4623 speetosa
1266 4529 1495 4599 deserti,
1918 4562 1972 4623 Β
2105 4606 2120 4623 .
2142 4541 2238 4581 eos
2268 4542 2280 4577 :

368 4594 491 4665 quia
515 4597 715 4668 lignum
738 4600 920 4654 attulit
943 4594 1171 4653 fructum
1201 4616 1381 4667 suum,
1482 4594 1493 4599 ’
1923 4594 1972 4623 ν
2070 4606 2124 4652 et
2152 4606 2471 4651 convertam
2504 4594 2920 4651 retributionem
2945 4602 3179 4650 vestram
3212 4596 3265 4650 in
3295 4604 3458 4667 caput
3500 4609 3594 4653 ve-

374 4672 505 4723 licus
535 4679 590 4725 et
618 4672 770 4726 vinea
800 4672 1068 4726 dederunt
1094 4673 1350 4726 virtutem
1382 4686 1560 4726 suam.
2140 4679 2334 4722 stram.

300 4740 403 4810 Et,
434 4741 525 4795 [iiii
558 4740 714 4808 Sion,
746 4744 1032 4807 exsultate,
1056 4750 1111 4797 et
1134 4742 1389 4797 lmtamini
1432 4744 1485 4798 in
1514 4740 1747 4797 Domino
1781 4741 1889 4797 Deo
2000 4741 2067 4796 Et
2094 4739 2321 4864 ve‘pldam
2356 4736 2505 4863 filJios1
2525 4743 2759 4804 vestros,
2778 4744 2833 4791 et
2855 4736 2997 4793 ﬁlias
3019 4746 3231 4794 vestras
3257 4740 3309 4793 in
3343 4738 3594 4795 manibus

444 4823 665 4864 vestro:
2204 4824 2378 4864 torum
2439 4824 2471 4863 u
2514 4823 2566 4864 a.

444 4823 627 4869 vestro
653 4832 665 4867 ί
2144 4823 2378 4864 ttltorutn
2405 4823 2566 4874 Juua,

374 4884 497 4955 quia
526 4886 677 4940 dedit
704 4885 858 4943 vobis
884 4886 1161 4942 doctorem
1190 4886 1433 4954 justitiaa,
2071 4890 2125 4939 et
2152 4878 2547 4955 venundabuut
2574 4895 2669 4937 eos
2696 4879 2903 4949 Sabaeis
2932 4883 3077 4953 genti
3117 4881 3450 4954 longinqua},

376 4952 431 5011 et
460 4957 793 5013 descendere
822 4958 986 5011 faciet
1012 4959 1076 5012 ad
1108 4952 1207 5013 vos
1232 4959 1456 5013 imbrem
1487 4956 1809 5011 matutinum
1840 4964 1896 5012 et
2072 4954 2196 5022 quia
2230 4952 2493 5006 Dominus
2520 4952 2732 5006 loculus
2760 4962 2867 5008 est.

449 5032 779 5102 serotinum,
812 5031 955 5084 sicut
998 5029 1106 5102 [AL
1164 5038 1292 5084 tacet
1323 5030 1483 5102 sicut]
1519 5028 1571 5083 in
1603 5028 1889 5100 principio.
2001 5026 2373 5102 Cliimateltoc
2397 5024 2757 5102 ingentibus.

306 5100 372 5156 Et
398 5101 770 5172 implebantur
797 5115 937 5156 area:
964 5095 1256 5167 frumento,
1466 5095 1483 5102 ’
1603 5095 1619 5100 ’
1780 5095 1795 5099 ⁷
2076 5096 2412 5172 sanctiﬁcate
2436 5095 2667 5172 bellum,

378 5184 431 5228 et
464 5167 849 5228 iedundabunt
876 5174 1165 5229 toreularia
1194 5174 1320 5229 vino
1348 5181 1406 5229 et
1436 5173 1584 5231 oleo.
2078 5169 2339 5225 suscitate
2370 5167 2622 5223 robustos
2656 5183 2669 5220 :

310 5243 379 5301 Et
407 5244 629 5301 reddam
661 5244 817 5300 vobis
840 5259 1028 5312 annos,
1088 5244 1093 5257 ‘
2008 5242 2317 5308 Accedant,
2348 5239 2649 5294 ascendant
2673 5251 2869 5305 omnes
2896 5236 2996 5293 viri
3025 5237 3346 5296 bellatores.

382 5397 408 5426 ι
440 5384 670 5441 Palatini
702 5401 833 5441 mss.
866 5385 1064 5459 quibus
1086 5386 1139 5440 in
1167 5384 1589 5459 Commentariis
1614 5398 1895 5459 recogno-
2001 5385 2128 5458 gine
2174 5401 2276 5459 pro
2316 5387 2561 5459 variante
2594 5384 2858 5459 lectione,
2888 5384 3269 5459 deprecobilis;
3292 5386 3444 5455 Atia
3467 5401 3605 5459 con-

308 5460 527 5517 scendis
564 5460 645 5513 usi
697 5452 914 5523 smnus,
969 5458 1022 5511 in
1070 5466 1220 5512 textu
1266 5458 1599 5527 praeferunt,
1634 5466 1681 5511 et
1708 5458 1899 5529 mullus
2003 5452 2446 5513 textu'Canonis
2490 5452 2966 5529 Cru'cassouensis'
2999 5452 3194 5528 legitur
3236 5452 3604 5529 deprecobilia,

309 5530 667 5586 misericordia
715 5540 762 5587 et
816 5529 1173 5601 deprecabilis.
1208 5530 1552 5585 Martiana-us
1588 5544 1804 5601 quoque
1846 5528 1901 5581 in
2009 5530 2213 5601 absque
2244 5530 2349 5601 ulla
2382 5531 2627 5583 variante
2658 5528 2889 5601 lectione
2918 5529 3220 5601 marginali.
3246 5528 3423 5584 ΜΑιιτ.

312 5545 667 5586 misericordia
715 5545 762 5587 et
816 5545 881 5584 ae
918 5545 1173 5584 recavum.
1208 5545 1552 5585 maruana-us
1628 5545 1804 5597 ttnqtle
1847 5545 1901 5581 In
2009 5545 2213 5601 absque
2244 5545 2349 5584 una
2382 5545 2627 5583 variante
2658 5545 2889 5582 tecuone
2918 5545 3220 5596 marginan.
3247 5545 3423 5584 ιιιΑιιτ.

312 5618 420 5658 uno
448 5602 688 5658 alterove
718 5619 810 5655 ius.
854 5547 1214 5669 Jeprecnbilis,
1260 5604 1380 5655 loco
1413 5545 1716 5665 prcestaiilis
1749 5601 1905 5654 inve-
2087 5612 2108 5639 ο
2146 5600 2374 5669 Quidam
2428 5615 2586 5665 mss.,
2641 5615 2780 5671 quos
2833 5598 2974 5654 inter
3004 5609 3057 5654 et
3090 5600 3347 5665 Palatin.,
3384 5598 3612 5671 addunt,

316 5677 411 5732 nit.
448 5675 673 5730 Hebraea
699 5690 801 5729 vox
836 5681 1013 5735 atas:
1042 5675 1257 5743 proprie
1287 5673 1613 5744 pwnitentem
1651 5682 1831 5744 sonat.
2016 5689 2178 5742 meas,
2206 5671 2350 5743 quod
2381 5687 2679 5742 pronomen
2727 5670 2986 5727 llebraaus
3017 5673 3213 5728 nedum
3254 5671 3372 5739 ltic,
3415 5672 3510 5726 sed
3542 5670 3611 5729 ad

385 5746 414 5786 δ
446 5747 500 5801 ln
550 5750 845 5815 exemplari
888 5746 1124 5802 Canonis
1157 5743 1293 5800 Heb.
1342 5744 1501 5817 verit.
1538 5752 1723 5817 nostro
1766 5743 1909 5799 San-
2021 5760 2213 5813 vocem
2241 5759 2457 5817 quoque
2482 5758 2680 5815 servos,
2715 5751 2897 5802 tacet.

317 5819 675 5879 Germanensi
718 5814 916 5894 legitur
945 5819 999 5875 in
1029 5826 1201 5889 textu,
1233 5815 1560 5891 prwslabilis,
1602 5826 1655 5874 et
1686 5814 1742 5873 in
1772 5828 1915 5873 mar-
