2054 3180
271 142 339 177 1031

270 204 412 234 Concidite
425 208 514 233 aratra
529 208 619 234 vestra
635 202 662 233 in
675 204 791 240 gladios,

305 246 333 270 et
346 241 450 278 ligones
463 246 569 270 vestros
586 242 613 269 in
628 241 751 270 lanceas.

273 276 399 306 Infirmus
410 278 483 305 dicat
498 286 506 305 :

269 313 338 349 Quia
354 313 432 342 fortis
444 321 495 349 ego
512 321 583 341 sum.

270 348 412 385 Erumpite
425 371 432 384 ,
449 348 477 377 et
499 349 591 386 venite
615 356 711 378 omnes
725 352 820 386 gentes
836 349 871 378 de
892 350 1026 386 circuitu,
1042 355 1071 380 et

342 385 567 421 congregamini:

309 420 346 449 ibi
363 420 528 450 occumbere
543 420 625 449 faciet
639 420 773 449 Dominus
787 422 915 451 robustos
931 427 1002 451 tuos.

267 455 449 492 Consurgant,
464 461 491 494 e_t
501 456 656 494 ascendant
665 461 759 491 gentes
769 457 796 484 in
812 458 912 486 vallem
923 458 1068 494 Josapbat:

305 494 368 528 quia
379 491 422 521 ibi
436 491 539 520 sedebo
554 497 584 520 ut
599 492 718 528 judicent
737 501 833 522 omnes
855 499 950 530 gentes
966 491 997 522 in
1013 495 1069 523 cir-

340 529 426 556 cuitu.

268 562 367 592 Mittite
380 564 476 598 falces,
490 564 618 599 quoniam
631 565 779 592 maturavit
791 565 891 594 messis
905 575 912 594 :

304 599 406 632 vertite.
423 605 451 628 et
467 600 646 637 descendite,
662 601 726 635 quia
738 601 852 636 plenum
867 607 910 630 est
929 602 1068 637 torcular,

340 636 492 665 exuberant
503 636 652 663 toreularia
668 645 676 663 :

303 672 367 707 quia
380 671 557 707 multiplicata
572 676 614 699 est
625 672 729 700 malitia
743 680 850 700 eorum.

267 707 363 743 Populi
379 709 470 743 populi
486 708 513 735 in
529 708 600 736 valle
612 707 780 736 concisionis
795 717 801 736 :

302 744 365 780 quia
376 744 452 779 juxta
467 749 509 771 est
522 743 581 771 dies
597 744 704 771 Domini
725 744 752 772 in
767 744 838 773 valle
853 745 1031 775 concisionis.

265 778 318 807 Sol
327 785 354 807 et
365 778 426 807 luna
438 780 608 808 obtenebrati
625 785 700 812 sunt,

301 819 330 843 et
342 816 430 843 stella:
446 821 623 851 retraxerunt
637 816 814 851 splendorem
828 825 920 845 suum.

267 850 303 878 Et
315 851 446 880 Dominus
461 851 496 879 de
512 850 577 879 Sion
591 850 680 886 rugiet
693 873 700 885 ,

300 892 328 914 et
342 887 377 914 de
390 887 541 915 Jerusalem
556 887 633 915 dabit
646 895 741 916 vocem
761 895 840 917 suam
859 897 867 917 ε

264 921 298 951 Et
312 923 495 952 movebuntur
509 922 582 957 cteli,
597 927 627 952 et
640 928 711 952 terra
728 933 733 950 :

769 146 799 177 S.
821 144 1012 178 lllERONYMl
1031 143 1148 179 DlVlNA
1168 146 1405 180 BIBLIOTHECA.

1092 207 1120 238 A
1168 213 1194 236 et
1209 208 1340 237 Dominus
1354 216 1417 243 spes
1429 205 1521 244 populi
1536 207 1595 244 sui,
1612 208 1615 211 ⁴

1851 148 1920 183 £032

1166 249 1194 272 et
1206 244 1335 272 fortitudo
1348 244 1469 272 filiorum
1483 244 1578 272 Israel.

1125 278 1159 307 Et
1174 281 1265 309 scietis
1277 282 1339 316 quia
1353 288 1403 316 ego
1415 280 1548 308 Dominus
1565 280 1637 308 Deus
1653 285 1760 316 vester,

1162 316 1286 344 habitans
1297 317 1324 344 in
1339 316 1405 344 Sion
1421 317 1447 343 in
1461 321 1553 345 monte
1568 321 1665 345 sancto
1677 325 1741 346 meo
1755 326 1763 346 :

1123 349 1158 379 Et
1172 353 1224 380 erit
1239 352 1390 380 Jerusalem
1405 358 1510 386 sancta,

1160 393 1186 415 et
1201 388 1354 426 alieniunon
1359 388 1518 426 transibunt
1530 396 1578 424 per
1596 396 1659 417 eam
1671 389 1788 426 amplius
1805 398 1813 418 :

1124 421 1159 450 Et
1173 424 1225 451 erit
1238 424 1265 451 in
1278 424 1321 452 die
1337 423 1385 451 illa
1402 433 1408 450 :

1158 459 1302 487 stillabunt
1321 465 1429 488 montes
1441 460 1613 490 dulcedinem
1628 470 1636 490 :

1159 500 1186 523 et
1201 496 1287 523 colles
1302 495 1387 524 ﬂuent
1410 496 1480 524 lacte
1495 506 1501 523 :

1159 536 1186 568 ct
1201 539 1360 568 perromnes
1373 531 1449 559 rivos
1462 532 1530 560 Juda
1546 533 1624 560 ibunt
1638 540 1715 568 aqua:
1733 542 1739 560 z

1124 564 1158 593 Et
1173 564 1233 604 fons
1244 567 1281 604 de
1290 567 1374 604 domo
1390 568 1497 595 Domini
1513 564 1684 604 egredietur,

1158 608 1186 631 et
1201 603 1327 638 irrigabit
1344 608 1495 632 torrentem
1520 603 1671 639 spinarum.

1121 636 1265 674 Egyptus‘
1274 640 1301 666 in
1315 639 1513 667 desolationem
1530 636 1594 673 erit,

1157 674 1192 702 Et
1205 674 1322 703 ldumtea
1339 675 1366 702 in
1382 675 1520 704 desertum
1536 675 1698 711 perditionis
1714 684 1721 702 :

1121 708 1174 738 Pro
1189 718 1222 738 eo
1230 711 1309 747 quod
1324 710 1417 746 inique
1432 708 1543 747 egerint
1563 712 1590 738 in
1606 711 1678 739 filios
1694 710 1775 744 Juda,

1156 750 1185 774 et
1208 746 1354 774 cll‘udcrint
1370 746 1529 782 sanguinem
1550 747 1724 775 innocentem
1741 748 1769 775 in
1784 751 1858 776 terra
1871 754 1922 776 sua

1123 779 1155 808 Et
1166 782 1259 810 Judtea
1276 782 1304 809 in
1320 779 1452 810 :eternu‘m
1469 783 1647 816 habitabitur,

1156 822 1184 846 et
1199 817 1349 846 Jerusalem
1364 819 1390 846 in
1405 819 1611 854 generationem
1623 823 1652 847 et
1665 818 1884 854 generationem.

1121 854 1157 883 Et
1171 854 1309 891 mandabo
1323 855 1483 890 sanguinem
1497 862 1602 889 eorum,
1616 861 1695 891 quem
1707 854 1761 890 [ΑΙ.
1775 854 1855 890 quos]
1866 862 1921 883 non

1192 890 1386 918 mundaveram
1401 899 1408 917 :

1084 926 1109 956 B
1158 930 1185 954 et
1197 925 1327 954 Dominus
1340 926 1556 955 commorabitur
1573 927 1600 955 in
1623 926 1702 956 Sion.

891 981 1009 1019 Explicil
1022 982 1086 1011 liber
1099 983 1161 1011 Joel
1171 983 1314 1020 prop/tene.

261 1050 1906 1069 Ἥ

984 1117 1202 1161 INCIPIT

446 1185 746 1266 LIBER
794 1193 1076 1269 AMOS
1123 1197 1722 1273 PROPHETXE.

260 1346 491 1413 [Cap.1l'.l]ec\:le3rba
513 1351 597 1380 Amos
621 1353 665 1388 qui
692 1352 743 1382 fuit
760 1353 788 1382 in
812 1358 825 1373 α
848 1355 1006 1391 pastoribus
1027 1356 1062 1385 de

379 1393 447 1414 ecue
461 1394 469 1414 ἶ

296 1428 359 1463 quis
372 1421 441 1463 yidit
456 1429 539 1463 super
553 1422 634 1463 Israel
650 1423 677 1452 in
690 1424 789 1463 diebus
803 1425 877 1454 Ozia:
892 1427 965 1462 regis
980 1427 1058 1463 Juda,

332 1457 398 1499 etin
413 1457 510 1485 diebus
523 1458 669 1487 Jeroboam
686 1460 734 1488 filii
747 1461 811 1490 Joas
826 1463 899 1499 regis
911 1457 1007 1498 Israel,

298 1497 362 1521 ante
375 1492 443 1521 duos
460 1501 548 1522 annos
559 1498 639 1523 teme
654 1501 754 1525 motus.

261 1526 296 1555 Et
310 1528 378 1556 dixit
394 1537 401 1555 :

297 1563 429 1601 Dominus
444 1564 477 1592 de
485 1565 551 1594 Sion
566 1567 664 1601 rugiet,

295 1603 324 1627 et
339 1600 373 1628 de
385 1599 536 1629 Jerusalem
552 1599 731 1632 dabitvocem
745 1611 823 1633 suam
840 1614 848 1632 :

257 1634 429 1673 Etluxerunt
443 1638 568 1671 speciosa
584 1643 736 1673 pastorum,

296 1677 323 1699 et
336 1672 489 1699 exsiccatos
500 1678 542 1700 est
554 1672 649 1702 vertex
663 1672 794 1704 Carmeli.

260 1706 324 1734 ll:ec
338 1707 406 1735 dicit
421 1707 550 1737 Dominus
566 1718 574 1737 :

259 1741 348 1778 Super
369 1743 455 1771 tribus
469 1744 621 1774 sceleribus
635 1746 773 1782 Damasci,
795 1752 822 1776 et
841 1756 924 1784 super
944 1754 1061 1785 quatuor

331 1786 385 1806 non
396 1785 554 1808 convertam
570 1790 631 1810 eum
646 1791 652 1809 Ξ
773 1805 779 1810 .

294 1821 328 1842 eo
340 1814 416 1853 quod
428 1816 624 1853 triturayerint
637 1818 664 1845 in
687 1819 816 1853 plaustris
830 1819 930 1849 ferreis
943 1821 1057 1850 Galaad.

260 1849 416 1887 Et_mitlam
428 1850 517 1886 ignem
531 1851 558 1880 in
573 1849 794 1887 domum-Azael,

295 1884 330 1912 Et
344 1884 485 1914 devorabit
495 1887 591 1916 domos
602 1889 741 1918 Benadad.

262 1920 296 1949 Et
307 1925 445 1949 conteram
462 1929 564 1951 vectem
581 1925 705 1953 Damasci
723 1935 729 1952 ε

294 1961 322 1999 et
337 1956 492 1999 disperdam
504 1959 685 1999 habitatorem
699 1961 734 1999 de
750 1970 848 1999 campo
861 1963 940 1991 idoli.

293 1996 322 2034 et
337 1996 474 2034 tenentem
490 2000 628 2034 sceptrum
644 1997 677 2034 de
690 1997 778 2034 domo
786 1996 933 2034 voluptatis
950 2009 956 2027 ς

292 2032 321 2056 et
337 2029 516 2070 transferetur
531 2029 647 2066 pollutus
659 2032 744 2068 Syrire
760 2029 897 2070 Cyrenen,
913 2035 980 2065 dicit
1000 2037 1055 2066 Do-

332 2072 432 2093 minus.

256 2098 319 2127 Haec
331 2100 398 2128 dicit
413 2101 544 2129 Dominus
557 2111 564 2128 :

255 2135 344 2171 Super
359 2136 448 2178 tribus
464 2138 614 2167 sceleribus
628 2138 721 2173 Gazae,
736 2144 764 2169 et
776 2147 860 2177 super
874 2148 990 2178 quatuor
1001 2152 1055 2173 non

327 2177 486 2200 convertam
502 2180 564 2201 eum
578 2182 585 2200 Ζ

292 2214 324 2235 eo
340 2208 412 2251 quod
430 2208 620 2251 transtulerint
639 2211 824 2251 captivitatem
847 2214 1008 2251 perfectam,
1026 2222 1053 2245 ut

328 2243 525 2272 concluderent
536 2252 596 2273 eam
613 2247 638 2273 in
652 2243 782 2276 ldumara.

256 2277 287 2305 Et
302 2278 407 2318 mittam
423 2280 556 2318 ignemin
572 2290 678 2318 murum
692 2282 784 2318 Gazte,

290 2314 473 2352 etdevorabit
485 2316 558 2344 :edes
573 2317 643 2352 ejus.

258 2349 292 2378 Et
305 2350 460 2385 disperdam
475 2349 656 2382 habitatorem
672 2354 707 2383 de
720 2355 817 2390 Azoto,

294 2390 322 2413 et
338 2391 474 2415 tenentem
490 2394 626 2424 sceptrum
640 2390 674 2418 de
688 2390 821 2420 Ascalone
837 2402 844 2420 :
865 2393 875 2418 -.“

255 2420 289 2449 Et
304 2428 461 2462 convertam
477 2420 691 2462 manum_meam
707 2434 789 2462 super
804 2427 940 2461 Accaron.

290 2462 316 2485 et
329 2459 457 2498 peribunt
471 2459 824 2498 reliqui_Pliilistltinorum,
840 2464 907 2492 dicit
921 2459 1051 2495 Dominus

329 2495 398 2532 Deus
411 2494 467 2532 [ᾼι.
483 2499 559 2532 tacet.
574 2495 667 2532 Deus].

254 2529 319 2556 llaec
333 2529 397 2556 dicit
411 2529 543 2558 Dominus
561 2540 566 2559 :

258 2565 346 2600 Super
361 2565 446 2593 tribus
460 2566 609 2596 sceleribus
624 2567 701 2604 Tyri,
718 2572 745 2596 et
767 2577 851 2607 super
867 2575 982 2607 quatuor
996 2581 1049 2602 non

326 2606 481 2628 οοιινρηθιιι
496 2609 557 2630 eum
575 2612 582 2630 Σ

290 2643 323 2663 co
344 2636 415 2672 quod
434 2638 619 2668 concluserint
639 2641 824 2677 captivitatem
845 2642 995 2677 perfectam
1020 2645 1048 2674 in

289 2712 302 2727 ι
316 2707 356 2749 Ιξι
382 2707 507 2749 Hebraeo.
520 2708 557 2738 ita
572 2717 602 2749 se
626 2711 743 2749 vertisse
757 2712 854 2740 asserit
868 2711 1050 2749 Hieronymus

252 2743 301 2772 lib.
309 2744 587 2784 thmmenlariornm
596 2746 623 2774 in
630 2745 907 2783 Amos,eoque_modo
918 2743 1048 2784 scri'ptuni

253 2779 404 2815 reperimus
423 2780 599 2819 in__omnibus
614 2779 823 2819 exemplaribus
837 2791 904 2812 mss.
919 2779 1047 2819 Canonis,

252 2820 281 2855 et
295 2823 434 2855 sacrorum
448 2815 607 2855 Dibliorurn.
623 2815 703 2847 Editi'
715 2819 823 2855 legunt,
838 2821 865 2847 in
889 2815 1047 2855 pastoribus:

252 2852 287 2891 ᾼι
301 2852 335 2891 de
346 2851 392 2891 bis.
402 2851 554 2891 audiendus
569 2851 755 2891 Hieronymus
769 2864 775 2882 :
788 2851 823 2883 In
839 2864 868 2883 eo
882 2851 968 2891 autem
980 2856 1047 2890 loco,

251 2887 349 2925 inquit,
365 2887 408 2914 ubi
422 2885 498 2925 LXan
514 2885 718 2925 transtulerunt,
746 2892 773 2918 in
788 2892 912 2924 necarint,
927 2885 1049 2919 Tlteodo;

251 2924 287 2952 tio
310 2923 394 2958 ipsum
415 2923 518 2952 verbum
532 2923 687 2953 Ilebraicum
709 2923 797 2962 posuit
821 2923 952 2962 Noomin,
978 2928 1048 2962 quod

1190 1358 1316 1393 idumaaa,

1156 1399 1183 1421 ct
1198 1404 1249 1422 non
1266 1397 1321 1423 sint
1332 1396 1468 1424 recordati
1483 1396 1594 1425 foederis
1607 1396 1722 1425 fratrum
1736 1406 1743 1424 :

1112 1430 1148 1458 Et
1163 1431 1267 1469 mittam
1286 1433 1417 1469 ignemin
1430 1440 1539 1469 murum
1555 1432 1631 1469 Tyri,

1149 1471 1175 1493 ct
1190 1466 1333 1494 dcvorabit
1348 1468 1420 1496 :cdes
1435 1468 1503 1503 ejus.

1113 1501 1177 1529 Haec
1193 1503 1257 1530 dicit
1275 1504 1404 1530 Dominus
1424 1513 1428 1530 :

1113 1537 1202 1572 Super
1217 1540 1303 1566 tribus
1319 1540 1467 1568 sceleribus
1481 1541 1580 1576 Edom,
1591 1546 1619 1570 et
1630 1549 1711 1577 super
1722 1544 1842 1577 quatuor
1852 1548 1908 1569 non

1183 1580 1341 1602 convertam
1358 1583 1419 1603 eum
1438 1585 1444 1602 Ζ

1147 1616 1181 1637 eo
1191 1611 1262 1648 quod
1279 1615 1436 1645 persecutus
1446 1613 1481 1640 sit
1493 1613 1519 1640 in
1540 1613 1629 1648 gladio
1644 1613 1755 1641 fratrem
1768 1620 1860 1645 suum.

1146 1650 1174 1673 et
1185 1646 1329 1684 violaverit
1345 1646 1563 1676 misericordiam
1577 1649 1646 1684 ejus,
1661 1654 1690 1677 et
1703 1649 1824 1677 tenuerit
1837 1649 1913 1676 ultra

1184 1682 1305 1710 furorem
1322 1690 1412 1715 suum,

1150 1721 1177 1744 et
1190 1718 1491 1757 indignationemsuam
1506 1721 1659 1750 servaverit
1672 1728 1759 1757 usque
1770 1721 1799 1749 in
1814 1720 1910 1749 finem.

1111 1751 1215 1781 Mittam
1232 1751 1321 1789 ignem
1333 1755 1358 1782 in
1376 1754 1497 1783 Tlicman
1512 1765 1519 1783 τ

1147 1793 1175 1816 et
1189 1790 1333 1817 devorabit
1346 1790 1418 1818 aades
1434 1791 1536 1820 Bosrm.

1112 1824 1176 1852 Hzec
1186 1825 1253 1853 dicit
1267 1826 1398 1854 Dominus
1416 1835 1422 1854 :

1112 1859 1200 1894 Super
1215 1861 1302 1889 tribus
1317 1862 1469 1891 sceleribus
1485 1863 1603 1892 ﬁliorum
1619 1865 1748 1899 Ammon,

1146 1900 1172 1923 ει
1188 1904 1270 1931 super
1284 1904 1403 1930 quatuor
1419 1907 1471 1926 llOll
1488 1905 1648 1927 convertam
1663 1908 1726 1928 cum
1741 1910 1746 1926 ε

1146 1940 1177 1959 eo
1191 1933 1262 1971 quod
1279 1934 1441 1971 dissecuerit
1452 1941 1623 1971 prmgnantes
1635 1936 1738 1964 Galaad
1751 1936 1785 1964 ad
1795 1935 1911 1965 dilatan-

1181 1969 1243 1995 dlllll
1260 1970 1405 1996 terminum
1421 1978 1498 1998 SllUlll
1505 1991 1510 1997 .

1111 2003 1143 2030 Et
1158 2005 1320 2031 succendunt
1336 2006 1425 2040 ignem
1443 2007 1469 2033 in
1487 2015 1564 2033 muro
1578 2007 1671 2036 Rabba
1689 2017 1694 2035 :

1145 2045 1171 2066 ct
1184 2040 1325 2077 devorabit
1341 2041 1413 2068 aedes
1428 2042 1487 2076 cjus
1500 2043 1526 2069 in
1544 2044 1646 2071 ululatu
1660 2044 1685 2071 in
1701 2043 1744 2071 die
1757 2044 1835 2077 belli,

1145 2081 1171 2101 et
1183 2076 1208 2102 in
1224 2076 1331 2103 turbine
1344 2077 1369 2103 in
1385 2077 1429 2104 die
1441 2078 1641 2107 commotionis.

1110 2111 1142 2138 Et
1154 2111 1203 2137 ibit
1215 2111 1349 2138 Mclcliom
1367 2114 1392 2139 in
1409 2114 1606 2146 captivitatem,

1143 2146 1237 2183 ipseret
1254 2147 1389 2182 principes
1405 2149 1462 2183 ejus
1473 2150 1566 2182 simul,
1577 2150 1643 2178 dicit
1654 2151 1796 2179 Dominus.

1107 2182 1181 2217 [C(Ip.
1201 2182 1244 2217 [L]
1264 2183 1325 2210 lltvc
1339 2184 1406 2211 dicit
1422 2182 1550 2213 Dominus
1569 2195 1575 2212 :

1106 2218 1193 2252 Super
1210 2219 1294 2245 Iribns
1308 2219 1456 2248 sceleribus
1467 2221 1545 2248 Moab
1561 2232 1567 2249 :
1581 2227 1608 2249 et
1620 2230 1700 2257 super
1717 2227 1835 2258 quatuor
1849 2229 1904 2250 non

1178 2259 1333 2281 COIlVCl‘lﬂlll
1351 2263 1411 2282 eum
1426 2265 1433 2283 Ζ

1142 2297 1175 2317 co
1192 2290 1263 2330 quod
1289 2291 1440 2319 incenderit
1461 2300 1521 2320 ossa
1537 2294 1607 2328 regis
1624 2293 1747 2322 Idumam
1764 2302 1849 2330 usque
1869 2294 1903 2322 ad

1179 2333 1308 2354 emerem.

1107 2361 1140 2388 Et
1153 2362 1256 2388 mittam
1271 2362 1359 2396 ignem
1375 2363 1401 2390 in
1418 2364 1507 2397 Moab,

1142 2402 1168 2424 et
1183 2397 1323 2425 dcvorabit
1334 2398 1406 2426 :rdes
1421 2400 1532 2428 (Iat'iotli
1550 2411 1554 2428 :

1143 2434 1463 2473 etmorieturinsonitu
1477 2437 1565 2470 Moab,
1581 2442 1607 2465 et
1623 2438 1649 2465 in
1663 2437 1793 2473 clangore
1806 2437 1900 2466 tuba:

1105 2468 1137 2495 Et
1149 2469 1304 2508 disperdam
1315 2469 1433 2508 judicent
1449 2471 1482 2499 de
1496 2468 1586 2500 medio
1599 2473 1669 2508 ejus,

1140 2513 1234 2544 euntes
1247 2506 1386 2544 principes
1409 2508 1468 2542 ejus
1493 2506 1654 2537 interficiam
1679 2517 1740 2538 cum
1767 2518 1813 2544 eo,
1835 2508 1901 2537 dicit

1178 2540 1306 2567 Dominus
1321 2549 1329 2567 ι

1105 2575 1167 2602 Πειιο
1181 2576 1244 2602 dicit
1259 2576 1388 2604 Dominus
1407 2587 1411 2604 :

1107 2612 1195 2646 Super
1211 2612 1298 2638 tribus
1320 2614 1469 2643 sceleribus
1482 2615 1561 2650 Juda,
1577 2622 1604 2645 et
1620 2624 1703 2653 super
1715 2622 1832 2653 quatuor
1845 2624 1898 2646 non

1176 2652 1332 2676 convertam
1347 2657 1408 2677 eutn
1421 2660 1428 2678 :

1105 2715 1199 2759 ξιμιὶια
1209 2717 1282 2759 vertit
1298 2718 1323 2745 ἐν
1336 2721 1556 2759 πορμανοςρᾷςζοις,
1568 2721 1597 2748 id
1611 2721 1665 2756 est,j
1675 2722 1701 2749 in
1715 2722 1898 2757 pastoralibus.

1104 2751 1276 2796 Symntacftlns
1287 2751 1420 2796 etﬂquinta
1437 2751 1526 2784 E'dt't'io
1535 2751 1564 2784 iii:
1577 2761 1634 2788 τοῖς
1646 2751 1794 2796 ἧροιρἐσμςν,
1809 2759 1836 2785 id
1850 2763 1898 2790 εει.

1104 2787 1130 2827 in
1139 2789 1293 2828 pastoribus.
1353 2796 1415 2826 puto
1425 2797 1530 2828 propter
1543 2787 1647 2820 nauru
1658 2787 1681 2820 ἐι
1695 2787 1743 2821 nias
1754 2787 1899 2821 litterarum

1101 2823 1296 2865 sitrtililudincnt
1312 2823 1463 2865 hic'quoque
1474 2823 1599 2864 'deceplos
1609 2836 1780 2864 :quamquam
1790 2830 1816 2856 in
1827 2830 1898 2865 prin-

1102 2858 1170 2893 cipio
1183 2861 1292 2887 nominis
1313 2858 1471 2890 nuu'liticra
1493 2858 1595 2891 nullam
1615 2858 1806 2892 decusationem
1819 2858 1898 2892 relin-

1101 2898 1163 2955 ἵησι
1185 2896 1289 2924 erroris.
1311 2898 1428 2925 Accart'm
1451 2904 1537 2926 autem
1560 2908 1640 2937 usque
1655 2901 1681 2928 in
1702 2901 1898 2937 praesentiarum

1114 2928 1240 2955 Iebmaum
1251 2940 1304 2955 ess»
1314 2940 1363 2955 mm
1379 2934 1429 2955 [mi
1455 2934 1532 2955 Min-r-

1114 2928 1240 2959 Iebrwum
1251 2940 1364 2961 essenon
1379 2934 1438 2969 legi.
1455 2934 1543 2963 Man’r.
