2025 3178
128 153 196 184 1055

163 222 196 243 eo
210 214 279 250 quod
295 213 428 248 abiecerit
447 214 532 250 legem
549 213 668 250 Domini,

162 254 190 278 et
202 249 324 278 mandata
341 250 400 285 ejus
416 257 470 277 non
477 249 647 279 custodierit
659 260 666 279 :

130 287 296 321 Deccperunt
307 286 379 313 ettim
396 293 444 313 eos
460 286 531 314 idola
546 294 605 320 sua,

164 326 222 356 post
232 329 291 356 quae
305 321 429 350 abierant
444 326 533 356 patres
548 330 655 351 eorum.

130 358 163 386 Et
173 359 274 385 mittam
285 357 374 392 ignem
390 357 417 385 in
431 357 539 391 Judatn,

164 398 190 421 et
200 393 340 421 devorabit
353 393 426 421 :edes
440 393 605 423 Jerusalem.

130 429 190 457 Ilmc
204 428 269 456 dicit
280 429 411 456 Dominus
425 438 433 456 :

129 465 213 500 Super
230 464 312 492 tribus
323 465 473 493 sceleribus
486 465 580 502 Israel,
597 470 625 495 et
637 473 720 502 super
731 469 848 502 quatuor
862 473 917 495 non

197 504 353 528 convertam
370 508 431 528 eutn
445 510 452 528 :

131 536 182 565 Pro
193 543 226 574 eo
237 536 311 571 quod
326 536 480 565 vendiderit
500 545 549 573 pro
569 537 623 574 [ΑΙ.
639 542 715 565 tacet.
731 538 792 574 pro]
807 543 921 574 argento

195 572 309 607 justum,

162 612 187 635 et
202 615 350 643 pauperem
366 616 415 643 pro
429 609 632 638 calceamentis.

128 644 176 678 Qui
190 649 335 672 conterunt
355 651 437 680 super
452 646 592 680 pulverem
614 651 694 675 terra:
715 647 804 683 capita
819 654 921 683 paupe-

198 687 255 707 rum
266 701 274 713 ,

163 720 189 743 et
202 715 271 743 viam
285 715 428 743 humilium
442 716 580 745 declinant
595 726 602 744 :

129 751 162 780 Et
175 751 289 815 ﬁliusﬁ:
302 756 378 786 pater
392 752 452 787 ejus
466 753 593 781 abierunt
608 753 673 789 [AL
688 754 851 782 introierunt
866 753 875 790 ]
887 754 921 782 ad

197 796 248 815 nue
291 796 327 815 m.

197 795 327 822 puellam,

162 829 190 851 ut
215 823 352 852 violarent
372 823 439 861 [ΑΙ.
468 824 644 861 polluerent]
669 833 769 854 nomen
795 829 921 854 sanctum

196 867 299 888 meum.

128 895 161 924 Et
179 903 260 930 super
280 896 453 933 vestimentis
474 897 624 933 pignoratis
644 897 830 926 accubuerunt
842 897 920 933 juxta

197 939 281 959 omne
295 932 392 965 altare,

163 968 293 995 etvinutn
309 967 500 996 damnatorum
515 968 642 997 bibebant
659 970 686 997 in
699 969 781 997 domo
802 968 851 996 Dei
867 968 920 996 sui.

129 1002 184 1038 Ego
198 1009 290 1031 autem
306 1004 482 1031 exterminavi
494 1004 683 1033 Amorrltaeum
696 1013 711 1032 a
721 1005 790 1033 facie
804 1010 902 1032 eorum
916 1013 924 1031 :

161 1038 237 1077 cujus
253 1039 381 1077 altitudo,
398 1040 540 1077 cedrorum
555 1040 668 1069 altitudo
680 1041 751 1077 ejus,

162 1078 189 1103 et
202 1074 282 1102 fortis
298 1075 356 1109 ipse
368 1076 445 1110 quasi
458 1083 575 1110 quercus
590 1085 597 1103 :

127 1109 161 1138 Et
176 1115 189 1128 ι
202 1111 320 1147 contrivi
337 1109 453 1147 fructum
467 1109 528 1147 ejus
542 1112 669 1147 desuper,

161 1150 188 1173 et
202 1146 309 1174 radices
322 1146 381 1182 ejus
395 1146 498 1175 subter.

126 1181 181 1217 Ego
195 1189 268 1220 sum,
285 1181 493 1220 qui'ascendere
507 1191 555 1210 vos
569 1182 619 1220 feci
631 1183 666 1211 de
677 1187 747 1210 terra
758 1182 887 1220 rEgypti,

161 1221 188 1245 et
201 1217 266 1245 duxi
284 1225 334 1245 vos
346 1218 372 1245 in
387 1219 496 1246 deserto
510 1218 685 1253 quadraginta
699 1219 788 1252 annis,

160 1259 189 1280 ut
202 1253 381 1288 possiderelis
396 1258 496 1282 terram
512 1255 675 1282 Amorrhtci.

126 1288 160 1316 Et
170 1289 302 1325 suscitavi
312 1289 346 1317 de
358 1290 421 1317 ﬁliis
432 1290 530 1318 vestris
544 1290 569 1317 in
584 1290 746 1325 Prophetas,

160 1329 189 1353 et
204 1324 240 1353 de
251 1325 396 1359 juvenibus
411 1326 508 1353 vestris
524 1324 668 1353 Nazarteos
685 1334 692 1353 :

124 1359 260 1396 Numquid
278 1370 329 1388 non
347 1363 380 1388 ita
395 1366 446 1394 est,
464 1362 511 1389 filii
526 1361 626 1389 Israel?
640 1361 706 1389 dicit
720 1361 861 1389 Dominus.

126 1396 160 1423 Et
172 1397 360 1430 propinabatis
376 1397 511 1424 Nazaraiis
525 1397 619 1425 vinum
638 1406 644 1423 :

161 1437 189 1459 et
200 1432 344 1466 I’ropltctts
359 1433 543 1468 mandabatis,
559 1433 680 1462 dicentes
698 1442 705 1460 ς

162 1468 201 1495 Ne
219 1469 396 1503 propltclctis.

127 1502 198 1531 Ecce
208 1512 259 1539 ego
270 1502 392 1532 Stridebo
407 1505 500 1533 subter
511 1513 570 1539 vos,

158 1539 232 1567 sicut
245 1540 341 1568 stridet
355 1541 505 1575 plaustrum
517 1545 645 1570 onustum
660 1541 732 1569 feno.

124 1574 159 1602 Et
175 1575 277 1611 peribit
287 1575 347 1611 fuga
356 1574 377 1602 7a
392 1578 494 1608 veloce,

159 1615 190 1638 et
204 1610 283 1638 [ortis
300 1619 353 1638 non
368 1611 502 1640 obtinebit
516 1612 643 1640 virtutem
657 1620 744 1644 suam,

159 1651 188 1674 et
201 1646 332 1674 robustus
348 1654 401 1674 non
416 1648 532 1675 salvabit
542 1649 660 1675 animam
673 1655 751 1675 suam
769 1656 775 1673 ε

123 1681 159 1709 Et
174 1687 274 1709 tenens
290 1690 384 1710 arcum
398 1690 453 1710 non
470 1683 563 1717 stabit,

159 1722 190 1745 et.
205 1717 285 1745 velox
298 1717 412 1752 pedibus
427 1718 486 1746 suis
500 1726 553 1746 non
565 1719 715 1746 salvabitur
729 1727 735 1745 :

157 1757 189 1781 et
201 1760 334 1781 ascensor
348 1754 409 1788 equi
426 1762 479 1781 non
491 1755 606 1782 salvabit
622 1754 741 1782 animam
756 1761 833 1783 suam
848 1762 856 1782 :

121 1788 158 1817 Et
172 1788 303 1817 robustus
317 1789 401 1817 corde
416 1790 487 1818 inter
502 1790 586 1818 fortes

160 1824 253 1860 nudus
264 1824 344 1860 fugiet
360 1825 386 1852 in
398 1825 443 1853 die
455 1826 510 1859 illa,
525 1826 591 1854 dicit
603 1826 747 1854 Dominus.

124 1859 214 1897 [Cap.
230 1860 273 1888 lll.
287 1859 301 1896 ]'
312 1860 412 1889 Audite
427 1862 555 1895 verbum,
571 1862 643 1897 quod
658 1862 765 1890 locutus
777 1865 819 1890 est
834 1861 927 1889 Domi-

200 1904 253 1924 nus
267 1903 349 1930 super
360 1905 420 1931 vos,
436 1898 483 1925 ﬁlii
501 1898 583 1926 Israel
600 1907 605 1924 :

160 1939 247 1968 super
259 1932 333 1996 enisi
349 1934 522 1968 cognatione,
541 1941 621 1969 quam
642 1933 723 1961 eduxi
737 1933 771 1961 de
792 1937 865 1961 terra
879 1932 928 1961 E-

202 1973 290 1996 ttvntt.
327 1975 423 1996 tcens:

260 1973 290 2001 ll,
307 1973 402 1996 GICCIIS
415 1977 423 1998 Ζ

260 1975 277 1995 ll
327 1975 350 1995 lC
377 1977 384 1995 1
415 1977 423 1998 ζ

124 1975 330 2032 Τθηιξὲῖριηόᾱῗ)
342 1976 402 2032 νεδξ
408 2005 522 2041 cognovi
536 2012 569 2033 ex
580 2005 708 2033 omnibus
721 2005 928 2041 cognationibus

200 2045 283 2068 terra;
301 2048 308 2068 ἒ

163 2076 270 2104 idcirco
282 2076 400 2105 visitabo
419 2084 502 2113 super
516 2085 566 2106 vos
588 2085 683 2106 omnes
705 2077 862 2113 iniquitates
880 2084 928 2105 ve-

200 2117 284 2140 stras.

126 2146 267 2185 Numquid
281 2147 459 2185 ambulabunt
473 2149 527 2177 duo
540 2149 654 2185 pariter,

203 2184 257 2212 nisi
270 2184 429 2213 convenerit
442 2185 499 2213 eis?

131 2219 271 2254 Numquid
286 2219 376 2255 rugiet
390 2221 432 2248 leo
447 2222 473 2248 in
488 2222 569 2255 saltu,

164 2256 218 2283 nisi
235 2255 361 2283 habuerit
375 2256 511 2291 prtcdum?

130 2290 270 2325 Numquid
284 2291 363 2322 dabit
375 2290 482 2320 catulus
506 2293 593 2321 leonis
606 2299 699 2320 vocem
716 2291 750 2320 de
770 2292 853 2320 cubili
869 2299 918 2320 suo

167 2327 222 2354 nisi
239 2327 341 2363 aliquid
354 2328 585 2363 appreltenderit?

206 2398 295 2433 cupe?

134 2434 274 2470 Numquid
289 2435 428 2463 auferetur
441 2435 554 2471 laqueus
569 2435 603 2464 de
618 2439 689 2465 terra
709 2439 854 2471 antequam
869 2434 934 2471 quid

208 2471 334 2504 ceperit?

134 2506 166 2534 Si
177 2506 288 2541 clanget
304 2506 365 2534 tuba
382 2507 408 2535 in
423 2507 544 2541 civitate,

172 2547 202 2570 et
212 2542 331 2579 populus
346 2550 400 2570 non
416 2544 600 2579 expavescet?

136 2577 165 2606 Si
180 2580 236 2606 erit.
250 2578 351 2605 malum
364 2579 390 2606 in
401 2577 520 2613 civitate,

173 2613 249 2649 quod
260 2614 392 2651 Dominus
402 2622 455 2651 non
471 2614 567 2651 fecerit
582 2615 636 2651 [ΑΙ.
652 2614 744 2651 fecit]?

139 2649 209 2684 Quia
221 2655 275 2678 non
294 2649 358 2678 facit
371 2649 425 2686 [AL
441 2650 533 2686 faciet]
547 2649 678 2678 Dominus
689 2649 762 2678 Deus
776 2650 901 2683 verbum,

175 2686 231 2714 nisi
254 2686 416 2714 revelaverit
441 2692 576 2714 secretum
599 2695 679 2715 suum
702 2688 736 2714 ad
761 2693 855 2714 servos
874 2692 940 2714 suos

213 2721 374 2756 Prophetas.

138 2756 197 2785 Leo
212 2758 312 2793 rugiet,
329 2758 389 2792 quis
403 2765 456 2786 non
468 2758 593 2786 timebit?

137 2793 275 2831 Dominus
292 2794 361 2831 Deus
376 2794 482 2831 locutus
492 2793 619 2831 est,‘quis
635 2802 687 2822 non
702 2793 894 2831 prophelabit?

140 2829 275 2858 Auditum
288 2829 368 2857 facile
382 2830 408 2857 iu
424 2830 529 2858 :edibus
544 2829 632 2864 Azoti,

179 2868 210 2893 et
223 2865 249 2892 in
265 2865 369 2893 aedibus
385 2870 463 2894 terra:
478 2865 588 2902 ngypti
605 2874 611 2892 :
627 2871 654 2895 et
668 2866 751 2896 dicite
767 2874 775 2893 :

714 150 818 182 LIBER
839 153 931 183 AMOS
949 151 1159 184 PROPHETE.

933 217 961 248 Α
972 216 1180 252 Congregamini
1194 222 1277 251 super
1292 219 1398 244 montes
1412 215 1552 250 Samarize,

132 2317 592 2363 Ἶιίέί⁷θιίάῆῑὰἒιιίῥὲὲίὶέηάὲιῖίίῖ
718 2317 750 2320 “
946 2317 973 2347 Ι)

132 2362 272 2398 Numquid
288 2362 375 2399 cadet
394 2363 453 2392 avis
476 2364 502 2391 itt
525 2364 651 2399 laqueum
675 2368 755 2392 terra:
770 2363 873 2399 absque
886 2371 932 2391 au-

1696 157 1765 186 1034

1009 258 1037 280 et
1052 253 1142 280 videte
1158 252 1278 279 insanias
1294 253 1392 279 multas
1405 253 1430 279 in
1447 252 1536 280 medio
1548 252 1619 288 ejus,

1008 293 1036 316 et
1050 288 1213 315 calumniam
1229 288 1362 322 patientes
1375 288 1402 315 in
1415 289 1598 323 penetralibus
1612 288 1681 323 ejus.

972 323 1007 352 Et
1020 324 1175 351 nescierunt
1189 323 1279 351 facere
1293 327 1407 356 rectutn,
1421 324 1488 351 dicit
1502 324 1643 352 Dominus.

1008 359 1222 400 tltesaurizantes
1242 359 1411 395 iniquitatem
1435 364 1462 387 et
1482 360 1591 394 rapinas
1612 360 1638 388 in
1665 360 1768 389 aedibus

1045 403 1111 423 SUIS.

972 430 1120 464 Propterea
1137 431 1194 459 haec
1208 431 1274 459 dicit
1287 431 1418 459 Dominus
1433 431 1503 460 Deus
1517 440 1524 458 ε

972 466 1166 501 Tribulabitur,
1181 471 1209 495 et
1222 467 1396 494 circumietur
1412 472 1484 494 terra
1501 476 1508 495 :

1008 507 1036 529 et
1050 502 1208 530 detrahetur
1219 510 1251 530 ex
1268 508 1293 529 te
1308 502 1438 531 fortitudo
1454 507 1498 531 tua
1508 526 1515 538 ,

1008 542 1036 566 et
1048 538 1209 572 diripientur
1223 538 1295 566 aades
1309 543 1371 566 tum.

972 574 1037 601 Hinc
1049 573 1115 601 dicit
1129 574 1258 601 Dominus
1271 582 1278 601 :

972 609 1114 644 Quomodo
1129 610 1151 637 si
1163 615 1240 637 eruat
1255 614 1347 644 pastor
1358 610 1392 638 de
1407 618 1456 639 ore
1468 610 1555 639 leonis
1564 610 1619 639 duo
1633 618 1725 646 crura,

1009 651 1056 673 aut
1069 650 1220 673 extremum
1232 646 1361 673 auriculae
1374 656 1379 673 :

974 681 1018 710 Sic
1031 686 1162 718 eruentur
1178 681 1226 718 ﬁlii
1244 681 1339 716 Israel,
1351 682 1395 718 qui
1413 682 1535 711 habitant
1558 683 1584 711 in
1604 683 1727 712 Samaria
1743 682 1770 711 in

1045 717 1122 752 plaga
1140 717 1241 751 lectuli,

1009 758 1038 782 et
1052 754 1078 781 in
1090 753 1214 780 Damasci
1225 753 1348 788 grabato.

973 789 1125 826 Auditeket
1139 789 1329 826 contestamini
1345 790 1371 816 in
1388 789 1469 817 domo
1480 789 1577 826 Jacob,

1009 825 1074 853 dicit
1085 825 1215 852 Dominus
1231 825 1301 852 Deus
1315 826 1483 853 exercituum
1502 835 1508 853 :

973 861 1091 923 Quialin
1114 861 1159 923 «lie
1182 868 1244 888 cum
1267 861 1378 889 visitare
1400 868 1510 897 coepero
1535 862 1772 897 praevaricationes

1061 904 1121 923 srae
1136 918 1143 923 .

1061 904 1143 930 sraet,

1012 940 1093 967 super
1107 939 1168 960 eum
1184 932 1311 965 visitabo,
1326 937 1353 960 et
1364 940 1446 968 super
1458 932 1553 961 altaria
1566 933 1684 962 Belli-El
1702 943 1709 962 :

977 969 1012 997 Et
1026 968 1238 1003 amputabuntur
1250 975 1351 996 cornua
1363 969 1466 1002 altaris,

1010 1008 1038 1032 et
1050 1004 1147 1032 cadent
1161 1004 1187 1031 in
1206 1008 1317 1031 terram.

976 1040 1011 1068 Et
1026 1041 1174 1075 percutiam
1189 1040 1300 1067 domum
1313 1041 1476 1076 ltyiemalem
1490 1048 1551 1069 cum
1564 1041 1645 1069 domo
1657 1043 1751 1070 aestiva
1765 1049 1773 1069 :

1011 1082 1038 1103 et
1052 1076 1177 1110 peribunt
1194 1076 1290 1103 dmrus
1306 1076 1445 1109 eburnetr,

1012 1116 1039 1139 et
1054 1112 1255 1146 dissipabuntur
1270 1112 1343 1139 :edcs
1359 1112 1461 1145 multa,
1474 1111 1540 1140 dicit
1555 1112 1698 1141 Dominus.

977 1147 1052 1184 [Cap.
1072 1147 1128 1181 IVJ,
1142 1147 1238 1184 Audite
1256 1146 1370 1184 verbum
1385 1147 1447 1180 hoc,
1462 1155 1553 1175 vacca:
1566 1149 1690 1184 pingues.

1012 1191 1071 1218 qum
1085 1183 1150 1209 estis
1166 1183 1192 1209 in
1210 1187 1301 1209 monte
1315 1183 1445 1210 Samaria:
1462 1191 1470 1210 :

1012 1226 1073 1254 quae
1084 1218 1247 1246 calumniam
1262 1218 1351 1246 facitis
1363 1218 1466 1254 egenis,
1480 1223 1508 1246 et
1523 1219 1693 1255 confringitis
1709 1228 1775 1256 pau-

1048 1262 1126 1289 peres
1144 1262 1150 1280 :

977 1290 997 1308 '"
1013 1297 1074 1325 qua:
1088 1289 1179 1317 dicitis
1192 1289 1311 1317 dominis
1324 1290 1422 1318 vestris
1437 1298 1444 1316 ι
1464 1289 1577 1324 At‘ferte,
1592 1295 1620 1319 et
1638 1291 1772 1319 bibemus.

977 1325 1083 1354 Iuravit
1095 1325 1226 1353 Dominus
1238 1325 1311 1352 Deus
1327 1326 1354 1353 in
1368 1331 1464 1353 saneto
1478 1332 1527 1353 suo
1541 1335 1547 1354 :

1013 1362 1076 1396 quia
1089 1368 1152 1389 ecce
1165 1361 1223 1388 dies
1240 1362 1349 1389 venient
1364 1368 1444 1397 super
1455 1368 1513 1395 vos,

1013 1402 1041 1425 et
1055 1397 1179 1425 levabunt
1193 1404 1240 1424 vos
1254 1396 1279 1424 in
1294 1397 1394 1430 contis,

1015 1438 1042 1461 et
1057 1432 1186 1468 reliquias
1201 1437 1305 1460 vestras
1316 1433 1342 1460 in
1357 1433 1418 1460 ollis
1429 1432 1607 1461 ferventibus.

979 1469 1014 1497 Et
1030 1476 1077 1503 per
1098 1472 1242 1505 aperturas
1256 1468 1366 1496 cxibitis
1381 1469 1466 1496 altera
1483 1473 1576 1496 contra
1590 1469 1644 1497 alte
1652 1476 1720 1505 ram,

1015 1509 1043 1532 et
1059 1504 1239 1539 projiciemini
1256 1504 1281 1531 in
1297 1504 1411 1538 Armon,
1426 1505 1493 1532 dicit
1508 1505 1648 1532 Dominus.

981 1540 1077 1576 Venite
1088 1540 1121 1567 ad
1137 1539 1262 1576 BclII-El,
1277 1544 1306 1567 et
1320 1540 1399 1575 impie
1413 1541 1484 1576 agite
1499 1549 1506 1566 :

1015 1576 1048 1603 ad
1064 1575 1215 1610 Galgalam,
1231 1579 1260 1602 et
1279 1575 1454 1611 multiplicate
1468 1576 1716 1610 praevaricationem
1731 1585 1737 1605 :

940 1614 964 1647 ο
980 1611 1014 1639 Et
1028 1611 1124 1639 aﬁ'erte
1136 1618 1215 1638 mane
1228 1611 1352 1647 victimas
1364 1616 1481 1644 vestras,

1017 1647 1102 1675 tribus
1113 1646 1209 1674 diebus
1220 1646 1340 1674 decimas
1354 1652 1469 1674 vestras.

980 1682 1014 1710 Et
1025 1681 1176 1710 sacriﬁcate
1191 1682 1225 1719 die
1239 1681 1402 1719 fermentato
1416 1682 1470 1719 [ΑΙ.
1488 1682 1633 1719 fermento]
1645 1683 1750 1712 laudent
1767 1692 1773 1710 :

1015 1723 1043 1746 et
1058 1722 1154 1746 vocate
1171 1718 1336 1745 voluntarias
1358 1718 1521 1750 oblationes,
1542 1722 1569 1745 et
1590 1718 1748 1747 annuntiatc
1765 1728 1773 1746 :

1015 1753 1055 1782 sic
1064 1753 1138 1782 enim
1153 1753 1286 1786 voluistis,
1302 1754 1350 1781 ﬁlii
1362 1754 1456 1787 Israel,
1469 1754 1535 1781 dicit
1546 1754 1678 1782 Dominus
1692 1755 1774 1783 Deus.

978 1788 1057 1818 Unde
1072 1794 1100 1817 et
1113 1796 1164 1825 ego
1175 1789 1237 1816 dedi
1249 1789 1327 1817 vobis
1338 1794 1477 1825 stuporem
1490 1789 1613 1817 dentium
1628 1792 1654 1818 in
1670 1791 1775 1819 cunctis

1050 1824 1164 1853 urbibus
1185 1825 1293 1859 vestris,

1014 1866 1041 1890 et
1053 1861 1228 1895 indigentiam
1240 1868 1339 1896 panum
1355 1861 1382 1888 in
1395 1861 1522 1888 omnibus
1537 1861 1606 1889 locis
1620 1863 1719 1891 vestris
1733 1872 1738 1890 :

1015 1902 1043 1925 et
1053 1904 1106 1924 non
1121 1897 1188 1924 estis
1203 1897 1305 1924 reversi
1320 1897 1353 1924 ad
1370 1904 1424 1930 me,
1441 1897 1506 1924 dicit
1523 1897 1662 1926 Dominus.

979 1933 1036 1969 Ego
1049 1940 1155 1968 quoque
1172 1932 1296 1967 prohibui
1311 1940 1325 1960 a
1339 1932 1417 1960 vobis
1432 1933 1558 1966 imbrem,

1015 1976 1076 1996 cum
1087 1968 1176 1996 adhuc
1185 1972 1240 1996 tres
1251 1975 1361 1996 menses
1374 1973 1552 2004 superessent
1563 1977 1649 2006 usque
1659 1969 1692 1998 ad
1705 1977 1778 1999 mes-

1050 2012 1119 2032 sem.

980 2041 1016 2069 Et
1031 2040 1087 2076 plui
1100 2047 1182 2075 super
1197 2039 1336 2067 civitatem
1352 2048 1451 2073 unam;

1016 2081 1044 2104 et
1059 2083 1140 2111 super
1154 2076 1290 2104 civitatem
1305 2076 1419 2105 alteram
1433 2084 1488 2105 non
1503 2076 1559 2112 plui
1577 2085 1584 2103 :

981 2113 1049 2141 Pars
1064 2120 1116 2140 una
1130 2112 1267 2146 compluta
1282 2116 1332 2144 est,

1017 2155 1045 2177 et
1068 2156 1130 2183 pars
1150 2147 1203 2183 [AL
1230 2147 1293 2176 add.
1314 2147 1391 2183 una],
1416 2155 1498 2183 super
1523 2155 1602 2184 quam
1625 2155 1678 2175 non
1708 2148 1775 2183 plui,

1053 2186 1133 2212 aruit.
1785 2210 1792 2215 .

983 2220 1016 2248 Et
1029 2224 1163 2248 venerunt
1172 2218 1233 2247 duae
1242 2224 1269 2247 ct
1281 2224 1336 2247 tres
1344 2217 1470 2246 civitates
1481 2218 1514 2246 ad
1525 2218 1666 2248 civitatem
1681 2227 1774 2254 unam,

1055 2261 1084 2283 ut
1094 2255 1219 2283 biberent
1233 2263 1341 2296 aquam,

1020 2296 1113 2320 etnon
1126 2295 1188 2318 sttnt
1200 2295 1305 2318 satiatze
1323 2299 1328 2316 :

1021 2331 1049 2355 et
1063 2334 1116 2354 non
1132 2326 1242 2354 redistis
1255 2326 1287 2353 ad
1303 2333 1358 2358 me,
1374 2324 1439 2353 dicit
1447 2324 1590 2353 Dominus.

985 2363 1113 2391 Percussi
1126 2369 1173 2389 vos
1185 2361 1213 2389 in
1225 2366 1305 2390 vento
1316 2365 1422 2395 urente,

1021 2404 1049 2426 et
1071 2399 1097 2425 in
1115 2397 1257 2432 aurugine,
1285 2396 1484 2424 multitudinem
1510 2396 1651 2425 hortorum
1675 2401 1780 2426 vestro-

1057 2441 1117 2462 rum
1133 2438 1161 2461 et
1173 2434 1314 2461 vinearum
1325 2437 1476 2460 vestrarum
1492 2440 1500 2459 ἰ

986 2470 1206 2504 Olivetavestra.
1224 2474 1250 2496 et
1265 2468 1343 2496 ﬁceta
1354 2473 1444 2496 vestra
1457 2467 1575 2496 comedit
1588 2476 1669 2497 eruca
1685 2478 1692 2497 :

1023 2510 1051 2534 et
1069 2513 1123 2533 non
1140 2505 1248 2533 redistis
1263 2505 1295 2532 ad
1312 2512 1367 2537 me,
1382 2504 1448 2531 dicit
1459 2504 1601 2532 Dominus.

989 2542 1048 2570 Misi
1062 2542 1090 2569 in
1103 2549 1151 2568 vos
1166 2545 1280 2568 mortem
1298 2541 1323 2567 in
1339 2541 1382 2567 via
1395 2538 1515 2575 Egypti,

1025 2577 1147 2614 percussi
1160 2577 1186 2604 in
1199 2576 1288 2611 gladio
1297 2576 1414 2611 juvenes
1426 2580 1545 2609 vestros,
1558 2583 1643 2611 usque
1653 2576 1686 2605 ad
1698 2577 1784 2613 capti-

1061 2614 1172 2641 vitatem
1188 2620 1320 2647 equorum
1334 2615 1488 2639 vestrorum
1506 2620 1513 2638 :

991 2650 1027 2678 Et
1040 2649 1189 2677 ascendere
1204 2648 1256 2677 feci
1271 2647 1445 2684 putredinem
1461 2651 1615 2676 castrorum
1631 2653 1788 2679 vestrorum

1064 2686 1091 2713 in
1105 2692 1186 2712 nares
1197 2689 1303 2712 vestras
1320 2693 1327 2711 :

1029 2726 1056 2749 et
1070 2729 1123 2749 non
1135 2719 1244 2748 redistis
1258 2720 1290 2747 ad
1305 2727 1361 2754 me,
1374 2719 1440 2746 dicit
1455 2719 1594 2748 Dominus.

995 2757 1121 2787 Subverti
1147 2764 1211 2790 vos,
1241 2756 1311 2784 sicut
1335 2755 1471 2784 subvertit
1492 2756 1564 2784 Deus
1587 2755 1734 2785 Sodomam
1761 2762 1790 2785 et

1065 2793 1256 2825 Gomorrltam,

1033 2834 1060 2857 et
1074 2829 1136 2857 facti
1151 2828 1218 2855 estis
1232 2827 1309 2862 quasi
1326 2827 1411 2856 torris
1426 2832 1517 2863 raptus
1534 2827 1567 2855 de
1586 2826 1712 2856 incendio
1727 2836 1733 2857 :

1034 2870 1061 2893 et
1076 2873 1128 2892 uott
1145 2865 1251 2892 redistis
1266 2864 1300 2892 ad
1321 2872 1375 2898 me,
1392 2864 1457 2892 dicit
1474 2864 1603 2891 Dominus
1619 2872 1626 2891 :

190 2936 204 2951 ι
218 2931 301 2960 Falso
312 2932 415 2967 legerat
426 2932 609 2968 Martianteus,
622 2934 755 2964 continui:
768 2937 863 2967 contra
873 2933 1003 2966 librorum
1015 2933 1136 2964 omnium
1150 2932 1240 2968 tidem,
1255 2938 1281 2963 et
1296 2916 1365 2964 sacri
1383 2938 1524 2963 contextus
1536 2932 1646 2961 scrient.

301 2979 437 3011 PATROL.
466 2979 613 3013 XXVIII.

1544 2979 1584 3009 33
