4050 6356
506 324 649 382 1035

503 442 848 510 Quapropter
878 438 992 496 haec
1021 440 1212 496 faciam
1242 439 1358 501 tibi.
1384 439 1553 496 Israel
1584 456 1598 498 :

579 522 862 582 postquam
896 520 1076 567 autem
1111 516 1211 567 hoc
1245 511 1427 568 fecero
1459 515 1572 574 tibi,

581 599 887 654 prmparare
921 585 972 638 in
1001 599 1287 639 occursum
1319 585 1412 639 Dei
1445 585 1545 650 ttti,
1579 582 1768 640 Israel.

508 655 642 724 Quia
666 669 794 710 ecce
816 658 1054 710 lortnans
1077 666 1311 717 montes,
1344 666 1394 710 et
1427 671 1621 711 creans
1644 667 1878 722 ventum,

580 737 635 782 et
655 727 984 782 annuntians
1007 727 1214 781 homini
1237 727 1510 797 eloquium
1536 743 1718 795 suum,

577 799 783 852 faciens
809 800 1124 854 matutinam
1151 799 1425 862 nebulam,

421 933 426 936 _
579 878 636 924 et
669 869 918 939 gradiens
940 884 1103 939 Super
1125 871 1342 925 excelsa
1367 880 1525 925 terra:
1555 889 1570 926 :

507 941 1299 1013 Dutninus‘Densexercituum
1328 955 1524 1013 nomen
1557 942 1698 1013 ejus.

509 1013 658 1084 [Cap.
713 1011 799 1082 v.1
823 1011 1020 1067 Audite
1058 1015 1280 1085 verbum
1308 1012 1473 1085 istud,
1499 1011 1645 1085 quod
1665 1028 1767 1084 ego
1788 1011 1911 1069 levo
1932 1026 2098 1083 super

650 1099 746 1137 vos
769 1086 1062 1152 planctum,
1089 1083 1283 1138 domus
1316 1084 1501 1139 Israel.

575 1152 806 1223 Cecidit,
833 1170 938 1228 non
963 1155 1203 1222 adjiciet,
1235 1164 1292 1209 ut
1332 1165 1578 1228 resurgat
1601 1159 1751 1227 virgo
1779 1153 1948 1212 Israel
1974 1173 1985 1208 :

506 1225 753 1297 Projecta
781 1233 866 1282 est
895 1225 948 1280 in
973 1235 1172 1281 terram
1202 1242 1381 1293 suam,

581 1314 686 1352 non
712 1308 794 1352 est
819 1297 909 1364 qui
937 1299 1161 1351 suscitet
1181 1315 1322 1353 eam.

507 1368 640 1437 Quia
667 1371 781 1423 lucc
809 1369 941 1423 dicit
966 1369 1224 1424 Dominus
1249 1369 1390 1424 Dens
1416 1387 1431 1424 :

511 1441 650 1496 Urbs
672 1441 739 1494 de
768 1455 872 1510 qua
900 1441 1320 1509 egrediebantur
1343 1441 1512 1509 mille,
1547 1441 1920 1512 relinquentur
1946 1440 2000 1494 in
2032 1452 2096 1494 ea

649 1523 867 1567 0811111111
897 1529 908 1563 Ζ

578 1592 636 1638 et
672 1583 740 1638 de
765 1599 870 1653 qua
912 1582 1330 1652 egrediebantur
1359 1592 1600 1652 centum,
1633 1583 2010 1654 relinquentur
2042 1581 2096 1636 in

652 1670 712 1706 ea
741 1654 928 1708 decem
964 1655 1016 1708 in
1039 1655 1201 1708 domo
1226 1655 1410 1710 Israel.

507 1725 641 1793 Quia
664 1723 782 1779 hanc
809 1726 938 1780 dicit
964 1726 1223 1780 Dominus
1243 1727 1429 1782 domui
1453 1726 1626 1782 Israel
1661 1745 1676 1781 :

507 1797 745 1864 Qnterite
776 1813 881 1858 tne,
908 1807 962 1851 et
992 1797 1204 1850 vivetis.

508 1869 577 1923 Et
601 1870 768 1923 nolite
792 1883 1034 1938 quietere
1059 1868 1310 1934 Beth-EI,
1336 1878 1392 1924 et
1413 1869 1466 1924 in
1489 1868 1766 1940 Galgalam
1810 1868 1980 1924 nolite
2015 1867 2098 1922 in-

654 1950 820 2005 trare,

580 2021 635 2064 et
669 2011 720 2064 in
764 2010 1075 2082 Der-Sabee
1115 2027 1220 2066 non
1263 2011 1567 2068 transibitis
1619 2011 1728 2082 [Αι.
1760 2025 1829 2066 ne
1869 2010 2100 2065 transie-

653 2094 796 2136 l‘llISl
831 2098 846 2136 Ξ

579 2081 954 2278 quiillgitlgala
986 2154 1197 2224 captiva
1221 2153 1474 2225 ducetur,
1501 2163 1555 2210 et
1580 2153 1810 2210 Belli-El
1837 2153 1944 2208 erit
1979 2152 2102 2208 inu-

654 2236 688 2278 ll
721 2241 782 2278 IS.

654 2236 782 2278 IIIIS.

508 2297 746 2364 Qnmrite
781 2296 1089 2362 Dominum,
1116 2305 1171 2349 et
1198 2297 1364 2351 vivite
1399 2315 1412 2352 :

583 2383 649 2423 ne
678 2369 815 2421 forte
845 2369 1195 2422 comburatnr
1223 2378 1282 2423 ut
1312 2369 1450 2438 ignis
1480 2368 1673 2423 domus
1701 2367 1928 2438 Joseph,

574 2449 630 2495 et
679 2438 1096 2512 devorabit,__et
1150 2454 1260 2494 non
1287 2435 1392 2495 erit
1423 2439 1534 2512 [ΑΙ.
1604 2438 1697 2510 sit]
1752 2435 1849 2510 qui
1896 2435 2102 2494 exstin-

655 2519 782 2578 guat
814 2509 1070 2564 Belli-El.
1425 2509 1440 2512 ’
1683 2509 1691 2510 ί
1770 2509 1785 2510 ί
1951 2529 1954 2532 ’

506 2581 946 2651 ρυῖεοηνεηὶιὶς
975 2583 1025 2635 in
1053 2579 1382 2636 absinthium
1413 2582 1697 2651 judicium,

578 2653 915 2722 etjnstitiam
947 2655 998 2708 itt
1023 2661 1164 2708 terra
1191 2656 1521 2723 relinquitis.

508 2723 818 2780 Facientem
849 2725 1138 2780 Arcturum
1169 2733 1225 2780 et
1251 2725 1535 2792 Otionetn,

575 2803 633 2851 et
669 2804 1074 2850 convertentem
1123 2797 1176 2850 in
1219 2812 1382 2852 mane
1427 2797 1703 2864 tenebras,
1749 2805 1806 2852 et
1853 2793 2002 2852 diem
2047 2796 2100 2852 in

649 2874 863 2922 noctem
894 2875 1191 2921 mutantem
1227 2885 1238 2920 :

505 2937 606 3004 Qui
630 2949 785 2991 vocat
827 2951 996 3009 aquas
1025 2941 1213 3006 maris,
1239 2947 1296 2994 et
1325 2938 1552 2994 ell‘undit
1579 2954 1674 2996 eas
1701 2955 1866 3010 super
1907 2939 2102 2996 faciem

651 3019 810 3063 terrae
842 3028 856 3063 :

583 3081 844 3135 Dominus
874 3095 1067 3135 nomen
1098 3081 1234 3149 ejus.

505 3153 606 3220 Qui
635 3150 878 3207 subridet
909 3151 1215 3206 vastitatem
1237 3167 1400 3222 super
1427 3154 1730 3216 robustum,

578 3231 631 3278 et
661 3222 1136 3293 depopulationem
1169 3239 1330 3293 super
1361 3232 1632 3292 potentem
1665 3226 1838 3282 afl'ert.

504 3293 642 3349 0dio
671 3295 975 3350 habuerunt
1003 3295 1054 3348 in
1079 3307 1232 3364 porta
1261 3297 1647 3365 corripientem
1681 3314 1694 3350 :

577 3377 629 3420 et
661 3366 974 3435 loquentem
1009 3370 1245 3434 perfecte
1267 3367 1562 3423 abominati
1592 3378 1740 3422 sunt.

506 3436 734 3500 Idcirco,
770 3453 870 3506 pro
901 3454 966 3492 eo
988 3436 1133 3508 quod
1166 3438 1504 3506 diripiebatis
1533 3453 1848 3508 pauperem,

577 3518 632 3562 et
665 3511 900 3578 praedam
932 3511 1156 3564 electam
1190 3509 1464 3565 tollebatis
1492 3512 1560 3564 ab
1589 3525 1656 3564 co
1687 3527 1701 3564 :

507 3577 708 3662 Demos
735 3581 943 3662 qpndro
970 3581 1146 3650 lapide
1177 3580 1537 3648 mdilicabitis,
1567 3591 1620 3637 et
1642 3597 1753 3638 non
1785 3581 2102 3638 habitabilis

649 3667 704 3707 In
734 3666 813 3707 OIS
849 3669 860 3705 ἒ

509 3721 707 3777 Vincas
737 3722 1138 3778 amantissimas
1167 3723 1502 3789 plantabitis,

578 3803 632 3848 et
657 3809 763 3847 non
792 3794 989 3849 bibetis
1017 3796 1200 3847 vinum
1225 3807 1434 3848 carum.

508 3865 641 3933 Quia
670 3868 897 3933 cognovi
923 3865 1090 3921 multa
1121 3865 1326 3921 scelera
1364 3875 1565 3934 vestra,
1595 3876 1652 3922 et
1686 3865 1846 3922 fortia
1877 3877 2099 3939 peccata

650 3945 828 3991 vestra
857 3955 869 3991 :

581 4006 767 4062 hostes
803 4007 932 4077 jusu
976 4006 1310 4081 accipientes
1359 4024 1575 4078 munus,
1635 4019 1689 4066 et
1733 4025 1999 4081 pauperes
2045 4013 2099 4069 in

651 4087 806 4148 porta
835 4079 1206 4148 depritneutes
1241 4098 1252 4132 :

508 4149 638 4206 Ideo
669 4152 907 4276 prtltdens
944 4152 996 4205 iu
1039 4159 1280 4219 tempore
1320 4150 1414 4205 illo
1458 4151 1680 4219 tacebit,
1708 4153 1838 4224 quia
1885 4164 2100 4226 tempus

650 4237 735 4275 tua
763 4237 850 4274 um
875 4231 977 4276 est.

650 4231 850 4276 malum
875 4231 977 4278 est.

507 4291 744 4363 Quaerite
776 4293 1002 4363 bonum,
1028 4300 1088 4350 et
1115 4307 1220 4348 non
1251 4295 1474 4361 malum,
1507 4304 1563 4350 ut
1592 4297 1787 4353 vivatis
1818 4313 1831 4350 :

581 4375 636 4420 et
651 4363 756 4490 Erit
787 4363 1048 4447 Dominus
1083 4367 1222 4420 Deus
1245 4367 1581 4422 exercituum
1623 4369 1928 4436 vobiscum,
1957 4367 2098 4424 sicut

692 4450 862 4490 txtsns
894 4452 908 4489 :

692 4450 862 4491 IXISIIS
894 4452 908 4489 ἓ

509 4505 666 4562 Odite
698 4511 919 4573 malum,
944 4516 1000 4564 et
1023 4507 1230 4578 diligite
1261 4509 1487 4574 bonum,

580 4590 632 4632 et
659 4580 970 4650 constituite
1001 4582 1051 4633 in
1083 4591 1235 4649 porta
1264 4581 1526 4650 judicium
1564 4600 1575 4635 :

578 4651 622 4704 si
658 4648 799 4705 forte
828 4648 1144 4707 misereatur
1171 4648 1433 4710 Dominus
1461 4655 1604 4710 Deus
1632 4652 1968 4711 exercituum
2011 4667 2096 4709 re-

582 4721 760 4788 liquiis
784 4720 1006 4793 Ioseph.

511 4792 806 4873 Propterea
841 4792 955 4849 haec
981 4794 1116 4850 dicit
1155 4794 1413 4852 Dominus
1447 4797 1588 4853 Deus
1617 4797 1957 4854 exercituum
2000 4795 2100 4852 do-

652 4873 916 4918 mutator:

510 4935 566 4990 Itt
592 4937 842 5008 omnibus
867 4935 1058 5006 plateis
1088 4937 1336 5008 planctus
1368 4958 1380 4993 :

579 5014 635 5059 et
661 5006 713 5060 in
743 5010 974 5080 cunctis,
1005 5006 1126 5078 quin
1155 5009 1286 5065 foris
1309 5023 1456 5076 sunt,
1491 5010 1703 5068 dicetur
1727 5026 1830 5080 vat,
1859 5025 1942 5065 vae
1970 5027 1980 5062 :

574 5085 631 5131 et
659 5079 924 5150 vocabunt
947 5081 1240 5150 agricolam
1264 5082 1330 5135 ad
1362 5082 1588 5146 luctum,

573 5160 627 5225 et
648 5147 714 5202 ad
763 5147 1032 5225 planctum
1064 5166 1159 5208 eos
1188 5153 1282 5224 qui
1307 5155 1486 5209 sciunt
1521 5157 1798 5225 plangere.

504 5219 574 5275 Et
600 5219 652 5274 in
687 5222 934 5276 omnibus
961 5223 1133 5280 vineis
1158 5219 1261 5280 erit
1293 5219 1538 5290 planctus
1563 5246 1576 5279 :

575 5292 696 5364 quia
729 5296 1070 5364 pertransibo
1099 5295 1154 5352 in
1188 5296 1366 5352 medio
1395 5299 1491 5362 tui,
1519 5296 1650 5353 dicit
1692 5295 1979 5356 Dominus.

503 5360 605 5418 Vae
634 5360 1068 5420 desiderantibus
1096 5367 1240 5423 diem
1265 5360 1486 5424 Domini
1513 5385 1529 5424 :

569 5433 638 5490 ad
669 5434 794 5504 quid
824 5452 942 5491 eam
970 5438 1163 5494 vobis?

569 5507 688 5561 dies
717 5506 929 5579 Domini
961 5508 1086 5573 ista,
1118 5510 1377 5579 tenebrat,
1410 5521 1468 5568 et
1495 5529 1602 5571 non
1631 5514 1744 5572 lux.

496 5575 777 5661 Quomodo
809 5578 851 5631 si
876 5577 1042 5661 fugiat
1070 5581 1150 5635 vir
1176 5597 1206 5635 a
1228 5575 1580 5652 facie'lconis,

565 5658 619 5702 ει
645 5662 893 5703 occurrat
922 5658 971 5704 CI
999 5666 1161 5706 UI‘SUS
1191 5669 1205 5706 ζ

492 5717 563 5773 Et
589 5719 918 5790 ingrediatur
946 5721 1166 5776 domum
1205 5741 1217 5777 :

559 5800 613 5844 et
637 5794 896 5848 innitatur
927 5809 1088 5848 manu
1123 5808 1214 5848 sua
1238 5809 1402 5866 super
1437 5799 1718 5867 parietem,

552 5890 582 5921 ⁸
604 5884 721 5942 Non
748 5887 1037 5945 tonsionem
1063 5888 1198 5961 regis
1217 5930 1234 5959 ,
1264 5889 1362 5948 sed
1390 5899 1647 5949 tonsorem
1684 5895 1856 5967 gregis
1892 5893 2084 5968 legunt

1515 321 1575 376 S.
1619 316 2000 376 IIIERO'NYMI
2040 313 2270 375 DIVINA
2315 313 2792 373 DIBLIOTIIECA.

2119 443 2169 501 Δ

2124 3222 2172 3286 C

3662 312 3804 374 1036

2268 449 2324 496 et
2353 440 2600 495 mordeat
2627 455 2750 494 eum
2780 437 3024 494 coluber.

2199 511 2466 582 Numquid
2505 527 2611 566 non
2643 511 2881 566 tenebrat
2903 509 3020 582 dies
3050 509 3282 582 Domini,
3313 519 3367 567 et
3395 523 3504 566 non
3544 508 3633 566 lux
3671 527 3684 564 :

2272 594 2328 638 et
2355 581 2549 654 caligo.
2576 593 2630 638 et
2653 599 2756 636 non
2783 581 3042 654 splendor
3072 581 3124 636 itt
3150 583 3250 638 ea?

2199 654 2324 718 Odi,
2355 665 2407 708 et
2450 653 2652 722 projeei
2686 653 3012 709 fes'tivitates
3039 663 3247 709 vestras
3280 671 3295 708 :

2273 735 2452 780 etnon
2478 727 2689 792 Cztpiatll
2719 725 2943 778 odorem
2977 733 3217 780 actuum
3252 733 3580 781 vestrorum.

2200 796 2354 866 Quod
2386 799 2428 850 si
2453 796 2759 852 obtuleritis
2799 795 2906 867 [ΑΙ.
2939 796 3254 867 attuleritis]
3289 798 3421 851 ntilti
3463 797 3798 867 holocauto-

2351 878 2514 934 mata,
2560 879 2612 920 et
2641 866 2863 923 munera
2898 878 3098 935 veSIra,
3135 866 3252 924 non,
3272 866 3564 938 suscipiam
3598 883 3615 921 :

2273 947 2330 994 et
2371 951 2493 993 vota
2531 939 2808 1009 pinguium
2842 948 3145 994 vestrorum
3174 953 3278 995 non
3311 940 3626 1008 respiciam.

2201 1010 2369 1066 Aufer
2406 1028 2433 1064 a
2478 1026 2563 1062 me
2593 1011 2878 1064 tumultum
2919 1014 3220 1066 carminum
3247 1019 3460 1068 tuorum
3503 1029 3515 1064 :

2271 1094 2325 1138 et
2348 1079 2557 1136 cantica
2582 1080 2712 1152 lyrae
2739 1093 2842 1134 tua:
2867 1093 2970 1135 non
2993 1083 3230 1137 audiam.

2205 1153 2271 1209 Et
2319 1153 2648 1208 revelabitur
2675 1156 2827 1222 quasi
2851 1169 2986 1222 aqttzt
3013 1155 3303 1224 judicium,

2274 1224 2554 1294 ctjnstitia
2585 1227 2736 1294 quasi
2761 1233 2981 1279 torrens
3009 1225 3185 1280 fortis.

2201 1295 2469 1366 Numquid
2513 1295 2720 1349 IlOa'llaS
2761 1306 2817 1350 et
2856 1297 3182 1352 sacriﬁcium
3220 1296 3523 1352 obstulistis
3563 1295 3698 1352 mihi
3747 1295 3800 1350 in

2207 1417 2212 1421 .
2343 1370 2564 1422 deser:o
2585 1367 2940 1435 quadraginta
2973 1371 3151 1434 annis,
3177 1369 3367 1424 domus
3396 1369 3604 1424 Israel?

2204 1439 2263 1494 Et
2297 1439 2524 1506 portatis
2553 1439 2956 1494 tabernaculum
2988 1439 3199 1496 Moloch
3226 1445 3432 1503 vestro,

2273 1519 2328 1565 et
2353 1511 2638 1580 imaginem
2665 1510 2932 1564 idolorum
2958 1523 3285 1579 veStrorutn,
3307 1510 3457 1567 sidus
3479 1511 3572 1567 Dei
3595 1508 3797 1577 vestri,

2343 1579 2477 1650 qum,
2496 1579 2698 1636 fecistis
2726 1581 2899 1645 vobis,

2203 1654 2268 1710 Et
2305 1655 2539 1737 migrare
2582 1667 2679 1708 vos
2721 1651 2916 1709 faciam
2947 1663 3094 1709 trans
3141 1655 3488 1724 Damascum,
3531 1653 3668 1710 dicit
3700 1653 3800 1708 Do-

2345 1741 2543 1792 minus,

2274 1796 2421 1868 Deus
2434 1796 2784 1868 exercituum
2807 1810 3005 1852 nomen
3034 1795 3173 1868 ejus.

2125 1837 2176 1898 Β
2203 1837 2470 1940 [ςὲρῖ““’νῑ
2478 1837 3186 1938 .TvZE'nBi"o'.\iit'éi{it"guis
3209 1869 3258 1923 in
3291 1867 3449 1937 Sion,

2275 1939 2330 1994 et
2359 1939 2631 1994 conﬁditis
2663 1941 2714 1992 in
2757 1949 2995 1994 montem
3028 1939 3294 1996 Samaria:
3321 1957 3335 1994 :

2274 2015 2572 2082 optimates
2592 2014 2766 2076 capita
2795 2012 3140 2078 populorum,

2277 2083 2646 2149 ingredientes
2675 2085 2980 2152 pompatice
3008 2083 3227 2139 domum
3255 2083 3444 2140 Israel.

2205 2153 2453 2209 Transtte
2478 2153 2529 2206 in
2553 2154 2856 2218 Chalanne,
2883 2163 2935 2209 et
2957 2152 3159 2223 videto,

2276 2235 2329 2280 ct
2359 2223 2434 2279 ite
2457 2223 2580 2278 inde
2605 2229 2657 2278 in
2685 2224 2880 2279 Entth
2907 2240 3154 2281 metutam
3185 2243 3200 2280 :

2276 2308 2328 2351 et
2354 2297 2672 2350 descendite
2695 2297 2748 2350 in
2775 2297 2914 2350 Getlt
2942 2296 3357 2353 Palmstinorum
3383 2317 3399 2354 :

2276 2381 2329 2422 et
2374 2369 2438 2421 ad
2469 2373 2672 2438 optima
2695 2383 2924 2438 quaeque
2953 2383 3113 2438 regna
3141 2369 3365 2434 borum;

2278 2441 2323 2493 si
2356 2439 2518 2493 latior
2550 2439 2811 2493 terminus
2835 2455 3024 2492 eorum
3051 2442 3283 2496 termino
3309 2449 3489 2499 vestro
3511 2448 3616 2496 eat.

2205 2511 2304 2577 Qui
2333 2510 2571 2580 separati
2602 2511 2735 2565 estis
2761 2512 2812 2564 in
2837 2511 2979 2564 diem
3012 2513 3208 2566 malum
3242 2530 3256 2567 :

2277 2592 2330 2636 et
2357 2583 2801 2652 appmpinqnatis
2824 2582 2961 2635 solio
2991 2582 3312 2653 iniquitatis.

2204 2653 2305 2720 Qui
2333 2653 2581 2708 dormitis
2608 2655 2659 2707 in
2687 2653 2844 2708 lectis
2863 2654 3138 2721 eburneis,

2279 2737 2332 2779 et
2357 2724 2618 2780 lascivitis
2644 2727 2692 2778 in
2722 2724 2910 2779 stratis
2932 2725 3128 2781 vestris
3154 2745 3168 2782 :

2205 2795 2305 2864 Qui
2340 2796 2629 2850 comeditis
2658 2811 2854 2866 agnum
2877 2798 2946 2850 de
2973 2811 3157 2867 grege,

2277 2878 2330 2921 et
2364 2868 2560 2921 vitulos
2581 2869 2647 2921 de
2679 2868 2857 2922 medio
2882 2869 3136 2922 armenti.

2205 2937 2305 3006 Qui
2328 2939 2524 2993 canitis
2555 2938 2621 2992 ad
2655 2953 2844 2994 vocem
2869 2938 3108 3007 psalterii
3143 2957 3154 2991 :

2275 3011 2413 3065 sicut
2441 3009 2606 3064 David
2632 3018 2959 3080 putaverunt
2979 3025 3039 3065 se
3069 3010 3269 3068 habere
3290 3023 3414 3066 vasa
3435 3008 3654 3067 cantici.

2207 3081 2462 3136 Bilettlcs
2490 3082 2540 3136 itt
2575 3083 2767 3150 pltiztlis
2794 3081 2998 3146 vinum,

2279 3165 2331 3206 et
2362 3153 2568 3221 Optimo
2603 3165 2879 3221 unguento
2907 3153 3131 3208 delibuti
3169 3171 3181 3207 :

2275 3233 2329 3279 et
2358 3225 2488 3279 nihil
2515 3225 2854 3291 patiebantur
2883 3239 3046 3292 super
3065 3221 3398 3280 contritione
3433 3221 3661 3292 Joseph.

2185 3294 2546 3378 Quapropter
2584 3310 2726 3351 nunc
2755 3297 3064 3366 migrabunt
3094 3297 3148 3352 in
3175 3295 3353 3366 capite
3396 3293 3797 3364 transmigran-

2349 3378 2479 3421 1111111
2516 3385 2528 3420 2

2275 3446 2331 3493 et
2353 3439 2627 3494 auferetur
2649 3438 2812 3494 factio
2833 3437 3252 3493 lascivientium.

2203 3507 2406 3564 Juravit
2454 3509 2707 3564 Dominus
2735 3510 2878 3564 Dens
2898 3510 2951 3565 in
2975 3509 3153 3564 anima
3183 3524 3302 3576 sua,

2275 3582 2408 3636 dicit
2432 3581 2690 3635 Dominus
2713 3581 2858 3635 Dens
2877 3583 3214 3637 exercituum
3239 3597 3255 3634 :

2205 3653 2461 3722 Detesmr
2477 3667 2578 3722 ego
2608 3653 2914 3719 superbiam
2942 3651 3132 3718 Jacob,
3155 3665 3209 3708 et
3235 3650 3429 3722 domos
3447 3648 3570 3719 ejus
3609 3646 3718 3716 odi,

2275 3734 2329 3779 et
2351 3721 2558 3778 tradam
2585 3724 2856 3778 civitatem
2885 3738 3006 3779 cum
3037 3721 3435 3780 habitatoribus
3458 3724 3593 3775 suis.

2203 3794 2432 3877 Quodsi
2454 3796 2656 3877 reliqui
2680 3793 2880 3849 l'tterint
2901 3795 3090 3852 decem
3127 3797 3229 3852 viri
3259 3795 3312 3850 in
3347 3793 3512 3849 domo
3540 3807 3670 3860 una,

2277 3878 2333 3922 et
2365 3868 2465 3935 ipsi
2498 3869 2818 3922 morientur.

2206 3939 2274 3994 Et
2296 3939 2454 3994 tollet
2480 3954 2600 3993 eum
2631 3937 2965 4008 protiinquus
2995 3951 3149 4002 suus,

2273 4019 2327 4065 et
2352 4007 2808 4078 comburet’enm,
2841 4007 2903 4065 ut
2941 4008 3131 4065 efferat
3151 4023 3277 4065 ossa
3306 4008 3375 4064 de
3393 4007 3562 4063 domo
3596 4022 3613 4062 :

2205 4080 2272 4135 Et
2299 4082 2444 4136 dicet
2473 4083 2542 4148 ei,
2574 4083 2664 4152 qui
2691 4083 2741 4136 in
2768 4080 3136 4150 penetralibus
3158 4083 3351 4138 domus
3379 4089 3504 4137 est:

2202 4153 2470 4222 Numquid
2498 4151 2676 4208 adhuc
2702 4162 2788 4209 est
2807 4151 2953 4222 apud
2981 4153 3067 4208 te?

2203 4225 2270 4279 Et
2303 4224 2653 4292 respondebit
2677 4245 2689 4280 :

2273 4295 2424 4350 Finis
2452 4305 2555 4350 cst.

2201 4367 2270 4422 Et
2295 4367 2437 4422 dicet
2461 4367 2511 4422 ei
2541 4386 2555 4422 :

2273 4439 2434 4503 Tace,
2457 4447 2636 4494 etnon
2661 4438 2967 4495 recorderis
2991 4438 3228 4496 nominis
3254 4437 3488 4494 Domini.

2200 4509 2336 4578 Quia
2366 4525 2493 4564 ecce
2527 4511 2789 4565 Dominus
2818 4510 3115 4576 mandabit,

2122 4611 2178 4674 Β
2271 4593 2324 4674 et
2359 4585 2631 4674 percutiet
2657 4583 2879 4666 domum
2903 4582 3168 4674 majorem
3203 4581 3399 4650 ruinis,

2273 4663 2327 4706 et
2355 4653 2573 4707 domum
2600 4653 2863 4708 minorem
2895 4653 3267 4710 scissionibus.

2200 4723 2472 4796 Numquid
2496 4739 2719 4781 currere
2748 4737 2952 4795 queunt
2977 4727 3029 4780 itt
3063 4727 3230 4795 petris
3252 4724 3399 4796 equi,

2267 4809 2362 4851 aut
2395 4795 2537 4851 arari
2568 4807 2747 4866 pctest
2776 4798 2828 4852 itt
2859 4797 3090 4863 bubalis,

2384 4865 2596 4924 ueniam
2617 4869 2965 4924 cottvertistis
2983 4868 3038 4923 in
3060 4867 3482 4923 amaritudinem
3496 4865 3779 4938 judicium,

2271 4947 2325 4994 et
2348 4937 2581 4995 fructum
2608 4940 2829 5009 iustitiae
2855 4942 2907 4995 in
2934 4937 3306 4996 absinthium?

2198 5009 2300 5079 Qui
2331 5011 2590 5067 lmtamini
2620 5013 2673 5068 itt
2707 5012 2878 5067 nihilo
2912 5027 2925 5066 :

2269 5085 2357 5152 qui
2389 5082 2570 5138 dicitis
2602 5102 2615 5138 :

2194 5152 2464 5279 Numquid
2489 5172 2594 5209 tton
2620 5157 2690 5280 in?
2705 5153 3028 5211 fortitudine
3052 5162 3237 5210 nostra
3265 5152 3663 5224 assumpsimus
3689 5164 3781 5207 no-

2377 5242 2420 5280 lS
2447 5241 2650 5280 cornua

2340 5228 2420 5280 bis
2447 5241 2650 5282 cornua

2195 5295 2338 5353 Ecce
2359 5298 2504 5352 enim
2542 5299 2816 5354 suscitabo
2844 5311 3009 5368 super
3029 5309 3148 5366 vos,
3179 5295 3376 5353 domus
3418 5295 3611 5365 Israel,
3650 5292 3780 5351 dicit

2339 5368 2599 5425 Dominus
2629 5370 2771 5426 Deus
2803 5369 3154 5435 exercituum,
3185 5379 3399 5438 gentem
3435 5384 3449 5422 :

2263 5452 2316 5496 et
2339 5451 2628 5498 conterent
2658 5455 2754 5496 vos
2781 5441 2848 5497 ab
2885 5441 3109 5496 introitu
3141 5437 3300 5495 Emat
3346 5451 3519 5509 usque
3560 5437 3630 5494 ad
3667 5448 3775 5492 tor-

2334 5523 2546 5569 rentem
2589 5514 2809 5568 deserti.

2195 5581 2346 5656 [σαν.
2403 5585 2535 5656 Vll.]
2560 5586 2686 5640 Hzcc
2715 5583 2954 5638 ostendit
2980 5581 3402 5656 milii‘Dominns
3433 5581 3576 5656 Deus
3608 5597 3624 5635 :

2262 5650 2317 5710 ct
2347 5672 2473 5712 ecce
2517 5650 2674 5711 lictor
2702 5656 2926 5710 locuSttP.
2971 5656 3023 5709 in
3057 5653 3321 5724 principio
3359 5650 3775 5724 gertninantium

2333 5729 2558 5782 serotini
2585 5728 2795 5792 imbris,

2261 5808 2318 5851 ct
2344 5814 2473 5856 ecce
2506 5810 2530 5836 α
2561 5799 2836 5855 serotious
2875 5804 2995 5869 post
3019 5797 3322 5852 tonsionem
3346 5796 3509 5868 regis.

2187 5884 2377 5954 omnes
2409 5889 2788 5969 codicesmss.
2847 5891 2902 5948 In
2940 5887 3170 5951 Hebrum
3211 5888 3480 5948 hodierno
3517 5885 3777 5960 scriptum
