2054 3180
175 156 245 189 10Ᾱό

209 219 235 241 et
247 213 346 242 domos
359 216 508 248 rapuerunt
523 221 529 239 :

174 249 209 277 Ει
218 246 453 277 calumniabantur
469 248 553 276 virum
569 251 597 276 et
612 246 721 276 domum
737 247 814 283 ejus;

208 286 296 312 virum
311 290 339 312 et
350 284 535 313 [nereditatem
550 284 618 319 ejus.

173 321 277 349 Idcirco
291 321 348 347 htec
361 319 425 347 dicit
438 320 569 347 Dominus
585 329 591 346 :

172 357 243 385 Ecce
258 363 308 391 ego
323 355 414 391 cogito
424 363 507 391 super
523 355 649 384 lamiliam
666 356 743 383 istam
761 354 861 384 malum
879 364 886 382 :

207 392 280 422 unde
294 399 348 420 non
362 390 493 421 auferetis
508 392 578 419 colla
593 395 694 425 vestra,
708 395 735 420 ct
749 399 803 419 non
819 390 970 423 ambulabi-

245 428 279 454 tis
293 427 414 461 superbi,

207 463 337 498 quoniam
355 468 460 498 tempus
476 462 623 498 pessimum
640 466 691 490 est.

171 499 200 527 In
211 497 256 526 die
270 499 315 526 illa
328 505 452 525 sumetur
467 506 549 533 super
564 506 612 525 vos
627 497 764 532 parabola,

207 539 236 563 et
248 534 403 562 cantabitur
415 532 549 563 canticum
563 541 624 561 cum
640 534 784 568 suavitate,
799 532 946 566 dicentium
962 541 968 560 :

173 570 390 605 Depopulatione
406 571 504 596 vastati
518 577 629 596 sumus:

171 606 238 634 Pars
252 605 343 641 populi
360 605 413 632 mei
426 609 590 641 commutata
604 608 646 632 est
660 612 667 632 ε

206 640 345 678 queniodo
360 640 470 669 recedet
483 649 498 678 a
513 648 556 678 me
567 648 650 678 ,_cutn
674 644 836 675 revertatur,
854 640 900 676 qui
923 648 970 669 re-

243 678 338 712 gioncs
352 681 459 703 nostras
474 675 593 703 dividat?

170 710 286 750 Propter
301 712 353 740 hoc
369 720 421 750 non
441 712 498 750 erit
520 712 566 739 tibi
590 711 701 739 mittens
724 710 871 740 funiculum
888 712 970 741 sortis

242 749 268 776 iit
283 753 354 776 caatu
371 746 489 775 Domini.

169 784 208 812 Ne
221 783 373 819 loquamini
382 784 522 818 loquentes
537 791 544 810 :

205 817 265 883 Nolri
276 818 388 861 stillabit
402 817 486 855 super
501 819 579 853 istos,
595 825 650 846 non
671 817 885 854 comprehendet
905 825 971 848 con-

255 862 323 883 usto.

255 862 323 884 USIO.

207 890 276 919 Dicit
290 891 387 918 domus
397 889 481 918 Jacob
496 898 503 917 :

170 925 305 962 Numquid
320 926 495 962 abbreviatus
508 929 550 953 est
562 923 672 962 spiritus
682 924 808 962 Domini,

205 959 259 991 aut'
268 962 335 992 tales
345 966 409 990 sunt
421 959 602 997 cogitationes
615 959 692 996 ejus?

170 997 264 1026 Nonne
272 997 351 1025 verba
361 1004 419 1025 mea
427 995 496 1025 bo'na
504 995 635 1025 suntcum
642 1003 686 1028 eo.
695 995 740 1032 qui
754 1000 828 1032 recte
834 996 971 1032 graditur?

171 1033 206 1062 Et
219 1034 376 1062 econtrarlo
388 1032 505 1068 populus
520 1040 596 1060 tneus
612 1032 639 1060 in
654 1031 841 1060 adversarium
856 1039 970 1065 consur-

241 1069 310 1097 rexit
327 1077 334 1096 :

205 1104 322 1139 desuper
335 1103 424 1132 tunica
435 1103 549 1139 pallium
564 1103 712 1131 sustulistis
728 1111 736 1130 ε

204 1146 231 1168 et
240 1138 310 1203 beqls,
327 1140 372 1175 qui
387 1138 549 1175 simpliciter
564 1139 733 1173 transibant,
751 1138 924 1168 convenistis
942 1139 968 1167 ln

258 1184 280 1203 el
295 1183 349 1202 um.

258 1177 349 1203 ellum.

169 1211 299 1239 Mulieres
315 1211 407 1247 populi
432 1210 485 1239 mel
501 1210 621 1247 ejeclstls
645 1210 680 1237 de
704 1209 788 1238 domo
809 1209 968 1238 deliciarum

239 1254 350 1274 suarum
363 1255 370 1273 ε

204 1290 219 1311 a
235 1282 355 1318 parvulis
371 1290 465 1310 earum
485 1281 585 1309 tulistis
598 1281 706 1310 laudem
723 1288 813 1313 meam
829 1281 855 1310 in
872 1288 969 1318 perpe-

239 1323 324 1345 tuum.

168 1353 285 1389 Surgite,
300 1358 328 1380 cl.
344 1353 391 1387 ite,

203 1388 265 1424 quia
282 1397 335 1416 non
352 1389 458 1416 habetis
475 1388 519 1417 hic
531 1389 653 1424 requiem
670 1396 678 1418 :

169 1423 286 1459 Propter
300 1424 500 1466 trittituttditiattt
528 1425 587 1460 ejus
613 1428 803 1460 corrumpetur
824 1423 968 1461 putredine

259 1468 368 1488 CSSImﬂ.

342 1468 368 1488 τι.

169 1468 349 1524 υιίηξιῗιδὲιξὲιι
365 1503 453 1524 essem
466 1496 508 1523 vir
521 1495 625 1523 habens
640 1495 777 1531 spiritum,

205 1537 232 1559 et
247 1532 418 1560 mendacium
432 1532 520 1567 potius
532 1531 659 1567 loquerer
674 1540 680 1558 :

168 1566 281 1595 Stillabo
297 1568 343 1594 tibi
360 1568 385 1595 in
397 1566 490 1595 vinum
505 1572 532 1594 et
544 1566 575 1594 in
585 1568 765 1595 ebrietatem:

206 1608 232 1630 et
247 1604 299 1630 erit
314 1610 397 1638 super
410 1611 491 1638 quem
505 1603 622 1630 stillatnr
637 1603 750 1638 populus
764 1603 826 1629 iste.

168 1638 384 1674 Cougregatione
397 1639 576 1674 congregatio,
590 1639 683 1674 Jacob,
698 1643 781 1666 totum
797 1642 839 1665 te:

204 1673 326 1703 in'unum
338 1673 487 1702 conducant
501 1673 634 1709 reliquias
648 1673 744 1706 Israel,

204 1711 307 1744 pariter
320 1718 419 1746 ponam
436 1711 510 1747 illum
527 1718 602 1744 quam
617 1717 727 1745 gregem
749 1711 774 1737 in
793 1709 870 1743 ovili,
890 1710 966 1747 quasi

240 1753 323 1780 pecus
340 1748 365 1773 in
381 1746 470 1774 tnedio
484 1748 635 1778 caularum,

207 1781 442 1809 tumultuabunlur
455 1789 470 1809 a
487 1781 660 1808 multitudine
678 1781 829 1809 hominum.

171 1818 249 1844 Aser:
261 1817 307 1845 det
321 1818 393 1845 enim
409 1818 531 1852 pandens
546 1818 594 1844 iter
609 1821 671 1844 ante
686 1825 734 1844 eos
751 1827 756 1844 :

204 1854 334 1886 divident,
351 1858 378 1881 et
394 1854 546 1880 transibunt
557 1857 674 1888 portam,
691 1859 717 1880 et
731 1852 907 1889 egredientur
919 1860 968 1889 per

240 1896 298 1915 eam
319 1897 325 1915 Σ

170 1924 204 1952 Et
217 1924 342 1951 transibit
356 1933 403 1951 rex
416 1932 509 1950 eortttn
526 1931 616 1950 coram
633 1925 682 1958 eis,

204 1966 231 1987 et
248 1961 376 1987 Dominus
389 1961 413 1986 iu
428 1959 514 1993 capite
530 1960 583 1995 [ΑΙ.
599 1959 698 1993 Capita]
716 1967 821 1987 eorum.

170 1995 245 2032 [Cap.
262 1996 317 2031 ili]
336 1998 366 2022 lat
380 1996 437 2023 dixi
454 2005 460 2021 :
483 1996 588 2032 Audite,
610 1996 742 2031 principes
764 1996 857 2028 Iacob,
876 1999 903 2023 et
916 1995 966 2024 du-

241 2040 285 2058 ccs
301 2035 397 2058 donius
412 2031 491 2058 lsrael
508 2040 514 2058 :

169 2065 303 2100 Numquid
321 2076 372 2094 non
390 2073 508 2093 Vt‘Slllllll
524 2073 564 2094 est
579 2067 650 2094 scire
665 2067 808 2101 judicium,

204 2105 249 2135 qui
267 2104 328 2130 odio
346 2104 448 2130 habetis
462 2103 573 2135 honuni,
586 2108 613 2130 et
629 2103 741 2138 diligitis
757 2103 877 2130 malum?

205 2139 256 2171 Qui
272 2140 405 2167 violenter
420 2139 513 2166 tollitis
534 2140 618 2172 pelles
633 2147 725 2177 eorum
743 2139 859 2172 desuper
874 2138 926 2177 eis,

205 2179 231 2202 et
247 2183 342 2201 carnes
354 2184 447 2202 eorum
463 2177 580 2210 desuper
594 2175 701 2201 ossibus
713 2182 819 2201 eorum.

169 2211 220 2243 Qui
236 2212 412 2238 conn-derunt
427 2220 536 2238 Carnem
552 2212 641 2245 populi
658 2212 710 2245 inci
722 2231 728 2242 .

207 2251 235 2273 et
250 2246 345 2280 νειμ-ιη
361 2255 452 2274 eorum
471 2248 588 2281 desuper
605 2247 830 2274 excoriaverunt:

740 155 843 184 LIBER
863 153 1018 193 ΜΙΟΙΙΕΔΕ
1038 154 1245 184 PROPIIE'I‘E.

1749 156 1821 186 IOIﬁ

984 212 1012 246 Δ
1028 212 1223 241 Verumtamen
1239 219 1289 248 ego
1300 212 1421 248 repletus
1441 219 1503 240 sum
1522 212 1682 243 fortitudine
1709 214 1821 248 spiritus

1099 249 1217 282 Domini,
1233 249 1334 284 judicio
1343 253 1371 277 et
1383 249 1481 275 virtute
1495 256 1501 274 :

1060 288 1088 311 ut
1103 283 1262 313 aununtiem
1277 284 1361 314 Jacob
1375 284 1463 312 scelus
1478 291 1566 317 suum.
1584 287 1611 311 et
1626 283 1707 312 Israel
1721 292 1818 320 pecca-

1094 324 1150 347 tum
1165 328 1254 348 suum.
1476 324 1482 328 ‘

1023 355 1121 383 Audite
1137 355 1206 388 hoc,
1231 355 1367 392 principes
1380 355 1477 383 domus
1491 354 1576 384 Jacob
1594 359 1622 382 et
1643 354 1749 390 judices
1771 357 1820 384 do-

1095 399 1155 419 mus
1169 390 1251 419 Israel
1263 400 1270 419 :

1095 399 1155 421 mus
1169 399 1251 420 Israel
1263 400 1270 419 ε

1058 426 1104 462 qui
1120 427 1314 469 abominamini
1326 426 1459 462 judicium
1473 447 1480 461 ,
1496 430 1524 454 et
1545 427 1636 454 omnia
1657 431 1731 456 recta
1759 435 1821 462 pcr-

1095 468 1209 491 νοτιιιιε.

1023 497 1072 532 Qui
1086 498 1227 526 :t-diftcatis
1241 498 1306 527 Sion
1320 497 1347 526 in
1362 497 1555 533 sanguinibus.

1058 538 1086 561 et
1100 534 1250 562 Jerusalem
1267 535 1293 562 in
1310 534 1461 569 iniquitate.

1024 568 1166 604 Principes
1177 570 1236 602 ejus
1254 570 1278 597 in
1297 567 1453 597 muneribus
1466 567 1639 602 judicabant,

1058 610 1085 632 et
1096 603 1254 633 sacerdotes
1267 606 1325 639 ejus
1339 605 1365 633 in
1380 604 1505 632 mercede
1520 603 1653 632 docebant
1672 614 1679 633 :

1058 645 1085 668 et
1098 642 1237 676 prapltelte
1250 641 1309 676 ejus
1326 641 1351 668 in
1373 641 1484 676 pecunia
1502 639 1661 676 divinabaut
1677 650 1684 668 :

1023 675 1152 712 Etisu’per
1164 675 1304 705 Dominum
1318 675 1535 712 requiesccbant,
1551 675 1673 704 dicentes
1685 686 1692 704 :

1058 710 1192 747 Numquid
1208 721 1261 740 non
1279 710 1408 740 Dominus
1419 711 1445 739 in
1462 710 1551 739 medio
1566 714 1711 741 nostrum?

1058 755 1112 775 non
1127 748 1235 776 venient
1253 756 1334 783 super
1349 755 1397 775 nos
1415 747 1496 774 tnala.

1022 783 1138 820 Propter
1149 784 1211 818 ltoc,
1224 791 1305 811 causa
1317 783 1410 816 vestri.
1426 783 1491 820 Sion
1505 784 1581 820 quasi
1596 790 1660 818 agor
1674 785 1814 820 arabitur;

1058 818 1085 847 et
1099 818 1249 857 Jerusalem
1265 820 1340 857 quasi
1353 826 1466 857 acervus
1479 819 1596 857 lapidum
1613 819 1676 857 erit,

1059 859 1087 882 et
1100 862 1177 891 mons
1193 855 1296 891 Templi
1312 855 1338 883 in
1350 854 1458 884 excelsa
1472 853 1613 883 silvarum.

984 907 1010 941 Β
1023 888 1100 953 βαρ.
1121 890 1178 932 μνε]
1198 891 1231 918 Et
1245 888 1315 932 erit:

1037 934 1051 952 u
1064 932 1214 953 novrsstmo
1230 927 1315 953 dterut

1037 934 1051 952 u
1064 925 1333 963 novissimodierutn
1347 925 1400 954 erit
1414 933 1492 963 mons
1504 925 1601 957 domus
1615 926 1723 956 Domini
1745 935 1815 963 pra:-

1096 966 1205 995 paratus
1219 962 1243 989 in
1255 961 1360 989 vertice
1371 961 1517 995 montium,

1058 999 1086 1024 et
1096 996 1219 1032 sublimis
1231 1004 1314 1032 super
1324 996 1410 1032 colles
1427 1005 1434 1024 :

1057 1036 1085 1060 et
1099 1031 1185 1060 ﬂuent
1197 1032 1229 1059 ad
1246 1031 1306 1060 eum
1323 1031 1425 1067 populi.

1022 1066 1056 1096 Et
1059 1067 1254 1129 ‘properabunt
1263 1073 1362 1130 1qentes
1374 1069 1465 1098 mulue
1474 1090 1481 1102 ,
1498 1073 1527 1097 et
1539 1068 1630 1098 dicent
1645 1077 1652 1097 :

1081 1109 1164 1130 entte.
1180 1111 1259 1130 ascen
1281 1110 1357 1130 :tmus
1370 1102 1403 1130 ad
1419 1110 1538 1130 montem
1554 1105 1649 1130 Dumlll

1081 1102 1164 1135 eni’te,
1180 1102 1357 1132 ascendamus
1370 1102 1403 1130 ad
1419 1110 1538 1134 montem
1554 1105 1672 1137 Domini,

1057 1143 1084 1166 et
1095 1139 1127 1166 ad
1140 1139 1250 1167 domum
1263 1139 1311 1166 Dei
1327 1138 1411 1167 Jaeob
1428 1149 1434 1167 :

1020 1173 1054 1202 Et
1066 1173 1175 1210 docebit
1187 1182 1237 1202 nos
1252 1175 1285 1202 de
1302 1175 1352 1201 viis
1365 1174 1421 1203 suis
1432 1198 1439 1210 ,

1056 1214 1084 1237 et
1099 1209 1199 1237 ibimus
1213 1211 1239 1237 in
1258 1210 1362 1238 semitis
1374 1209 1457 1243 ejus:

1020 1244 1087 1280 Quia
1101 1246 1134 1273 de
1147 1245 1212 1277 Sion
1234 1246 1390 1281 egredietur
1403 1248 1457 1281 lex,

1056 1285 1083 1308 et
1098 1282 1208 1308 verbum
1232 1281 1339 1308 Domini
1355 1281 1389 1308 de
1402 1282 1564 1311 Jerusalem.

1019 1315 1054 1345 Et
1066 1316 1199 1351 iudicabit
1212 1317 1281 1344 inter
1293 1317 1406 1352 populos
1417 1319 1527 1352 multos,

1055 1357 1082 1379 et
1097 1353 1228 1391 corripiet
1239 1358 1335 1391 gentes
1350 1352 1435 1391 fortes
1448 1362 1533 1390 usque
1552 1354 1579 1382 in
1596 1354 1790 1391 longinquum:

966 1391 971 1397 '
1019 1387 1054 1415 Et
1068 1388 1210 1416 concident
1231 1388 1336 1425 gladios
1346 1396 1409 1416 sitos
1425 1390 1450 1417 in
1462 1387 1598 1425 vomeres,

1055 1429 1080 1450 ct
1096 1425 1186 1452 hastas
1202 1432 1263 1451 suas
1278 1424 1303 1451 itt
1320 1424 1424 1458 ligones
1440 1434 1447 1452 :

1019 1458 1077 1489 Non
1088 1465 1256 1497 Sumctrgens
1270 1460 1400 1497 adversus
1413 1466 1520 1496 gentem
1533 1461 1652 1497 gladium
1665 1470 1671 1488 :

1055 1500 1148 1522 etnon
1165 1496 1354 1532 (listtelllAUlll'a
1376 1496 1546 1532 belligerare.

1020 1530 1054 1558 Et
1067 1531 1173 1558 sedebit
1186 1531 1227 1558 vir
1240 1530 1335 1559 subtus
1357 1530 1466 1560 vineam
1484 1541 1559 1561 suam
1574 1554 1581 1566 ,
1611 1537 1638 1561 et
1662 1532 1759 1561 subtus
1785 1531 1815 1562 ll-

1091 1573 1153 1593 cum
1168 1574 1254 1599 suam,

1055 1606 1082 1629 et
1094 1609 1148 1640 non
1162 1603 1267 1640 eritqui
1283 1603 1419 1631 deterreat
1441 1603 1494 1640 [Αι.
1508 1602 1654 1638 exterreat}
1674 1612 1680 1630 :

1055 1638 1117 1672 quia
1131 1646 1161 1665 os
1172 1638 1278 1666 Domini
1291 1638 1457 1667 cxercitnutit
1475 1640 1591 1669 locutum
1608 1644 1660 1667 est.

1018 1672 1086 1707 Quia
1109 1681 1204 1711 omnes
1218 1674 1320 1711 pepuli
1339 1675 1513 1703 ambulabunt
1530 1675 1712 1711 numquisque
1727 1675 1752 1703 in
1765 1683 1814 1702 no-

1092 1710 1163 1736 mine
1176 1709 1223 1737 Dei
1237 1711 1276 1738 sui
1295 1719 1300 1737 :

1055 1752 1104 1772 nos
1122 1749 1211 1772 autem
1228 1745 1425 1774 ambulabimus
1444 1747 1470 1774 in
1495 1746 1605 1775 nomine
1633 1746 1740 1774 Domini
1765 1746 1814 1774 Dei

1090 1782 1176 1808 nostri
1195 1782 1220 1808 lll
1238 1787 1369 1810 aeternum
1385 1786 1411 1808 et
1425 1783 1507 1810 ultra.

1018 1814 1100 1843 indie
1115 1817 1169 1847 illa,
1185 1816 1250 1844 dicit
1266 1817 1405 1848 Dominus,
1416 1817 1587 1853 congregabo
1598 1818 1810 1849 claudicantem:

1051 1856 1080 1878 et
1093 1859 1164 1885 eam,
1182 1860 1263 1889 quam
1275 1853 1419 1888 ejeceram,
1446 1854 1585 1889 colligam,

1055 1891 1172 1922 etquant
1187 1888 1336 1915 al'ilixcratn
1356 1898 1362 1915 :

1019 1923 1053 1950 Et
1069 1931 1166 1956 ponant
1188 1924 1385 1953 claudicantcm
1398 1925 1423 1952 in
1439 1924 1569 1959 reliquias
1587 1934 1593 1952 :

1054 1963 1081 1985 et
1092 1966 1237 1996 CDIDLQUEE
1252 1959 1432 1996 laboraverat,
1450 1961 1476 1988 in
1488 1966 1594 1996 gentem
1613 1959 1750 1988 robustam
1766 1968 1773 1988 :

1019 1994 1052 2022 Et
1066 1994 1190 2029 regnabit
1205 1995 1333 2022 Dominus
1347 2004 1429 2030 super
1442 1994 1531 2024 eos’in
1548 2000 1640 2024 monte
1655 1995 1719 2023 Sion
1731 2016 1738 2029 ,

1055 2037 1086 2056 ex
1100 2033 1151 2057 hoc
1166 2038 1236 2058 nunc
1252 2035 1279 2058 et
1290 2038 1374 2067 usque
1388 2033 1412 2059 in
1434 2036 1576 2059 :rtcrnum.

1019 2065 1054 2092 Et
1066 2070 1114 2106 ttt,_
1130 2066 1211 2093 turris
1224 2065 1473 2102 gt-egis,'ttebulosa
1491 2068 1544 2095 tilia
1558 2067 1624 2096 Sion
1636 2075 1720 2103 usque
1735 2066 1767 2094 ad
1785 2071 1811 2094 te

1054 2105 1153 2134 veniet,

1054 2142 1081 2164 et
1094 2137 1185 2165 veniet
1200 2142 1319 2173 potestas
1340 2139 1425 2173 prima
1440 2147 1551 2173 regnum
1566 2139 1629 2167 lilia:
1644 2137 1807 2167 Jerusalem.

1018 2172 1094 2200 Nunc
1104 2181 1187 2207 quare
1197 2183 1211 2200 n
1224 2181 1314 2202 (more
1329 2172 1519 2202 contraheris?

1054 2209 1184 2250 numquid
1201 2218 1246 2237 rex
1262 2217 1315 2237 non
1334 2210 1454 2243 esttibi,
1477 2215 1523 2238 aut
1549 2210 1721 2238 consiliarius
1747 2213 1809 2237 tuus

1091 2249 1185 2279 pernt,

170 2281 204 2309 Et
215 2289 276 2321 ossa
291 2289 385 2308 eorum
401 2283 604 2317 coniregcrunt,
622 2287 649 2309 et
664 2281 842 2310 conciderunt
854 2283 924 2319 sicut
938 2282 962 2312 iit
977 2287 1006 2321 Ῑ)
1018 2316 1037 2321 Ἀ
1054 2281 1115 2321 quia
1127 2280 1378 2321 contprchenditﬂte
1393 2281 1473 2308 dolor
1485 2280 1557 2321 sicut
1572 2280 1792 2321 parturientem?

243 2316 340 2350 lebete,

205 2355 234 2380 et
243 2352 319 2390 quasi
334 2354 484 2390 carnemrin
501 2353 589 2380 tnedio
603 2354 675 2390 ollas.

170 2386 410 2415 Tuuc’clantabunt
423 2389 455 2416 ad
469 2386 610 2417 Dominum
621 2410 627 2422 ,
643 2395 669 2418 et
684 2398 735 2418 non
750 2389 880 2420 exaudiet
894 2396 941 2418 eos
954 2398 962 2417 :

206 2427 234 2460 et
246 2423 396 2452 abscondet
411 2424 508 2452 facient
523 2433 597 2452 suam
613 2426 647 2451 ab
657 2425 698 2453 eis
713 2426 738 2453 in
751 2429 874 2460 tempore
886 2425 942 2460 illo,

206 2458 275 2496 sicut
286 2460 409 2496 nequiter
419 2464 532 2496 egerunt
545 2461 570 2489 lll
585 2458 820 2489 adimentionibus
832 2462 898 2489 suis.

171 2494 234 2532 Haec
250 2494 459 2533 dieitDomiutis
474 2504 555 2531 super
572 2496 716 2533 prophetas
728 2518 735 2530 ,
758 2496 803 2532 qui
828 2498 963 2525 seducunt

242 2531 369 2565 paputum
385 2540 474 2560 meutn
489 2541 495 2558 ι

207 2568 252 2604 qui
270 2567 534 2604 tnordentrdentibus
553 2568 620 2603 suis,
637 2572 664 2596 et
682 2568 829 2604 prmdicant
850 2575 959 2603 pacem:

173 2601 206 2629 Et
216 2603 237 2629 si
252 2602 313 2643 quis
328 2611 380 2630 non
391 2603 495 2631 dcdetit
510 2605 535 2631 in
549 2611 596 2632 ore
609 2601 702 2643 eorum
718 2601 868 2643 quidpiam,

207 2639 375 2665 sanctilicant
388 2647 468 2675 super
480 2647 541 2667 enm
554 2639 686 2673 praelium.

171 2671 318 2710 Propterea
335 2682 389 2702 nox
402 2671 481 2703 vobis
493 2683 541 2710 pro
555 2671 659 2703 visione
669 2675 732 2709 erit,

208 2713 235 2736 et
249 2709 369 2738 tenebrae
386 2711 461 2738 vobis
477 2718 527 2745 pro
542 2710 707 2740 divinatione
724 2721 730 2737 :

174 2742 208 2771 Et
222 2745 364 2781 occumhct
379 2746 420 2774 sol
436 2742 518 2781 super
529 2746 690 2781 prophetas,

210 2783 237 2807 et
248 2780 563 2823 obtcrtebrabitur'_super
574 2780 701 2823 eos_d_ies.

175 2813 210 2842 Et
223 2815 424 2845 confundentur
437 2817 484 2852 qui
499 2813 592 2846 vident
605 2819 733 2850 visiones.

211 2855 240 2878 et
250 2852 451 2881 confundentur
465 2852 552 2881 divini
568 2862 575 2880 :

176 2884 209 2913 Et
222 2888 344 2921 operient
358 2889 446 2916 vultus
461 2896 525 2917 suos
539 2896 645 2922 omnes,

212 2923 273 2956 quia
285 2931 337 2951 tton
353 2930 393 2953 est
406 2932 568 2961 responsum
584 2925 643 2953 Dei.

980 2316 997 2330 ξ
1018 2316 1095 2350 Dole,
1111 2321 1138 2343 et
1151 2322 1250 2351 satage,
1267 2317 1319 2343 lilia
1332 2317 1410 2349 Sion,
1426 2317 1500 2350 quasi
1514 2316 1669 2353 parturiens
1683 2324 1693 2342 :

1052 2359 1115 2394 quia
1130 2365 1201 2386 nunc
1214 2358 1364 2393 egredieris
1378 2357 1413 2386 de
1424 2357 1535 2385 civitate
1548 2378 1556 2391 ,
1581 2361 1609 2384 et
1634 2356 1767 2384 habitabis
1782 2356 1809 2384 in

1087 2399 1208 2433 regione,

1050 2438 1078 2461 et
1089 2432 1180 2461 venies
1194 2441 1279 2469 usque
1291 2433 1325 2461 ad
1345 2432 1510 2469 Babylonem
1526 2440 1533 2461 ι

1015 2469 1054 2498 Ibi
1070 2469 1238 2503 liheraberis,

1052 2510 1087 2537 ibi
1101 2509 1215 2537 redimet
1230 2514 1255 2537 te
1266 2509 1398 2537 Dominus
1412 2508 1447 2536 de
1461 2515 1542 2536 manu
1556 2507 1729 2536 inimicorum
1751 2511 1811 2535 tuo-

1087 2553 1158 2573 I‘lIlll.

1019 2581 1052 2608 Et
1066 2589 1137 2609 nunc
1158 2584 1329 2616 congregata
1345 2585 1409 2608 sunt
1423 2587 1506 2615 super
1534 2583 1560 2608 te
1582 2585 1677 2615 gentes
1699 2579 1791 2608 multa:
1806 2599 1814 2613 ,

1090 2629 1150 2657 qua!
1164 2622 1257 2649 dicunt
1270 2630 1277 2649 :
1293 2621 1441 2657 Lapidetur
1455 2628 1462 2647 :

1054 2666 1080 2689 et
1095 2661 1208 2697 aspiciat
1222 2662 1248 2689 in
1265 2661 1330 2690 Sion
1349 2661 1445 2688 oculus
1458 2665 1562 2689 noster.

1018 2701 1070 2739 Ipsi
1083 2707 1173 2730 autem
1187 2709 1240 2729 non
1259 2706 1446 2736 cognoverunt
1457 2701 1637 2736 cogitationes
1653 2701 1774 2736 Domini,

1054 2747 1082 2770 et
1096 2749 1149 2770 non
1165 2741 1357 2770 intellexerunt
1373 2740 1516 2769 consilium
1537 2741 1596 2776 ejus
1614 2750 1620 2768 :

1053 2782 1115 2817 quia
1130 2782 1308 2817 congregavit
1321 2789 1368 2809 eos
1381 2781 1459 2816 quasi
1482 2781 1572 2808 l'euutn
1587 2788 1668 2808 arcte.

1019 2817 1105 2853 Surge
1120 2823 1146 2845 et
1160 2819 1268 2852 tritura,
1284 2817 1337 2844 ﬁlia
1351 2817 1416 2845 Sion
1433 2826 1440 2853 ς

1058 2852 1120 2888 quia
1133 2861 1217 2880 cornu
1232 2858 1304 2880 tuutn
1319 2860 1415 2888 ponam
1432 2852 1561 2887 ferreum,

1056 2889 1209 2924 etungttlas
1223 2893 1282 2916 tuas
1302 2896 1400 2923 ponam
1420 2895 1525 2916 :ereas.

1022 2925 1055 2953 Et
1067 2926 1234 2953 conuuinues
1249 2925 1362 2961 populos
1379 2924 1488 2956 mullos,
