2054 3180
238 153 309 183 1047

273 217 301 240 et
316 216 330 231 ⁸
344 210 505 240 interficiam
516 211 632 239 Domino
643 210 753 246 rapinas
767 217 874 242 eorum,

276 252 307 276 et
320 247 506 275 fortitudinem
518 255 612 275 eorum
624 247 737 274 Domino
756 246 892 273 universae
904 249 997 273 terrm.

242 282 319 320 [Cap.
334 283 379 320 κη]
394 283 470 311 Nunc
486 283 653 315 vastaheris,
671 282 723 309 lilia
738 281 850 309 latronis
867 291 874 309 :

278 319 449 348 obsidionem
464 323 612 354 posuerunt
626 325 708 351 super
723 324 784 354 nos,

282 356 310 382 in
326 356 398 390 virga
416 352 568 389 percutient
582 354 718 380 maxillam
730 353 829 390 judieis
844 352 929 390 Israel
946 362 952 390 ξ

242 391 278 420 Ει
289 395 329 453 tuJ.
343 388 501 453 gétldehem
518 390 635 425 Ephrata
649 412 656 424 ,
677 388 805 424 parvulus
819 396 849 416 es
873 389 900 416 in
917 388 1038 416 millibus

331 435 344 453 ll
367 434 380 453 3
399 436 405 453 Σ

331 434 380 453 una
399 436 405 454 ε

277 470 312 490 ex
329 467 354 490 te
370 461 434 489 mihi
448 461 603 496 egredietur
615 460 658 496 qui
674 461 710 488 sit
729 460 884 488 dominator
899 460 925 487 in
939 459 1037 492 Israel,

278 503 305 525 et
316 504 444 532 egressus
456 495 514 532 ejus
530 496 563 523 ab
578 497 665 528 initio,
678 504 693 523 a
713 497 810 524 diebus
826 495 1000 523 mternitalis.

243 531 359 568 I‘roptér
370 533 423 560 hoc
439 532 511 560 dabit
525 539 572 560 eos
586 540 672 568 usque
688 531 721 559 ad
734 537 850 567 tempus,
868 532 894 558 in
908 539 962 566 quo
977 537 1039 566 par-

314 569 418 596 turiens
429 568 524 604 pariet.

280 602 440 668 etlreliqpiaé
465 604 576 631 fratrum
591 603 673 639 ejusb
690 607 886 631 convertentur
908 602 943 631 ad
968 602 1040 629 filios

328 648 388 668 srae
403 660 410 667 .

328 641 410 668 srael.

243 676 281 704 Et
294 676 391 707 stabit.
406 680 434 703 et
448 681 540 711 pascet
552 676 578 704 in
594 675 752 703 fortitudine
764 675 883 709 Domini,

279 712 306 739 in
320 712 486 739 sublimitate
502 712 620 739 nominis
631 711 738 739 Domini
754 712 800 739 Dei
817 711 860 739 sui
876 720 882 738 :

244 748 279 776 Et
292 752 495 781 convertentur,

280 784 341 818 quia
352 792 422 811 nuttc
438 783 654 819 magnificabitur
665 790 750 818 usque
760 782 935 811 adterminos
949 786 1039 810 terrae.

243 819 280 847 Et
294 820 345 847 erit
358 820 408 847 iste
421 827 474 855 pax
488 829 493 846 :
577 837 580 839 ν

243 856 373 891 Assyrius
389 863 450 882 cum
466 855 571 882 venerit
588 855 614 882 in
631 859 731 891 terram
749 859 881 891 nostram,

281 890 308 918 et
322 891 429 926 quando
445 891 589 918 calcaverit
606 891 632 918 in
647 890 774 918 domibus
790 890 891 917 nostris
912 898 919 916 :

245 926 281 954 Et
294 927 484 954 suscitabimus
497 934 579 961 super
590 934 652 954 eum
669 931 773 961 septem
790 930 928 960 pastores,

284 967 312 990 et
328 966 391 989 octo
407 962 535 997 primates
550 961 685 989 homines.

246 997 282 1025 Et
298 1002 409 1032 pascent
425 1003 523 1025 terram
541 997 628 1025 Assur
642 998 668 1024 in
684 997 774 1032 gladio
785 1019 792 1032 ,

284 1038 311 1061 et
328 1038 428 1061 terram
444 1033 560 1060 Nemrod
575 1034 600 1060 in
616 1033 719 1060 lanceis
735 1033 793 1067 ejus
809 1042 815 1059 :

249 1068 283 1095 Et
297 1069 421 1096 liberabit
430 1069 463 1096 ab
477 1071 562 1096 Assur
570 1076 631 1095 eum
641 1069 747 1096 venerit
758 1069 784 1095 in
798 1072 899 1095 terram
911 1071 1043 1102 nostram,

285 1109 313 1132 et
333 1112 394 1132 ettm
410 1104 556 1132 calcaverit
567 1104 592 1130 in
607 1103 706 1131 ﬁnibus
723 1104 836 1131 nostris.

252 1139 288 1167 Et.
301 1145 383 1167 erunt
395 1140 518 1175 reliquiae
532 1140 615 1167 Jacob
629 1140 655 1166 in
672 1139 763 1167 medio
790 1139 953 1174 populorum
977 1138 1047 1166 mul-

321 1179 421 1210 torum,
435 1174 512 1211 quasi
523 1183 568 1203 ros
578 1183 594 1203 a
609 1175 736 1209 Domino,
762 1179 789 1201 et
804 1174 881 1210 quasi
906 1175 987 1202 stilla:
1002 1182 1048 1203 su-

322 1219 371 1245 per
385 1211 507 1245 herbam,

287 1244 348 1308 quia:
360 1254 413 1287 non
422 1250 562 1283 exSpectat
575 1246 674 1281 virum,
687 1250 715 1274 et
726 1253 780 1273 non
792 1246 966 1282 przestolatur
976 1244 1047 1273 filios

333 1290 474 1308 nominum.

333 1290 474 1310 nominum.

253 1317 290 1346 Et
303 1323 385 1346 erunt
397 1318 519 1354 reliquiae
534 1318 619 1346 Jacob
629 1318 656 1346 in
670 1318 796 1354 gentibus
813 1318 840 1345 in
857 1316 946 1345 medio
961 1324 1046 1353 popu-

323 1354 411 1381 lorum
430 1355 585 1387 multorum,

288 1390 365 1424 quasi
383 1391 426 1417 leo
441 1391 466 1417 in
480 1390 612 1424 jumentis
633 1390 781 1422 silvarum,

288 1429 318 1453 et
331 1427 409 1460 quasi
421 1426 526 1453 catulus
537 1426 625 1453 leonis
641 1427 667 1452 in
682 1426 810 1460 gregibus
826 1432 953 1460 pecorum
966 1433 973 1452 :

289 1459 412 1496 quicum
427 1461 577 1495 transierit,
593 1466 620 1489 et
635 1459 854 1493 con’culcaverit,
879 1466 906 1488 et
932 1459 1046 1496 ceperit,

326 1504 379 1524 non
395 1502 435 1524 est
453 1497 498 1532 qui
511 1501 597 1524 eruat.

253 1531 424 1560 Exaltabitur
435 1531 532 1559 manus
548 1537 592 1560 tua
605 1540 689 1568 super
703 1532 796 1560 hostes
813 1536 885 1566 tuos,

290 1572 319 1595 et
330 1575 426 1596 omnes
436 1567 538 1596 inimici
554 1569 592 1595 tui
606 1567 767 1595 interibunt.

254 1603 290 1631 Et
299 1603 352 1631 erit
363 1604 390 1630 in
406 1603 450 1631 die
464 1604 520 1638 illa,
533 1604 598 1632 dicit
617 1604 769 1632 Dominus:

292 1638 421 1667 Auferam
435 1647 520 1675 equos
535 1644 596 1667 tuos
609 1639 642 1667 de
658 1639 748 1667 medio
764 1639 800 1667 tui
812 1660 819 1672 ,

254 1685 261 1690 -
293 1679 321 1702 et
334 1675 490 1709 disperdam
506 1675 650 1710 quadrigas
660 1680 730 1702 tuas.

255 1711 292 1739 Et
305 1710 417 1746 perdam
431 1709 557 1738 civitates
573 1709 653 1739 terrae
669 1714 737 1743 tute,
753 1713 781 1738 et
798 1709 939 1738 destruam
954 1716 1050 1738 omnes

328 1747 492 1774 munitiones
507 1751 565 1774 tuas
574 1767 581 1779 ,

292 1787 319 1811 et
330 1783 450 1809 auferant
467 1782 598 1810 maleﬁcia
612 1782 647 1810 de
660 1789 742 1810 manu
757 1785 814 1816 tua,
828 1785 856 1809 et
870 1782 1052 1811 divinationes

330 1825 382 1844 non
396 1824 475 1845 CFIllll.
489 1826 513 1844 lli
529 1823 566 1845 ie.

258 1854 294 1881 Et
307 1854 399 1915 perirdc
420 1854 517 1894 iaciam
530 1853 666 1889 sculptilia
694 1858 739 1881 tua
762 1857 790 1881 et
807 1857 911 1881 statuas
936 1858 996 1881 tuas
1017 1853 1053 1882 de

331 1897 372 1915 tne
395 1897 419 1915 t0
436 1894 472 1915 tur
488 1899 493 1915 :

331 1891 419 1916 medio
436 1891 472 1916 tui
488 1899 493 1916 :

294 1930 386 1952 etnon
401 1925 526 1951 adorabis
537 1924 607 1951 ultra
622 1932 705 1960 opera
722 1932 853 1952 manuum
869 1929 987 1953 tuarunt.

258 1961 294 1988 Et
308 1961 421 1987 evellant
440 1962 513 1987 luens
526 1966 585 1987 tuos
599 1961 633 1988 de
649 1960 737 1988 medio
754 1960 810 1989 tui:

296 2000 323 2023 et
335 2002 473 2023 comeram
484 1996 607 2024 civitates
625 2001 694 2023 tuas.
754 2002 757 2004 ·

260 2031 296 2059 Ει
312 2033 406 2058 faciam
427 2032 451 2057 in
464 2032 556 2058 furore
570 2036 594 2058 et
612 2032 638 2059 in
655 2032 841 2065 indignatione
856 2032 987 2060 ultionem

300 2067 324 2093 in
341 2067 466 2093 omnibus
481 2067 619 2100 gentibus,
635 2076 693 2102 qua:
710 2076 762 2093 non
779 2068 934 2095 audierunt.

260 2102 338 2138 [ϐαρ.
359 2102 414 2137 VIN,
432 2102 530 2129 Audite
546 2111 607 2137 qua:
623 2104 754 2130 Dominus
773 2103 910 2138 loquitur:

253 2139 358 2172 'Surge,
376 2138 510 2164 contende
520 2139 623 2170 judicio
638 2140 781 2166 adversum
794 2143 910 2171 montes,

298 2179 326 2200 et
348 2174 459 2200 audiant
474 2175 557 2200 colles
572 2182 665 2201 vocem
685 2180 768 2201 tuam.

261 2209 379 2237 Audianl
396 2210 448 2244 lAI.
470 2209 578 2243 Audite]
605 2216 709 2237 montes
728 2208 858 2243 judicium
885 2210 1004 2245 Domini,
1030 2215 1058 2239 et

335 2245 412 2271 fortia
429 2245 601 2272 fundamenta
618 2251 698 2273 terra:
716 2255 721 2271 :

743 152 774 181 S.
795 150 986 181 ΙΙΙΕΒΟΝΥΜῙ
1007 149 1122 180 DIVINA
1143 150 1379 181 BlBLlOTllECA.

1817 145 1888 176 1018

1049 209 1077 240 Δ
1125 211 1263 243 responde
1279 210 1358 238 mihi.

1089 245 1156 279 Quia
1167 246 1247 274 eduxi
1261 251 1286 274 te
1301 246 1335 274 de
1354 251 1427 273 terra
1442 244 1563 281 Egypti,

1124 286 1151 308 et
1162 281 1197 309 de
1210 282 1292 309 domo
1305 287 1316 301 ε
1332 278 1640 310 εθννῖυηῐὶυῐὶίιὶῡοτιινῑ
1657 283 1682 307 te
1699 287 1706 306 :

1088 317 1124 345 Et
1138 317 1198 345 misi
1216 323 1280 345 ante
1295 317 1391 345 faciem
1407 321 1481 344 tuam
1493 315 1599 349 Mosen,

1126 356 1153 379 et
1164 354 1266 385 Aaron,
1279 358 1306 381 et
1321 353 1454 381 Mariam?

1090 387 1195 424 Popule
1210 396 1306 423 meus,
1323 393 1479 422 memento,
1498 394 1592 424 quteso
1604 408 1612 421 ,
1639 386 1703 422 quid
1729 386 1891 422 cogitaverit

1162 424 1175 442 ά
1188 425 1270 452 Balac
1284 432 1330 453 rex
1342 425 1428 456 Moab,

1127 466 1154 489 et
1167 461 1230 495 quid
1243 461 1417 495 responderit
1426 461 1451 488 ei
1466 459 1575 487 Balaam
1588 458 1660 486 filius
1676 458 1758 491 Beor,

1127 497 1161 525 de
1175 496 1271 524 Settim
1284 504 1371 531 usque
1386 496 1418 523 ad
1432 496 1581 530 Galgaiam,

1126 537 1157 561 ut
1168 538 1179 551 ο
1192 530 1372 567 cognosceres
1383 532 1502 566 justitias
1518 530 1636 558 Domini.

1092 568 1161 603 Quid
1173 568 1284 603 dignum
1301 567 1414 595 offeram
1434 567 1566 594 Domino?

1128 604 1248 632 curvabo
1263 611 1334 639 genu
1349 604 1406 631 Deo
1421 603 1548 630 excelso?

1130 636 1386 703 numqulid—pﬂ‘cram
1401 640 1425 666 ei
1438 638 1669 673 holocautomata,
1686 641 1712 666 et
1726 636 1828 665 vitulos
1842 644 1893 664 an-

1166 683 1227 703 ntcu
1242 683 1285 702 os.

1166 683 1285 703 ιιιοιιιυεῑ

1091 711 1227 746 Numquid
1242 712 1342 747 placari
1359 715 1450 746 potest
1464 711 1597 739 Dominus
1612 711 1638 738 in
1662 708 1784 738 millibus
1811 709 1894 737 arie-

1129 751 1322 811 auiuiiii'multis
1334 783 1453 810 millibus
1467 782 1606 810 hircorum
1625 781 1782 816 pinguium?

1093 818 1229 854 Numquid
1241 820 1311 847 dabo
1322 818 1531 854 primogenitum
1545 826 1633 845 meum
1642 825 1692 854 pro
1705 818 1809 844 scelere
1818 823 1894 854 meo,

1130 852 1249 882 fructum
1261 852 1367 883 ventris
1382 852 1435 882 mei
1452 862 1499 889 pro
1516 859 1627 888 peccato
1651 853 1749 880 anima:
1765 859 1834 880 mea:
1845 852 1858 879 2

1059 907 1083 938 Β
1095 890 1298 938 Indicabthi'bi,
1312 898 1331 932 o_
1341 890 1439 938 horno,
1452 889 1692 938 qttni'tlsiitAbonum,

1134 930 1162 954 et
1177 926 1239 961 quid
1256 926 1387 953 Dominus
1405 930 1507 961 quaerat
1522 933 1536 951 a
1551 930 1577 952 te
1594 934 1599 951 :

1099 959 1197 997 Utique
1212 964 1300 990 facere
1312 959 1454 996 judicium,
1466 965 1494 989 et
1509 961 1622 997 diligere
1638 959 1854 987 misericordiam
1867 979 1876 993 ,

1134 996 1162 1025 et
1171 997 1321 1024 sollicitum
1336 997 1476 1024 ambulare
1486 1004 1547 1023 ctnu
1562 996 1617 1023 Deo
1633 999 1680 1023 tuo
1695 1005 1702 1021 :

1097 1033 1155 1061 Vox
1174 1033 1279 1060 Domini
1293 1033 1325 1060 ad
1339 1033 1476 1060 civitatem
1492 1032 1604 1065 clamat,

1133 1073 1161 1097 et
1172 1068 1244 1096 salus
1255 1070 1302 1096 erit
1321 1069 1478 1096 timentibus
1492 1075 1593 1095 nomen
1614 1071 1689 1094 tuum
1706 1073 1713 1093 :

1098 1105 1207 1136 Audite.
1225 1105 1320 1138 tribus,

1135 1145 1162 1168 et
1177 1141 1238 1176 quis
1252 1140 1414 1174 approbabit
1428 1140 1492 1167 illud
1509 1140 1521 1166 ἱ)

1099 1174 1196 1204 Adhuc
1208 1175 1277 1209 ignis
1291 1177 1318 1203 in
1329 1176 1499 1211 domoimpii
1524 1174 1643 1203 thesauri
1668 1174 1823 1210 iniquitatis
1839 1174 1896 1210 [AL

1172 1211 1339 1248 impietatis].

1135 1251 1163 1275 et
1178 1255 1307 1275 mensura
1320 1247 1410 1275 ininor
1424 1247 1471 1274 ira:
1481 1248 1570 1282 plena.

1098 1283 1231 1318 Numquid
1245 1283 1399 1315 iustiﬁcabo
1412 1288 1539 1311 stateram
1556 1283 1677 1318 impiam,

1136 1324 1163 1346 et
1178 1319 1271 1346 sacelli
1294 1319 1414 1353 pondera
1425 1319 1537 1346 dolosa?

1083 1354 1128 1382 .In
1140 1354 1238 1389 quibus
1251 1354 1350 1382 divites
1361 1354 1421 1389 ejus
1434 1354 1530 1389 repleti
1551 1359 1614 1382 sunt
1627 1353 1780 1389 iniquitate,

1135 1395 1162 1418 et
1177 1390 1331 1418 habitantes
1344 1392 1370 1417 in
1382 1398 1412 1417 ea
1430 1390 1614 1425 loquebantur
1637 1390 1820 1423 mendacium,

1134 1430 1162 1453 et
1176 1426 1266 1461 lingua
1282 1433 1376 1453 eorum
1388 1425 1562 1454 fraudulenta
1574 1427 1602 1453 in
1616 1434 1664 1453 ore
1678 1426 1815 1461 ipsorum.

1099 1461 1134 1490 Et
1147 1469 1197 1497 ego
1208 1469 1273 1503 ergo
1283 1462 1357 1503 coepi
1370 1465 1513 1497 percutere
1528 1466 1554 1490 te
1569 1461 1722 1497 perditione
1737 1469 1821 1497 super
1833 1468 1901 1497 pec—

1171 1502 1238 1524 catis
1254 1502 1315 1524 luis.

1099 1533 1141 1561 Tu
1156 1532 1294 1565 comedes,
1310 1537 1336 1560 et
1346 1540 1400 1561 non
1415 1533 1582 1561 saturaberis
1596 1542 1603 1560 :

1138 1572 1165 1597 et
1178 1568 1331 1596 humiliatio
1343 1573 1387 1596 tua
1399 1569 1425 1596 in
1440 1569 1531 1597 medio
1544 1569 1582 1596 tui
1600 1578 1607 1596 :

1063 1599 1086 1631 C
1103 1604 1136 1632 Et
1150 1604 1348 1640 apprehendes.
1362 1609 1389 1631 et
1402 1613 1455 1632 non
1471 1605 1588 1632 salvabis
1603 1614 1610 1632 :

1137 1644 1165 1668 et
1177 1647 1247 1675 quos
1262 1640 1411 1668 salvaveris
1420 1661 1427 1673 ,
1440 1641 1466 1667 in
1481 1640 1601 1675 gladium
1613 1639 1694 1668 dabo.

1102 1676 1144 1704 Tu
1155 1676 1311 1708 seminabis,
1328 1681 1356 1703 et
1374 1684 1427 1703 non
1441 1682 1545 1704 metes:

1139 1715 1168 1739 tu
1180 1711 1299 1739 calcabis
1312 1711 1423 1745 olivam,
1439 1716 1467 1740 et
1481 1720 1535 1739 non
1548 1711 1658 1746 ungeris
1672 1711 1749 1739 oleo:

1139 1753 1167 1775 et
1181 1751 1311 1781 mustum,
1326 1752 1419 1775 etnon
1442 1747 1519 1775 bibes
1535 1748 1639 1775 vinum.

1103 1784 1137 1811 Et
1147 1783 1292 1846 cuiipdgsti
1305 1787 1442 1819 praecepta
1456 1783 1532 1811 Amri
1544 1804 1552 1816 ,
1569 1787 1598 1810 et
1606 1791 1687 1811 omne
1710 1788 1778 1817 opus
1800 1781 1902 1809 domus

1220 1826 1234 1846 a
1271 1828 1278 1846 :

1220 1826 1278 1847 ao:

1104 1855 1139 1882 Et
1152 1854 1297 1882 ambulasti
1310 1854 1336 1882 in
1352 1854 1538 1883 voluntatibus
1551 1862 1647 1883 eorum
1658 1876 1666 1889 ,
1681 1857 1712 1882 ut
1722 1854 1816 1882 darem
1835 1857 1863 1881 te
1874 1853 1902 1881 in

1177 1890 1369 1924 perditionem,

1141 1931 1169 1954 ct
1180 1926 1336 1954 habitantes
1351 1928 1378 1954 in
1394 1934 1426 1954 ea
1440 1926 1467 1953 in
1483 1926 1605 1960 sibilum,

1141 1966 1168 1989 et
1183 1962 1362 1996 opprobrium
1376 1963 1468 1997 populi
1485 1962 1537 1989 mei
1560 1961 1715 1997 portabitis.

1106 1997 1181 2034 [ϐαρ.
1197 1995 1265 2034 ΠΜ
1281 1997 1327 2025 Vm
1343 1995 1419 2030 mihi,
1432 1999 1492 2033 quia
1509 1995 1596 2025 factus
1607 2005 1670 2034 sum
1685 1997 1754 2025 sicut
1766 1996 1811 2032 qui
1825 1995 1905 2024 colli-

1178 2033 1216 2067 git
1227 2032 1252 2059 in
1267 2037 1396 2061 autumno
1411 2041 1534 2061 racemos
1549 2033 1695 2061 vindemiae
1709 2042 1716 2060 :

1143 2076 1196 2096 non
1210 2072 1253 2096 est
1266 2068 1359 2096 botrus
1373 2069 1406 2096 ad
1422 2068 1619 2097 comedendum
1632 2089 1639 2100 ,

1145 2103 1154 2123 τ
1170 2111 1328 2139 prmcoquas
1343 2104 1410 2132 ﬁcus
1425 2104 1589 2132 desideravit
1603 2104 1693 2132 anima
1704 2111 1776 2132 mea.

1107 2139 1191 2168 Periit
1202 2144 1311 2167 sanctus
1326 2140 1359 2168 de
1374 2146 1456 2173 terra,

1144 2180 1171 2203 et
1183 2180 1272 2203 rectus
1286 2177 1311 2203 in
1323 2176 1478 2203 hominibus
1493 2183 1546 2204 non
1560 2180 1622 2204 est:

1108 2211 1208 2239 Omnes
1222 2211 1248 2238 in
1262 2212 1392 2247 sanguine
1408 2212 1580 2244 insidiantur,

1144 2247 1185 2284 vir
1198 2247 1308 2274 fratrem
1323 2255 1400 2275 suum
1415 2253 1529 2284 venatur
1541 2248 1574 2274 ad
1589 2247 1644 2284 [AL
1660 2247 1698 2284 in]
1712 2252 1839 2275 mortem.

297 2281 359 2321 quia
373 2280 516 2321 judicium“
526 2281 635 2321 Domini
654 2288 715 2308 cum
740 2282 839 2317 populo
864 2289 914 2310 suo
944 2287 972 2311 et
994 2290 1055 2311 cum
1070 2291 1096 2321 ι)
1108 2283 1207 2321 Malum
1223 2290 1349 2310 manuum
1365 2280 1715 2321 suarumdicuntbonum:

333 2316 416 2344 Israel
434 2316 634 2351 dijudicabitur.

260 2352 365 2389 Popule
377 2359 463 2389 meus,
478 2353 540 2387 quid
557 2352 608 2379 feci
631 2352 700 2386 tibi,
725 2357 753 2381 et
774 2353 838 2389 quid
865 2353 1000 2382 molestus
1020 2355 1058 2382 fui

332 2388 398 2416 tibi?

294 2462 306 2494 ἐ
323 2457 420 2485 Mirum
430 2457 504 2494 quod
518 2457 544 2484 in
556 2458 675 2485 secunda
702 2466 819 2494 persona
841 2458 992 2493 praeferunt
1018 2459 1053 2487 li-

258 2493 301 2521 bri
318 2500 413 2529 omnes
429 2492 515 2520 Latini
527 2514 534 2525 .
552 2492 710 2529 intrrﬁcics,
733 2500 760 2522 ct
787 2495 873 2522 Gra-ci
898 2496 1031 2525 ἀναθήσεις
1046 2504 1051 2522 :

260 2537 322 2556 eum
339 2528 463 2565 inillebr.
479 2533 568 2557 tamen
584 2528 654 2557 sitin
669 2531 754 2564 prima
768 2535 905 2563 mna-tm,
924 2530 997 2565 quod
1011 2535 1054 2558 est.

261 2564 428 2597 inter/icium,
444 2571 491 2591 seu
503 2565 593 2592 verius
604 2566 768 2593 anathemate
789 2566 925 2592 det'ovebo.

298 2600 310 2618 ιι
326 2599 359 2627 Ut
384 2604 414 2636 ut
444 2600 500 2634 ipse
522 2601 557 2628 ita
588 2601 660 2636 legat
677 2601 706 2628 S.
721 2601 800 2628 Pater
814 2603 840 2628 in
854 2601 1051 2634 Commentar.,

260 2635 418 2671 Symmachi
431 2637 512 2663 aliam
528 2635 783 2671 interpretatimiem
798 2637 905 2663 videtur
921 2636 1052 2671 probasse

260 2670 347 2706 magis
356 2680 361 2698 ε
371 2670 711 2708 Etirourerlentur,’inquit,
722 2672 785 2708 sive,
796 2670 1052 2708 utmcliusinlcrprc-

263 2712 332 2734 tatus
344 2711 379 2734 est
395 2707 577 2742 Symmachus.
588 2707 749 2734 habitabant.
762 2707 862 2734 Jusubu
873 2710 939 2734 enim
952 2708 1055 2735 verbum

264 2742 422 2779 ﬂcbraicum
433 2749 570 2777 uitantque
585 2743 727 2779 signiﬁcat.
743 2743 906 2770 Habilabtmt
930 2748 1015 2771 autem
1028 2745 1054 2770 in

260 2778 380 2806 Ecclesia
397 2778 517 2808 Domini.
534 2783 588 2806 etc.

299 2820 310 2833 ε
332 2814 424 2841 Canon
440 2814 468 2841 S.
486 2814 615 2841 Germani
639 2818 665 2841 et
680 2823 732 2842 ms.
756 2823 829 2842 num.
844 2816 870 2848 5,
887 2820 909 2841 ct
932 2815 963 2842 dc
979 2815 1055 2842 domo

259 2850 400 2911 servinﬁis,
415 2850 486 2884 quod
504 2850 531 2876 in
543 2850 751 2878 Commentariis
768 2856 866 2878 ictmet
880 2852 908 2879 S.
924 2851 1054 2886 Hierony-

259 2894 328 2911 ιιιυς.
372 2893 431 2911 ΛΙΚΤ.

257 2894 328 2913 IDUS.
344 2893 431 2912 MART.

293 2920 306 2939 ι¹
319 2920 435 2948 Addunt
450 2921 494 2949 alii
511 2921 570 2950 libri
583 2926 673 2950 contra
688 2928 721 2957 te,
737 2922 967 2959 quemadmodum
998 2923 1054 2958 ipse

1147 2319 1272 2353 princeps
1287 2320 1415 2354 postulat,
1427 2319 1550 2382 etgudex
1564 2320 1590 2346 in
1606 2319 1745 2346 reddendo
1758 2322 1819 2346 est:

1159 2361 1273 2382 magnus
1287 2355 1394 2382 locutus
1408 2359 1450 2382 est
1482 2354 1628 2382 esiderium
1641 2354 1740 2382 animat
1754 2362 1819 2382 suae.

1111 2355 1146 2383 Et
1159 2361 1273 2388 magnus
1287 2355 1394 2382 locutus
1408 2359 1450 2382 est
1462 2354 1628 2383 desiderium
1641 2354 1740 2382 animat
1754 2362 1822 2388 suae,

1147 2394 1174 2418 et
1185 2390 1416 2419 conturbaverunt
1432 2397 1503 2418 eam.

1106 2458 1187 2486 etiam
1208 2458 1331 2493 prtelegit
1344 2457 1528 2486 Commentar.
1552 2457 1582 2486 S.
1594 2456 1685 2485 Pater.
1713 2456 1862 2493 Suntvero
1876 2463 1909 2484 ea

1105 2494 1189 2521 verba
1204 2491 1236 2520 ex
1251 2491 1347 2521 Graeco
1358 2494 1423 2522 κατὰ
1438 2497 1487 2521 σοῦ
1500 2494 1620 2521 derivata
1630 2514 1637 2527 ,
1653 2492 1751 2529 quibus
1771 2491 1839 2519 nihil
1854 2496 1907 2525 est,

1106 2529 1180 2565 quod
1198 2529 1224 2556 in
1239 2529 1374 2557 llebraico
1389 2529 1564 2564 respondeat.

1142 2570 1154 2584 θ
1168 2564 1197 2592 1η
1212 2566 1309 2592 eodem
1325 2562 1442 2593 Canone'
1457 2566 1536 2592 tertia
1558 2571 1673 2600 persona
1689 2562 1863 2598 exprimitur,
1879 2567 1909 2590 ut

1105 2605 1276 2664 gpgnoacerct,
1298 2605 1364 2634 etc.;
1390 2606 1418 2628 at
1441 2601 1585 2628 manifesto
1601 2600 1782 2636 exscriptoris
1798 2600 1908 2627 errore.

1136 2644 1200 2664 aur.

1120 2638 1200 2664 iam.

1149 2672 1158 2691 ί
1176 2672 1304 2700 Ecclesiae
1319 2671 1653 2700 Careassonensis-Canon
1670 2671 1736 2707 legit
1755 2671 1909 2707 immaturas

1109 2708 1185 2743 ﬁcus.
1201 2708 1230 2736 lu
1248 2712 1321 2736 textu
1336 2713 1427 2735 autem
1438 2706 1707 2735 Commentariorum
1719 2707 1852 2741 scriptum
1872 2706 1910 2733 le-

1108 2742 1196 2779 gimus
1215 2744 1361 2780 primitiuae
1382 2744 1458 2780 ﬁcus,
1484 2743 1584 2771 deinde
1608 2742 1909 2780 inrcxplanation‘ibus,

1108 2778 1261 2807 immaturas
1274 2780 1349 2814 ﬁcus.
1374 2779 1496 2811 Frustra,
1515 2779 1599 2813 inquit
1618 2778 1799 2814 Hieronymus
1820 2778 1909 2804 disse‘

1109 2815 1203 2850 rendo,
1218 2815 1325 2843 volui...
1338 2816 1414 2849 quasi
1431 2820 1568 2842 extremos
1583 2822 1706 2842 racemos
1719 2813 1870 2850 requirere,
1884 2816 1911 2839 et

1109 2857 1170 2878 cum
1188 2848 1240 2878 non
1256 2851 1292 2878 sit
1306 2848 1401 2878 botrus
1416 2850 1449 2877 ad
1464 2850 1676 2880 comedendum.
1701 2850 1796 2876 saltem
1813 2848 1911 2875 imma-

1110 2891 1184 2914 turas
1195 2886 1270 2919 ficus,
1281 2894 1348 2921 quas
1358 2886 1466 2914 "Cbl'll‘i
1476 2893 1612 2913 uaccnona
1623 2890 1691 2915 Ἧι
1701 2889 1807 2920 vocant,
1819 2884 1844 2912 id
1857 2888 1909 2917 est,

1110 2930 1218 2958 grossos
1231 2923 1354 2956 ficorum,
1371 2922 1432 2950 cibo
1447 2929 1565 2950 sumere.
1585 2921 1674 2949 Mam.
