2025 3178
227 130 298 160 1055

228 188 301 217 Ecce
316 186 368 214 iste
378 189 525 222 coopertus
539 188 581 214 est
596 188 701 222 auroret
715 189 829 222 argento
844 194 850 212 :

265 228 294 251 et
308 222 396 251 omnis
409 220 523 258 spiritus
537 225 645 258 nonest
663 221 689 248 in
704 221 858 250 visceribus
871 220 942 257 ejus.

232 258 363 288 Dominus
377 257 468 286 autem
479 258 505 285 in
522 257 624 292 templo
636 261 732 284 sancto
746 264 797 285 suo
815 266 822 286 :

270 294 351 324 sileat
365 302 380 322 a
395 293 465 322 facie
479 293 538 329 ejus
552 293 641 321 omnis
656 296 739 321 terra.

399 392 609 429 ORATIO
638 391 854 429 ABACUC

429 476 443 492 ⁸
454 471 522 501 PRO
542 470 838 501 IGNORATIONIBUS.

232 541 376 606 [03:411.]
393 542 508 571 Domine
523 564 531 578 ,
552 542 642 571 audivi
657 542 823 572 auditionem
846 545 918 570 tuam
933 563 940 576 ,
958 545 986 570 et
998 541 1030 569 li-

299 587 335 606 lll.

233 615 358 649 Domine,
370 622 439 650 opus
450 618 525 642 tuum
536 636 543 649 ,

271 650 298 678 in
312 649 401 678 medio
415 658 549 678 annorum
564 650 670 678 viviﬁea
687 649 763 678 illud.

235 686 266 714 In
279 686 369 714 medio
377 694 511 714 annorum
525 690 618 714 notttm
634 686 716 714 facies
728 695 734 713 ε

272 730 334 750 cum
349 722 435 750 iratus
449 722 543 756 fueris,
555 722 749 750 misericordiae
763 721 962 750 recordaberis.

235 758 307 786 Deus
321 759 356 785 ab
371 762 463 786 austro
473 758 564 787 veniet
576 779 584 793 ,

270 798 299 822 et
311 799 420 821 sanctus
430 794 464 821 de
480 798 571 821 monte
583 794 699 821 Pharan.
712 792 726 813 ιι
742 793 863 822 Saurea.

235 828 348 865 Operuit
360 830 444 857 caelos
455 829 539 864 gloria
557 829 616 863 ejus
632 838 638 856 :

272 870 300 893 et
313 865 402 892 laudis
416 866 476 900 ejus
491 866 567 900 plena
582 869 719 900 estjterra.

236 900 374 936 Splendor
389 900 448 935 ejus
464 905 492 927 ut
506 901 550 928 lux
563 902 615 928 erit
632 909 639 927 :

275 936 382 964 Cornua
396 936 423 963 in
440 936 564 964 manibus
578 936 637 971 ejus
652 945 659 962 :

238 971 279 1000 lbi
293 971 453 1000 abscondita
467 976 510 999 est
522 971 652 999 fortitudo
665 971 727 1007 ejus
739 979 747 999 :

276 1013 340 1035 ante
355 1008 451 1035 [aciem
464 1007 522 1043 ejus
538 1007 588 1035 ibit
599 1015 681 1035 mors.

239 1043 275 1071 Et
289 1043 443 1079 egredietur
456 1042 580 1070 diabolus
592 1048 655 1070 ante
670 1043 752 1078 pedes
763 1043 834 1078 ejus.

276 1079 373 1111 Stetit.
393 1083 421 1107 et
433 1085 545 1106 mensus
560 1084 601 1105 est
616 1083 729 1106 terram.

239 1114 351 1149 ASpcxit
369 1137 376 1149 ,
393 1118 422 1143 et
436 1114 560 1142 dissolvit
573 1120 667 1149 gentes
681 1123 689 1141 :

273 1154 302 1178 et
315 1150 423 1178 contriti
437 1154 500 1177 sunt
513 1154 618 1177 montes
632 1149 734 1178 smculi.

240 1185 374 1214 lncurvati
390 1190 453 1213 sunt
463 1185 548 1213 colles
564 1185 656 1212 mundi
666 1205 673 1216 .

276 1221 310 1249 ab
325 1221 467 1249 itineribus
481 1220 640 1249 aeternitatis
650 1220 721 1255 ejus.

240 1257 294 1285 Pro
308 1256 447 1291 iniqutitate
461 1256 515 1284 vidi
532 1256 647 1284 tentoria
659 1256 806 1291 (Ethiopian
819 1277 827 1290 ,

276 1291 458 1320 turbabuntur
471 1292 557 1327 pelles
571 1297 650 1319 terra:
666 1291 782 1319 Madian.

239 1327 412 1364 Numquidin
428 1326 581 1364 ﬂuminibus
595 1326 680 1355 iratus
693 1334 723 1364 es
733 1348 740 1361 ,
757 1327 892 1356 Domine?

276 1362 327 1392 aut
339 1364 364 1392 in
377 1363 532 1391 ﬂuminibus
545 1363 620 1390 furor
635 1362 719 1391 tuus?

276 1399 321 1427 vel
337 1399 364 1426 in
376 1399 446 1427 mari
461 1398 609 1434 indignatio
623 1402 667 1426 tua
678 1398 691 1425 ‘l

240 1435 307 1470 Quia
320 1434 451 1463 ascendas
465 1442 547 1469 super
561 1441 646 1470 equos
663 1439 722 1461 tuos
734 1442 741 1460 :

276 1476 305 1498 et
318 1470 523 1506 quadrigmrtnte
536 1469 663 1497 salvatio.

243 1505 386 1534 Suscitans
397 1505 539 1533 suseilabis
560 1513 652 1532 arcum
667 1508 742 1533 tuum
758 1526 766 1540 ,

238 1564 244 1575 .
273 1542 428 1578 juramenta
443 1540 565 1569 tribubus
576 1548 636 1576 quze
647 1541 752 1569 locutus
767 1548 807 1569 es.
823 1541 944 1571 Senrsn.

736 126 765 155 S.
787 125 976 156 HIERONYMI
997 124 1111 155 DIVINA
1133 123 1375 153 BIBLIOTHECA.

1810 108 1878 151 tosti

1039 185 1066 217 Α
1079 184 1187 213 Fluvios
1205 185 1314 213 scindes
1326 189 1406 213 teme
1418 192 1426 211 :

1115 221 1240 249 viderunt
1255 226 1280 249 te
1292 242 1299 254 ,
1315 226 1342 249 et
1356 221 1502 249 doluerunt
1515 224 1622 249 montes
1638 227 1645 247 :

1115 264 1214 293 gurges
1227 264 1357 292 aquarum
1372 257 1489 284 transiit.

1080 292 1161 329 Dedit
1175 293 1289 329 abyssus
1302 300 1395 320 vocem
1406 300 1482 329 suam
1497 300 1505 319 :

1116 328 1231 356 altitudo
1243 336 1340 357 manus
1353 335 1416 356 suas
1429 328 1540 356 levavit.

1084 363 1132 393 Sol
1150 369 1178 392 et
1190 365 1252 392 luna
1266 368 1399 392 steterunt
1418 364 1444 392 in
1460 362 1614 392 habilaculo
1630 369 1698 397 suo,

1118 401 1144 427 in
1158 401 1216 428 luce
1229 401 1385 435 sagittarum
1403 405 1509 427 tuarum
1523 400 1598 426 ibunt

1118 436 1143 463 in
1158 436 1304 471 splendore
1314 436 1475 470 l'ulgurantis
1491 436 1575 463 ltasttc
1596 440 1659 463 tuae.

1083 472 1111 499 lu
1128 472 1234 499 fremitu
1246 472 1418 499 conculcabis
1434 476 1533 499 terram
1551 479 1558 498 ε

1118 508 1144 534 in
1158 507 1250 535 furore
1264 507 1464 542 obstupefacies
1479 511 1583 543 gentes.

1082 544 1214 579 Egressus
1226 552 1254 571 es
1268 544 1295 570 in
1309 544 1423 571 salutent
1440 542 1531 578 populi
1546 542 1583 569 tui
1599 563 1607 575 ,

1119 580 1145 606 in
1162 581 1275 607 salutem
1292 587 1351 606 cum
1367 579 1475 606 Christo
1490 584 1544 606 tuo.

1082 615 1245 643 Pcrcussisli
1261 620 1339 650 caput
1351 615 1385 643 de
1397 615 1477 641 domo
1490 614 1563 648 impii
1581 624 1587 641 :

1122 652 1264 678 denudasti
1277 647 1480 678 fundamentum
1493 657 1577 684 usque
1592 649 1625 676 ad
1636 648 1748 677 collum.
1761 647 1882 677 Salen.

1083 687 1243 714 Maledixisti
1259 687 1371 721 sceptris
1387 687 1445 721 ejus
1457 707 1464 718 ,

1120 723 1202 757 capiti
1219 723 1378 750 bellatorum
1393 722 1450 756 ejus
1464 742 1471 754 ,

1121 756 1290 786 venientibus
1306 763 1333 785 nt
1348 758 1427 785 turbo
1442 758 1475 785 ad
1489 756 1698 792 dispergendum
1713 762 1769 783 me.

1086 794 1236 822 Exsultatio
1249 802 1342 822 eorum
1355 815 1362 825 ,

1122 831 1192 869 sicut
1206 831 1321 869 ejusqui
1336 829 1446 869 devorat
1459 836 1603 869 pauperem
1618 828 1643 855 in
1656 826 1830 856 abscondito.

1046 881 1071 912 Β
1086 866 1167 912 Viam.
1181 865 1270 912 fecisti
1287 867 1311 893 in
1329 866 1395 892 mari
1411 866 1487 912 clunis
1501 865 1569 897 tuis,

1123 902 1149 928 in
1161 902 1217 928 luto
1233 910 1299 936 aqua
1305 909 1362 928 rum
1377 901 1533 927 multarum.

1084 938 1191 968 Audivi,
1206 942 1233 963 et
1245 937 1421 964 conturbatus
1436 941 1476 963 est
1487 940 1581 963 venter
1595 941 1671 962 meus
1686 942 1693 962 :

1121 973 1153 999 all
1169 980 1264 999 vocem
1282 973 1286 1007 ι
1301 972 1344 1000 ΑΙ.
1362 980 1376 998 a
1394 973 1474 1007 voce]
1488 974 1712 999 contremuerunt
1727 969 1801 998 labia
1813 976 1884 997 mea.

1086 1008 1254 1043 ingrediatur
1266 1008 1378 1042 putredo
1389 1008 1415 1034 in
1430 1007 1538 1034 ossibus
1553 1007 1622 1034 meis
1634 1027 1641 1039 ,

1122 1050 1149 1071 et
1163 1044 1256 1071 subter
1273 1052 1315 1071 me
1327 1048 1439 1070 scatent.

1086 1080 1122 1107 Ut
1134 1081 1300 1113 requiescam
1316 1080 1341 1106 in
1354 1078 1397 1106 die
1409 1078 1591 1105 tribulationis
1606 1083 1631 1109 ε,

1124 1120 1152 1142 ut
1166 1116 1308 1142 ascendam
1320 1115 1352 1141 ad
1370 1116 1496 1149 populum
1508 1114 1658 1142 accinctum
1673 1116 1810 1141 nostrum.

1088 1151 1167 1178 Ficus
1181 1152 1252 1177 enim
1267 1159 1319 1177 non
1334 1151 1440 1177 ﬂorehit
1455 1158 1460 1176 :

1124 1187 1157 1213 Et
1173 1194 1225 1213 non
1239 1187 1288 1213 erit
1302 1194 1414 1221 germen
1429 1187 1454 1213 in
1467 1185 1563 1212 vineis.

1087 1222 1233 1250 Mentietur
1246 1228 1315 1257 opus
1327 1222 1404 1249 olivae
1418 1230 1424 1247 :

1123 1262 1151 1285 et
1165 1265 1229 1285 arva
1244 1264 1299 1285 non
1315 1257 1431 1284 aﬂ‘erent
1444 1256 1546 1284 cibum.

1088 1292 1271 1320 Abscindetur
1291 1293 1325 1320 de
1340 1293 1404 1320 ovili
1424 1299 1505 1327 pecus
1520 1300 1527 1319 :

1125 1334 1152 1356 et
1166 1337 1217 1356 non
1230 1328 1281 1355 erit
1291 1333 1442 1356 armentum
1458 1329 1483 1355 in
1499 1327 1676 1363 prmsepihus.

1092 1365 1149 1400 Ego
1164 1369 1252 1391 autem
1271 1365 1295 1391 in
1313 1364 1427 1391 Domino
1440 1364 1563 1398 gaudebo
1576 1373 1582 1390 :

1126 1404 1154 1427 et
1165 1400 1307 1427 exsultabo
1324 1400 1348 1426 in
1364 1400 1419 1427 Deo
1431 1400 1494 1427 Jesu
1510 1406 1581 1427 meo.

1092 1436 1164 1463 Deus
1183 1435 1311 1462 Dominus
1328 1435 1457 1463 fortitudo
1472 1443 1530 1462 mea
1544 1444 1551 1461 :

1125 1476 1151 1499 et
1165 1476 1245 1505 ponet
1260 1471 1342 1505 pedes
1357 1479 1432 1498 meos
1446 1471 1521 1505 quasi
1535 1477 1690 1498 cervorum.

1089 1507 1121 1534 El
1132 1514 1214 1541 super
1228 1507 1336 1534 excelsa
1352 1514 1411 1534 mea
1427 1506 1543 1534 deducet
1558 1513 1602 1534 me
1617 1507 1714 1540 \‘lClOI‘,

1127 1544 1153 1570 in
1171 1543 1285 1570 Psalmis
1300 1548 1455 1570 canentem.

277 1626 290 1640 α
301 1621 414 1650 Palatin.
428 1628 480 1650 ms.
502 1630 550 1658 pro
572 1621 773 1658 ignorantibus;
796 1622 842 1650 alii
864 1621 973 1657 quidam
989 1630 1036 1658 pro
1051 1622 1074 1655 C
1124 1621 1139 1642 δ
1154 1621 1247 1650 Canon
1264 1622 1527 1658 San-Germanensis
1538 1622 1638 1650 retinet
1652 1620 1698 1648 hic
1713 1618 1885 1658 in_0ratione

241 1657 404 1694 ignorantiis.
419 1657 546 1686 Notatum
560 1657 667 1693 quoque
677 1658 818 1694 Rabbano,
835 1658 908 1694 LXX
918 1658 978 1686 loco
989 1666 1036 1694 pro

241 1693 450 1729 ignorationibus
462 1714 470 1727 ,
486 1694 577 1729 legere
590 1701 648 1720 cum
662 1694 773 1721 cantico.
791 1693 845 1721 Sed
859 1693 951 1721 melius
965 1715 972 1726 ,
989 1693 1037 1721 'in-

240 1728 300 1764 quit
312 1749 319 1761 ,
330 1730 407 1765 juxta
420 1728 577 1756 Hebraicam
588 1730 720 1757 ceritatem
732 1729 825 1764 legitur
839 1738 848 1756 :
866 1729 957 1756 Oratio
969 1729 1036 1756 Aba-

242 1772 290 1801 cuc
301 1764 434 1800 propheta
446 1773 494 1800 pro
506 1765 723 1801 ignorationiltus.
733 1765 845 1801 Sicripse
856 1765 1036 1801 Hieronymus

243 1800 270 1827 in
285 1801 496 1833 commentario,
511 1800 539 1828 et
553 1800 713 1828 luculentius
730 1801 755 1827 in
773 1800 825 1827 line
842 1800 945 1835 Dialugi
957 1800 1035 1835 primi

240 1840 335 1862 contra
350 1835 486 1870 Pelagian.
498 1844 504 1862 :
514 1835 615 1863 Abacuc
622 1835 749 1870 propheta
760 1835 895 1863 Canticum
906 1844 981 1863 suum
988 1836 1036 1863 hoc

242 1870 360 1907 inscribit
371 1871 447 1907 titulo
463 1878 471 1897 :
485 1871 576 1907 Oratio
594 1870 698 1897 Abacuc
713 1871 845 1906 propheta:
868 1879 915 1907 pro
935 1872 1040 1906 ignora-

243 1906 366 1933 tionibus.
382 1906 499 1933 Verbum
521 1906 681 1934 llcbraicum
700 1911 829 1939 mnam,
849 1906 920 1941 quod
946 1907 982 1933 illi
998 1914 1040 1934 re-

244 1941 454 1976 spandet.quid
467 1942 575 1977 proprie
598 1941 741 1977 signiﬁcet,
764 1945 889 1975 ignorare
904 1950 933 1969 se
956 1942 1041 1976 inter-

246 1982 339 2011 pretes
353 1978 522 2011 proﬁtentur.
548 1978 624 2004 Licet
638 1985 703 2005 vero
723 1977 789 2005 illud
808 1978 874 2005 satis
897 1978 1041 2005 commode

243 2012 368 2040 derivare
378 2020 392 2039 ει
404 2017 474 2044 nm.
489 2013 580 2040 radice
588 2021 647 2048 qua:
657 2017 736 2040 sonat
746 2020 842 2047 errare,
851 2013 980 2045 aberrare,
995 2018 1042 2040 aut

243 2047 324 2075 etiam
337 2048 507 2083 ignoratione
520 2048 585 2076 labi.
598 2047 672 2075 'Ilinc
683 2052 768 2091 117m,
784 2049 876 2076 cantio
889 2049 988 2076 dicitur
998 2056 1041 2076 er-

244 2094 410 2131 raticatseu
425 2102 504 2131 vaga,
515 2100 543 2123 et
565 2095 647 2122 mixta
662 2104 667 2121 :
681 2094 796 2130 pluralis
815 2100 906 2123 autem
921 2095 980 2130 ejus
990 2103 1040 2123 nn-

246 2138 336 2159 merus
350 2130 392 2160 hic
405 2130 514 2167 ipse’est
527 2134 650 2161 ηενλω.

1089 1658 1198 1686 Abacuc
1223 1658 1377 1693 Diapaalma
1399 1657 1472 1686 LXX
1494 1658 1674 1693 interpretum
1698 1665 1705 1683 :
1734 1655 1768 1683 At
1793 1654 1886 1683 Canon

1088 1692 1315 1722 CareassonenSis
1330 1702 1431 1730 semper
1450 1694 1530 1721 habet
1544 1701 1608 1730 cum
1622 1692 1776 1730 _aliis_mss.
1792 1697 1883 1730 sacro:

1088 1737 1146 1757 rum
1159 1729 1306 1757 Bibliorum
1322 1725 1536 1769 exemplaribus.
1550 1730 1586 1756 De
1599 1728 1780 1762 Diapsalmate
1790 1747 1798 1758 ,
1814 1725 1886 1761 quod

1087 1775 1221 1803 Hebraiee
1234 1776 1330 1803 dicitur
1344 1768 1399 1806 rh:
1414 1775 1489 1808 Sela,
1505 1774 1792 1810 pleninsdisputatnm
1809 1777 1851 1810 est
1861 1772 1887 1799 in

1088 1811 1240 1848 Psalterio,
1255 1811 1351 1848 inquit
1371 1817 1481 1848 sanctus
1503 1808 1695 1848 Hieronymus.
1720 1808 1789 1836 Vide
1808 1808 1889 1848 Com-

1090 1847 1222 1874 mentario
1237 1845 1358 1878 eiusdem
1370 1846 1400 1875 S.
1415 1846 1539 1874 DoctOris
1551 1846 1579 1873 in
1591 1845 1662 1873 hunc
1673 1845 1774 1877 locum,
1790 1848 1819 1871 et
1833 1845 1889 1878 epi-

1092 1882 1177 1910 stolas
1190 1882 1224 1910 ad
1238 1882 1394 1910 Marcellam
1408 1883 1536 1917 scriptas.
1552 1882 1642 1910 Man'r.

1128 1918 1241 1958 -_-Prius
1253 1918 1334 1951 istud,
1348 1918 1459 1958 et_gu_od
1467 1915 1599 1958 'proltiine
1611 1916 1743 1958 sequitur,
1752 1915 1888 1958 'Se‘mpf'r!

1092 1953 1206 1981 Palatin.
1231 1962 1283 1982 ms.
1300 1950 1361 1982 cum
1376 1950 1498 1987 vulgatis
1521 1953 1596 1981 libris
1622 1950 1819 1987 praetermittit.
1835 1950 1890 1987 Nec

1094 1995 1194 2025 tamen,
1211 1990 1291 2025 quod.
1308 1990 1355 2017 alii
1375 1986 1537 2022 autumant,
1562 1986 1646 2016 [uisse
1661 1995 1721 2015 eam
1732 1994 1829 2025 vocem
1844 1986 1891 2013 abs

1094 2022 1258 2061 Hieronymo
1269 2026 1430 2061 neglectam,
1446 2030 1539 2061 utpote
1553 2025 1668 2052 otiosam
1682 2043 1690 2056 ,
1706 2022 1886 2061 arbitramur.

1132 2033 1192 2052 eron
1214 2033 1258 2052 mo
1269 2033 1430 2061 neglectam,
1446 2033 1538 2060 utp0te
1553 2033 1668 2052 otiosam
1682 2043 1690 2056 ,
1706 2033 1886 2050 aI'Dlll'illllllr.

1132 2065 1143 2079 ε
1158 2033 1273 2088 Palatin.
1287 2068 1338 2088 ms.
1352 2066 1434 2096 atque
1456 2061 1513 2094 ipse
1534 2060 1562 2087 in
1576 2057 1887 2096 eorumentar._llieron.

1095 2095 1200 2160 :tddlunt
1219 2096 1278 2131 hic,
1297 2104 1375 2130 ntere,
1391 2093 1558 2133 pronomen,
1569 2095 1642 2131 quod
1653 2094 1749 2123 reticet
1762 2093 1891 2121 Hebraeus

1106 2139 1139 2160 ex
1154 2139 1197 2160 us.

1106 2139 1184 2160 extus
1190 2151 1197 2158 .

831 2189 945 2226 Explicit
956 2190 1019 2219 liber
1028 2191 1131 2219 Abacuc
1145 2190 1284 2228 prophetae.

965 2308 1183 2351 INCIPIT

301 2395 593 2470 LIBER
639 2397 1189 2474 SOPHONUE
1224 2392 1827 2473 PROPHETPE.

1003 2515 1153 2524 _—

247 2554 324 2592 [Cap.
339 2554 374 2592 _l.]
391 2554 719 2592 verbum_Domini,_qyod
733 2555 833 2584 factum
845 2556 928 2584 estad
941 2556 1046 2592 Sopho—
1057 2556 1085 2587 D
1133 2562 1160 2585 et
1173 2556 1325 2591 disperdam
1337 2557 1460 2585 homines
1469 2564 1484 2584 a
1500 2556 1566 2585 facie
1575 2560 1666 2590 terra»,
1677 2555 1741 2584 dicit
1752 2555 1890 2584 Dominus.

320 2590 594 2654 Eiainflilitthliusi,
601 2590 646 2618 lilii
655 2590 775 2619 Godolia:
782 2592 856 2625 °,tilii
864 2590 1043 2626 Amaritc;vﬁlii

344 2634 392 2654 zec
401 2635 444 2654 me
456 2650 463 2654 .

320 2634 444 2655 Lzeenue
456 2650 463 2661 ,

284 2662 310 2691 in
325 2662 421 2691 diebus
434 2662 516 2691 Josia:
528 2663 575 2693 lilii
589 2667 703 2694 Ammon
718 2664 790 2699 regis
801 2663 888 2692 Judze.

245 2698 420 2762 CongBegaus
444 2702 611 2737 congregabo
630 2700 721 2730 omnia
738 2698 761 2728 a’
775 2700 842 2728 facie
855 2702 943 2728 ‘terrae
954 2721 961 2735 ,
980 2700 1046 2729 dicit

365 2742 453 2762 millllS
469 2744 475 2760 :

249 2771 423 2807 Congregans
439 2772 574 2799 hominem
590 2777 616 2800 et
633 2780 729 2806 pecus,

284 2808 574 2844 congregansvo'atile
586 2809 645 2836 caeli
657 2813 684 2836 et
699 2809 786 2844 pisces
800 2808 883 2836 maris
896 2816 902 2834 :

250 2843 285 2870 Et
298 2844 383 2871 ruina:
397 2843 541 2879 impiorum
557 2849 636 2871 erunt
649 2852 656 2871 :

1098 2592 1133 2620 Et
1150 2593 1294 2621 extendam
1309 2601 1418 2620 manum
1434 2600 1520 2621 meam
1535 2600 1617 2627 snper
1627 2592 1723 2620 Iudam
1735 2613 1744 2627 ,

1135 2633 1161 2657 et
1176 2636 1257 2663 super
1272 2636 1367 2656 omnes
1383 2628 1534 2656 habitantes
1544 2628 1695 2656 Jerusalem
1712 2636 1719 2654 :

1098 2664 1133 2692 Et
1148 2664 1300 2699 disperdam
1316 2664 1350 2692 de
1363 2664 1422 2691 loco
1438 2664 1490 2692 hoc
1501 2664 1628 2697 reliquias
1640 2663 1720 2696 Baal,

1133 2705 1161 2728 et
1173 2698 1280 2728 nomina
1295 2699 1454 2728 aedituorum
1465 2707 1526 2728 cum
1540 2698 1727 2727 sacerdotibus
1739 2707 1747 2730 ;

1098 2736 1133 2764 Et
1145 2743 1192 2764 eos
1204 2736 1249 2771 qui
1261 2735 1377 2763 adorant
1392 2743 1474 2770 super
1490 2740 1559 2771 tecta
1574 2734 1697 2762 militiam
1710 2734 1770 2763 coeli
1786 2754 1795 2769 ,

1134 2777 1162 2800 et
1175 2770 1298 2803 adorant,
1310 2776 1338 2799 et
1348 2771 1439 2806 jurant
1454 2771 1479 2798 in
1496 2770 1608 2798 Domino
1619 2791 1628 2804 ,

1134 2813 1161 2834 ot
1175 2807 1265 2841 jurant
1282 2808 1308 2835 in
1320 2807 1462 2834 Melchom.

1099 2843 1133 2872 Et
1142 2844 1187 2879 qui
1202 2847 1359 2871 avertuntur
1370 2842 1404 2870 de
1418 2846 1478 2878 post
1490 2846 1592 2878 tergum
1603 2841 1707 2870 Domini
1721 2863 1730 2876 ,

283 2917 295 2931 ι
310 2912 440 2941 Amasium
463 2919 512 2949 pro
533 2912 639 2941 Amaria
654 2919 750 2941 errore
768 2914 965 2950 exscriptorum
981 2913 1098 2951 positum
1114 2912 1265 2949 reperimus
1279 2912 1306 2941 in
1319 2916 1435 2949 utroque
1450 2912 1599 2949 exemplari
1607 2912 1736 2941 Cononis.
1751 2911 1840 2940 Man'r.
