4108 6360
1129 293 1154 310 κ

565 315 703 374 1οἶ9

1561 309 1620 367 S.
1664 307 2038 367 [HEROM'MI
2079 306 2314 367 DIVINA
2355 307 2838 368 BIBLIOTHECA.

3722 299 3864 362 1060

568 426 692 484 Dixi
721 446 734 482 :
767 423 1021 480 Attamen
1057 420 1270 477 timebis
1301 435 1411 493 me,
1440 421 1708 493 suseipies
1734 420 2080 489 disciplinam
2105 435 2123 493 ς
2188 424 2239 484 Α
2264 421 2530 490 Quoniam
2564 423 2664 493 ipsi
2693 429 2986 493 pascentur
3011 426 3068 475 et
3091 417 3458 487 accubabant,

636 506 693 553 et
733 513 836 552 non
876 493 1078 566 peribit
1114 492 1486 566 habitaculum
1524 490 1674 564 ejus,
1708 503 1929 564 propter
1969 490 2158 549 omnia

708 567 762 622 in
801 563 996 637 quibus
1027 563 1241 637 visitavi
1267 579 1386 620 eam
1416 583 1428 619 :

567 636 959 696 Verumtamen
993 636 1230 691 diluculo
1258 644 1541 702 surgentes

642 718 1002 779 corruperunt
1027 722 1215 761 omnes
1244 710 1600 779 cogitationes
1632 720 1780 759 suas.

575 775 941 852 Quapropter
961 787 1212 852 exspecta
1263 775 1374 852 me,
1403 777 1530 833 dicit
1560 777 1844 844 Dominus,
1878 775 1931 833 in
1960 776 2049 832 die
2078 790 2167 832 re-

718 849 1074 907 surrectionis
1101 864 1236 904 meae
1268 848 1320 904 in
1352 849 1615 913 futurum,

645 924 775 995 quia
818 921 1081 995 judicium
1131 935 1310 975 meum
1363 931 1419 977 ut
1469 934 1794 991 congregem
1841 929 2059 992 gentes,
2109 927 2167 975 et

713 993 958 1057 eolligam
990 1008 1151 1062 regna
1183 1009 1193 1044 :

578 1066 647 1122 Et
690 1064 959 1120 effundam
990 1061 1153 1134 super
1183 1078 1278 1119 eos
1322 1061 1429 1134 [ΑΙ.
1459 1062 1532 1118 Ut
1553 1101 1565 1115 .
1591 1101 1604 1115 .
1624 1103 1639 1118 .
1663 1102 1678 1116 .
1699 1102 1712 1116 .
1759 1061 1874 1135 eas]
1923 1061 2165 1135 indigna-

718 1141 919 1192 tionem
952 1151 1154 1199 meam,
1187 1151 1403 1189 omnem
1435 1135 1569 1189 iram
1602 1135 1801 1191 furoris
1829 1134 1935 1190 mei
1963 1153 1974 1187 :

575 1209 632 1264 In
664 1209 785 1275 igne
813 1209 956 1262 enim
990 1209 1088 1260 zeli
1122 1207 1228 1261 mei

646 1279 994 1334 deVorabitur
1023 1280 1200 1331 omnis
1231 1286 1400 1332 terra.

574 1350 711 1419 Quia
742 1360 868 1406 tunc
905 1350 1125 1405 reddam
1157 1350 1369 1419 populis
1401 1347 1600 1401 Iabinm
1634 1347 1893 1412 electum,

654 1432 713 1475 ut
742 1424 998 1476 invocent
1022 1437 1210 1475 onntes
1239 1418 1291 1473 in
1316 1419 1534 1474 nomine
1553 1419 1659 1491 [ΑΙ.
1693 1418 2166 1491 nomenlDomini,

652 1506 706 1549 et
735 1496 971 1548 serviant
1003 1493 1049 1546 ei
1079 1492 1306 1546 ltutnero
1335 1507 1465 1546 uno.

584 1563 736 1620 Ultra
767 1564 983 1619 lltunina
1016 1563 1330 1632 ZEtbiopiae,
1364 1563 1488 1616 inde
1511 1561 1783 1630 supplices
1815 1562 1944 1626 mei,

653 1635 746 1690 lilii
777 1637 1148 1704 dispersorum
1185 1649 1464 1699 meorum,
1493 1633 1742 1688 delerent
1774 1649 1971 1688 munus
1997 1632 2129 1688 mihi
2156 1650 2168 1685 :

583 1706 644 1762 lu
673 1707 763 1762 die
789 1708 880 1761 illa
911 1722 1018 1761 non
1061 1705 1414 1761 conlttnderis
1455 1720 1624 1775 super
1666 1705 1880 1761 cunctis
1914 1705 2173 1762 adiuven-

724 1778 962 1833 tionibus
993 1778 1120 1844 tuis,

649 1849 849 1920 quibus
877 1848 1311 1920 prmvaricataes
1342 1848 1392 1901 in
1418 1861 1512 1920 me
1539 1864 1551 1900 :

580 1916 714 1986 Quia
763 1916 891 1976 tunc
939 1920 1178 1974 auferam
1210 1918 1279 1974 de
1309 1918 1489 1973 medio
1537 1917 1610 1972 tui
1658 1916 2034 1990 magniloquos
2081 1933 2174 1974 su-

725 1993 928 2062 perbiae
961 2003 1089 2058 tuae,

651 2073 708 2118 et
730 2059 853 2119 ’non
887 2061 1110 2133 adjicics
1151 2061 1381 2118 exaltari
1410 2059 1644 2130 amplius
1674 2059 1730 2115 in
1761 2069 1947 2116 monte
1983 2072 2174 2116 sancto

729 2151 871 2190 meo.

582 2204 652 2261 Et
679 2205 1048 2274 derelinquam
1083 2203 1137 2258 in
1170 2203 1355 2260 medio
1391 2202 1464 2258 tui
1495 2201 1757 2273 p0pttlum
1793 2217 2089 2274 pauperem
2122 2213 2178 2260 et

729 2293 955 2347 egenum
966 2320 978 2339 .

655 2357 711 2402 et
746 2344 1039 2418 sperabunt
1066 2347 1119 2402 in
1153 2346 1368 2418 nomine
1402 2344 1634 2418 Domini.

586 2415 849 2490 Reliquiae
879 2419 1039 2474 Israel
1071 2435 1175 2472 non
1215 2415 1413 2490 facient
1442 2416 1806 2485 iniquitatem,

655 2489 754 2546 nec
787 2491 1074 2561 loquentur
1097 2489 1465 2553 mendacium,

651 2572 706 2617 et
737 2557 1190 2617 n0n'invcnietur
1221 2563 1273 2614 in
1304 2575 1401 2615 ore
1432 2573 1628 2616 eorum
1657 2557 1842 2634 lingua
1875 2557 2083 2616 dolosa.

654 2740 682 2769 ι
724 2729 960 2799 Vulgati,
986 2724 1169 2782 Jubila
1190 2767 1204 2789 ,
1237 2722 1407 2799 Israel
1430 2741 1448 2780 :
1474 2725 1706 2794 plurium
1735 2733 2172 2799 autent_r_mmero

582 2801 637 2857 in
669 2795 896 2884 Hebraeo
923 2813 1005 2856 εει
1034 2807 1219 2865 ’ων-Π,
1247 2797 1514 2852 Jubilate:
1546 2812 1688 2852 unus
1718 2810 1887 2866 penes
1917 2795 2170 2850 Martian.

585 2872 1183 3010 msbozl‘iiab‘elgciiiplaria
1203 2953 1334 2995 mss.
1363 2939 1416 2994 in
1434 2937 1714 3010 dilectione
1731 2947 1842 2992 tua.
1871 2937 2177 2994 Prunomen

582 3029 800 3088 quoque
826 3009 1078 3072 secunda:
1105 3025 1353 3086 personae
1385 3011 1586 3066 retinet
1610 3009 1790 3065 editus
1818 3019 2000 3066 textus
2029 3023 2182 3065 sacer

2336 503 2389 548 et
2425 511 2529 548 non
2561 495 2666 550 erit
2698 494 2787 560 qui
2819 501 3114 550 exterreat.

2263 564 2470 626 Lauda,
2494 566 2599 620 lilia
2630 567 2762 622 Sion
2788 581 2802 619 :

2338 644 2363 673 ε·
2389 636 2618 704 jubilate
2642 680 2657 703 ,
2691 636 2855 691 Israel
2888 652 2903 690 :
3551 681 3556 686 .

2340 706 2546 770 laetare,
2572 719 2626 764 et
2657 708 2868 763 exsulta
2899 709 2952 762 in
2984 708 3132 762 onmi
3165 706 3354 775 corde,
3390 706 3494 762 lilia
3531 705 3867 764 Jerusalem.

2265 777 2505 834 Abstulit
2533 780 2793 835 Dominus
2817 778 3079 848 judicium
3108 787 3258 834 tuum
3278 821 3293 846 ,

2338 852 2536 904 avertit
2566 850 2816 906 inimicos
2851 860 2973 905 tuos
3004 868 3018 904 :

2267 917 2380 982 Rex
2408 921 2573 978 Israel
2603 921 2864 977 Dominus
2894 922 2946 977 in
2980 921 3161 978 medio
3191 921 3292 988 tui,

2341 1008 2448 1047 non
2484 993 2695 1048 timebis
2724 993 2922 1048 malum
2947 993 3110 1048 ulna.

2268 1060 2325 1118 In
2357 1064 2447 1120 die
2469 1063 2568 1120 illa
2591 1063 2804 1120 dicetur
2831 1063 3132 1121 Jerusalem
3161 1079 3176 1120 :
3209 1063 3330 1120 Noli
3363 1065 3561 1122 timere
3581 1107 3596 1134 ,

2344 1136 2498 1197 Sion,
2529 1152 2636 1191 non
2657 1137 3030 1193 dissolvantur
3060 1151 3253 1191 manus
3284 1147 3410 1192 tuae.

2270 1205 2535 1280 Dominus
2568 1209 2708 1262 Deus
2736 1219 2856 1263 tuus
2881 1209 2932 1280 in
2957 1208 3135 1280 medio
3156 1208 3229 1262 tui
3258 1207 3436 1277 tortis,
3463 1210 3578 1280 ipse
3599 1209 3872 1274 salvabit;

2340 1279 2598 1350 gaudebit
2619 1293 2782 1350 super
2811 1289 2862 1334 te
2893 1279 2946 1334 in
2972 1279 3181 1345 1:1:titia,

2343 1349 2575 1424 silebitlj
2608 1350 2662 1405 in
2697 1350 2997 1424 dilertione
3026 1349 3282 1424 suai[Al.
3319 1350 3454 1423 tua],

2291 1473 2296 1478 .
2344 1421 2638 1476 exsultabit
2667 1437 2830 1492 super
2859 1433 2910 1478 te
2937 1422 2990 1477 in
3021 1421 3200 1480 laude.

2275 1492 2475 1564 Nugas,
2508 1494 2598 1563 qtti
2627 1509 2657 1549 a
2683 1494 2800 1565 lege
2830 1504 3202 1559 recesserant,
3229 1495 3607 1566 congregabo,
3640 1497 3768 1568 quia
3804 1511 3874 1551 ex

2419 1576 2470 1619 te
2498 1575 2680 1631 erant,

2347 1644 2407 1692 ut
2433 1653 2540 1691 non
2571 1637 2709 1692 ultra
2739 1637 2940 1692 habeas
2965 1652 3129 1708 super
3157 1637 3238 1694 eis
3262 1637 3637 1708 opprobrium.

2276 1707 2416 1765 Ecce
2445 1723 2548 1778 ego
2591 1709 2909 1764 interﬁt-iam
2957 1707 3179 1780 omnes,
3231 1707 3324 1780 qui
3365 1707 3677 1766 atﬂixerunt
3718 1718 3774 1766 te
3815 1709 3869 1765 in

2420 1787 2664 1846 tempore
2692 1781 2812 1846 illo;

2349 1861 2405 1908 et
2435 1851 2656 1906 salvabo
2689 1851 3117 1917 claudio-antem;

2352 1931 2409 1977 et
2429 1938 2571 1990 eam,
2603 1939 2724 1993 qum
2747 1923 2918 1996 ejecta
2951 1923 3147 1991 fuerat,
3176 1925 3557 1996 congregabo:

2281 1995 2350 2050 Et
2381 2010 2578 2064 ponam
2624 2010 2719 2050 eos
2768 1996 2820 2049 in
2871 1995 3112 2062 laudem,
3161 2006 3215 2050 et
3261 1995 3314 2051 in
3344 2011 3574 2067 nomen,
3621 1997 3679 2052 in
3721 1997 3872 2052 οτιιηί

2426 2075 2568 2119 terra
2597 2067 2938 2122 confusionis
2963 2082 3184 2121 eorum:

2284 2137 2340 2193 In
2375 2145 2618 2205 tempore
2650 2138 2768 2204 illo,
2793 2152 2900 2208 quo
2928 2138 3189 2193 adducam
3220 2155 3350 2204 vos;

2357 2217 2412 2263 et
2441 2210 2491 2263 in
2526 2218 2794 2280 tempore,
2829 2225 2936 2272 nuo
2964 2211 3308 2280 congregabo
3339 2224 3456 2266 vos.

2289 2279 2440 2336 Dabo
2467 2282 2614 2335 enim
2646 2297 2740 2336 vos
2769 2281 2824 2335 in
2854 2279 3156 2348 nemen,’et
3182 2281 3236 2337 in
3269 2281 3483 2338 laudem
3508 2282 3764 2340 omnibus
3789 2297 3882 2353 po-

2434 2354 2569 2421 pulis
2602 2359 2785 2421 terrae,
3667 2354 3671 2355 “

2361 2436 2486 2477 cum
2512 2434 2834 2480 convertere
2861 2425 3231 2494 captivitatem
3255 2434 3494 2482 vestram

2360 2509 2544 2551 coram
2575 2496 2746 2552 oculis
2777 2500 2996 2562 vestris,
3027 2496 3162 2552 dicit
3182 2496 3464 2554 Dominus.

2279 2724 2333 2781 in
2359 2727 2772 2785 Commentariis
2819 2729 3294 2800 Hieronymianis;
3324 2729 3466 2800 quod
3511 2739 3694 2787 tamen
3740 2737 3891 2786 stare

2282 2813 2389 2870 non
2417 2811 2590 2867 potest
2613 2815 2736 2856 cum
2762 2802 2874 2870 ipsa
2900 2799 3238 2870 expositione
3268 2802 3327 2858 S.
3346 2799 3625 2868 Doctoris,
3657 2803 3745 2859 ubi
3769 2802 3842 2857 ait
3874 2820 3888 2856 :

2287 2867 2356 2924 Et
2389 2873 2499 2926 Iawc
2525 2872 2679 2940 faciet
2721 2867 2797 2926 in'
2819 2867 3101 2926 dilectione
3130 2889 3246 2943 sua,
3291 2890 3392 2929 non
3420 2885 3509 2930 tuo
3547 2867 3756 2944 merito,
3805 2873 3895 2929 sed

2287 2944 2636 2999 misericordia
2655 2961 2773 2999 sua.
2799 2944 2980 3002 MART.

1724 3124 1954 3197 Explicit
1985 3125 2115 3180 liber
2148 3123 2445 3197 Sapltonias
2483 3121 2766 3196 prophetes.

600 3245 3870 3270 W

2041 3345 2483 3430 INCIPIT

1040 3481 1570 3613 LIBER
1659 3477 2281 3612 AGG/EI
2381 3479 3437 3670 PROPHETE.

589 3846 751 3922 [ϐαρ.
782 3843 853 3918 1.]
903 3841 962 3922 In
1011 3861 1156 3922 anno
1210 3843 1450 3922 secundo
1498 3841 1644 3900 Darii
1687 3841 1852 3914 regis,
1902 3841 1957 3898 in
2007 3856 2197 3898 mense
2225 3844 2270 3908 C
2303 3841 2689 3922 Donitencorda
2718 3851 2901 3898 vestra
2931 3857 3098 3915 super
3120 3843 3236 3900 vias
3256 3854 3510 3922 vestras:

737 3916 915 3982 sexto,
946 3919 1000 3974 in
1028 3918 1118 3973 die
1143 3933 1246 3972 una
1272 3916 1495 3978 mensis,

669 3985 896 4046 Factum
925 3999 1008 4046 est
1050 3989 1275 4044 verbum
1313 3987 1528 4044 Domini
1559 3987 1611 4042 in
1645 4002 1806 4042 manu
1837 3985 2020 4058 Aggtei
2068 4001 2196 4058 pro-

673 4063 1071 4188 adpggip‘babel
1103 4129 1272 4184 ﬁlium
1302 4127 1584 4192 Salathiel,
1615 4128 1806 4185 ducem
1831 4128 1995 4194 Juda,

594 4216 652 4262 et
679 4203 990 4286 adulesum,
1023 4203 1189 4258 lilium
1221 4201 1484 4265 .losedec.
1525 4201 1864 4262 sacerdotem
1913 4215 2192 4272 magnum,

781 4293 790 4329 ι
823 4289 968 4330 ριιεε

596 4276 831 4404 Barcen:
858 4344 1114 4400 Dominus
1139 4344 1500 4410 exercituum,
1529 4342 1718 4398 dicens
1744 4359 1760 4400 :

669 4418 910 4488 Pupulus
937 4415 1036 4472 istc
1064 4415 1195 4470 dicit
1225 4433 1238 4470 :

595 4484 846 4546 Nondum
881 4487 1027 4544 venit
1059 4497 1270 4557 tempus
1299 4487 1494 4542 domus
1521 4485 1736 4541 Domini
1766 4484 2118 4543 azdilicandte.

601 4561 670 4618 Et
715 4559 929 4616 factum
962 4567 1047 4631 est
1090 4557 1312 4614 verbum
1347 4558 1559 4615 Domini
1588 4559 1641 4614 in
1674 4573 1834 4617 manu
1863 4559 2047 4630 Δεξεωί
2077 4575 2200 4631 pro-

743 4637 943 4702 pltctte,
975 4629 1165 4684 dicens
1200 4647 1213 4682 :

668 4698 940 4772 Numquid
971 4710 1185 4770 tempus
1213 4698 1366 4755 vobis
1396 4711 1500 4766 est,
1531 4711 1590 4755 ut
1631 4700 1888 4757 habitetis
1939 4703 1992 4757 in
2021 4700 2200 4758 domi-

743 4775 842 4830 bus
874 4773 1162 4841 laqueatis,
1191 4781 1248 4827 et
1273 4772 1466 4827 domus
1490 4773 1590 4827 ista
1621 4773 1876 4828 deserta?

599 4845 671 4902 Et
700 4843 845 4902 nunc
876 4845 994 4898 lucc
1022 4843 1153 4898 dicit
1183 4841 1450 4898 Dominus
1489 4843 1822 4899 exercituum
1857 4859 1874 4906 ;

600 4919 791 4974 P0nite
813 4915 977 4972 corda
1005 4924 1186 4969 vestra
1214 4929 1377 4983 super
1402 4914 1518 4969 vias
1543 4929 1770 4970 chIras.

599 4989 926 5045 Seminastis
953 4985 1205 5051 multum,
1236 4995 1294 5040 et
1321 4986 1580 5040 intulistis
1605 5003 1796 5057 parum
1829 5005 1840 5040 :

666 5060 1000 5123 comedistis,
1029 5069 1082 5114 et
1109 5073 1219 5112 non
1250 5057 1385 5112 estis
1411 5057 1590 5111 satiati
1623 5075 1634 5110 :

667 5131 900 5195 bibistis,
927 5138 982 5186 et
1004 5144 1109 5184 non
1146 5131 1278 5183 estis
1302 5127 1550 5182 inebriati
1581 5147 1592 5182 :

591 5204 885 5275 operuistis
915 5216 1030 5269 vos,
1058 5209 1239 5275 etnon
1269 5201 1402 5254 estis
1423 5199 1711 5275 calefacti:

2301 3914 2596 4042 Ascegdite
2640 3915 2691 3970 in
2723 3914 3244 3985 montem,portate
3272 3917 3503 3989 lignum,
3540 3923 3600 3972 et
3635 3915 3906 3974 :ediﬁcate

2482 4001 2667 4042 omum
2701 4004 2715 4041 ἓ

2523 4004 2667 4041 mum
2701 4004 2715 4041 ἓ

2371 4069 2424 4116 et
2444 4001 2808 4142 (agge‘p'abilis
2834 4057 2967 4116 mibi
2990 4060 3118 4126 erit,
3157 4071 3209 4116 et
3237 4047 3612 4130 gloriﬁcabor,
3639 4047 3776 4117 dicit
3798 4060 3907 4118 Do-

2445 4146 2592 4184 mutu
2629 4170 2644 4184 .

2300 4146 2640 4271 BeSpexistiss
2667 4203 2732 4257 ad
2763 4203 3020 4271 amplius,
3046 4213 3104 4259 et
3123 4217 3250 4260 ecce
3272 4203 3473 4259 factum
3505 4213 3583 4258 ρει
3619 4205 3800 4260 minus
3825 4221 3841 4259 :

2371 4281 2428 4328 et
2457 4273 2720 4327 intulistis
2740 4271 2793 4328 in
2824 4273 3066 4339 domum.
3100 4286 3151 4330 et
3183 4275 3468 4329 exsitl‘tlavi
3497 4275 3629 4329 illud
3665 4294 3678 4330 :

2299 4344 2472 4412 Quam
2497 4344 2569 4398 ob
2591 4344 2850 4402 causam?
2869 4347 3002 4400 dicit
3026 4347 3284 4402 Dominus
3299 4349 3680 4415 exercituum;

2375 4416 2497 4486 quia
2523 4415 2716 4486 domus
2749 4433 2866 4472 mea
2890 4416 3110 4473 deserta
3131 4427 3233 4486 est,

2373 4497 2428 4542 et
2453 4501 2554 4542 vns
2586 4485 2851 4543 festinatis
2882 4485 3256 4558 unusquisque
3287 4489 3337 4543 in
3370 4488 3592 4544 domum
3621 4505 3801 4546 suam.

2302 4557 2532 4629 PrOpter
2553 4559 2657 4615 hoc
2685 4575 2850 4629 super
2879 4573 2980 4617 vos
3003 4557 3260 4631 prohibiti
3291 4569 3420 4617 sunt
3445 4562 3595 4628 cmli,
3619 4578 3688 4618 ne
3708 4563 3906 4620 darent

2374 4711 2429 4758 et
2446 4646 2921 4772 r(ixviiii)'prohibita
2961 4710 3046 4758 est
3084 4699 3194 4774 [Αι.
3235 4703 3504 4760 continuit
3531 4703 3805 4776 germen],
3837 4721 3906 4761 ne

2450 4775 2600 4830 daret
2631 4789 2855 4846 germen
2879 4790 3035 4830 suum
3071 4793 3083 4827 :

2304 4843 2376 4901 Et
2423 4843 2696 4900 vocavi'l|
2751 4847 3050 4901 siccitatem
3107 4861 3273 4916 super
3331 4856 3574 4918 terram,
3629 4856 3690 4902 et
3737 4861 3907 4916 super

2379 4996 2436 5043 et
2451 4927 2908 5057 [:uolilgfii‘ilicum,
2929 4999 2984 5062 et
3008 5004 3170 5060 super
3191 4989 3396 5055 vinum,
3426 5000 3480 5046 et
3507 5005 3673 5062 super
3698 4989 3904 5057 oleum,

2379 5069 2432 5115 et
2459 5074 2813 5131 quaecumque
2844 5061 3042 5132 profert
3075 5061 3292 5127 lunnus,

2378 5139 2436 5187 et
2459 5146 2624 5202 super
2653 5132 2927 5196 homines,
2957 5143 3010 5188 et
3033 5148 3197 5202 super
3213 5133 3482 5202 iumenta,

2378 5213 2431 5259 et
2463 5217 2626 5270 super
2649 5219 2864 5260 omnem
2895 5205 3138 5259 laborem
3165 5218 3442 5258 manuum.

666 5251 1709 5346 eialiiinaestisgassgisgsa;ista
1728 5285 1824 5328 eas
1843 5270 1896 5329 in
1919 5271 2200 5330 sacculum
2225 5251 2279 5316 1)
2307 5251 2616 5330 etsuis};
2645 5251 3138 5331 istisisia'itn';
3158 5251 3442 5344 saginat;
3470 5287 3524 5338 et
3567 5277 3728 5336 Jesus
3761 5277 3906 5335 ﬁlius

738 5356 1012 5418 pertusum
1023 5384 1034 5397 .

593 5419 721 5476 llaec
739 5412 880 5475 'dicit
908 5415 1170 5472 Dominus
1197 5412 1537 5472 exercituum
1569 5429 1583 5468 :

665 5590 691 5619 ι
717 5577 1036 5636 Audiendus
1063 5574 1169 5630 hoc
1197 5575 1320 5629 loco
1351 5573 1409 5630 S.
1447 5574 1564 5644 ipse
1613 5574 1888 5644 Interpres
1925 5576 1977 5630 in
2026 5572 2190 5629 Com-

594 5653 894 5727 mentat'io:
929 5649 1032 5702 Pro
1061 5648 1308 5727 sit'citate,
1340 5645 1707 5727 iittqttil,_l_..¥X
1730 5646 2075 5727 ﬁoy?i¢‘iwl.‘id
2092 5655 2189 5727 cst,

591 5725 827 5798 gladium
857 5718 1248 5798 transtulerunt,
1269 5719 1358 5771 sed
1389 5726 1446 5798 el_
1466 5717 1797 5798 in_ﬂebrat'co
1817 5717 1978 5798 tritius
2003 5719 2188 5798 litteris

590 5789 840 5867 scriptum
861 5792 1044 5864 reperi,
1083 5791 1210 5843 lictli
1244 5807 1258 5867 :_
1285 5803 1398 5867 res,
1434 5789 1583 5867 belli,
1615 5792 1755 5860 quod
1785 5793 1826 5844 si
1864 5789 2038 5867 llarcb
2063 5791 2190 5857 legi-

593 5861 727 5935 mus,
753 5861 988 5940 gladium
1015 5871 1160 5917 sonat
1175 5877 1194 5928 ,'
1215 5861 1260 5915 si
1277 5861 1442 5931 Oreb,
1468 5863 1726 5928 καύσωνα,
1746 5862 1882 5932 quod
1909 5878 2002 5916 nos
2025 5874 2198 5915 trans-

2451 5347 2682 5402 Josedec
2712 5347 2965 5402 sacerdos
2995 5361 3241 5418 magnus,

2383 5426 2438 5474 et
2465 5431 2653 5474 omnes
2678 5418 2920 5488 reliquiae
2943 5419 3147 5488 populi,

2302 5573 2538 5641 tulimus,
2569 5576 2798 5629 siccitate
2819 5591 2890 5642 n;
2939 5574 3054 5628 licet
3100 5574 3286 5629 melius
3321 5576 3377 5628 in
3424 5583 3657 5630 urentem
3695 5588 3905 5631 rentum

2304 5647 2574 5718 transferri
2601 5650 2779 5719 possit.
2811 5645 2872 5699 Et
2897 5663 3072 5701 revera
3097 5649 3340 5719 quoniam
3364 5662 3528 5700 sermo
3551 5649 3616 5700 de
3637 5657 3778 5701 terra
3808 5658 3901 5716 est,

2298 5728 2347 5792 et
2377 5717 2617 5792 agrorum
2638 5717 2933 5792 sterilitate,
2944 5719 3124 5792 magis
3152 5717 3278 5771 mihi
3313 5719 3517 5792 ridetur
3543 5726 3721 5775 reatus
3749 5737 3907 5775 urens

2299 5791 2351 5844 in
2382 5787 2620 5861 p’rmsmti
2653 5791 2765 5844 loco
2790 5789 3006 5860 intelligi
3031 5787 3183 5860 quam
3203 5787 3428 5861 gladius,
3461 5799 3569 5846 etc.
