2054 3180
178 151 243 181 1031

721 149 824 179 LIBER
842 146 1030 179 Z\CHAPJ.E
1052 147 1260 180 PROPllETE.

1751 149 1821 181 1062

210 216 302 237 vocem
319 208 428 246 Domini
438 207 492 245 [AL
510 212 560 236 (ac.
576 209 694 246 Domini]
711 210 758 237 Dei
775 209 826 243 sui,
849 214 877 237 ct
888 209 968 237 verba
983 210 1009 240 Α
1024 209 1086 246 llzrc
1099 209 1165 237 dicit
1176 209 1307 237 Dominus
1322 208 1488 246 exercituum
1505 216 1512 236 :

245 246 335 280 Aggmi
354 245 504 279 propheta),

209 281 279 308 sicut
296 281 369 307 misit
381 288 443 308 eum
462 281 591 308 Dominus
603 281 672 309 Deus
684 289 778 308 eorum
794 280 826 308 ad
841 280 932 316 ipsos;

210 321 237 343 et
251 317 340 343 tiumit
354 317 467 350 populus
482 326 494 342 ιι
513 316 580 344 facie
597 317 701 344 Domini
720 327 726 345 z

176 353 208 380 Et
219 352 284 380 dixit
300 352 417 386 Aggmus
439 352 550 380 nuntius
567 353 672 380 Domini
687 353 719 380 tle
736 352 836 380 nuntiis
852 352 969 386 Domini,

245 388 345 422 popqu
356 387 449 414 uit-ens
461 396 468 414 :

211 424 266 458 Ego
279 423 417 450 vobiscum
431 430 502 455 sum,
519 423 585 451 dicit
599 423 738 451 Dominus.

174 460 208 487 Et
221 459 361 495 suscitavit
375 458 506 495 Dominus
519 459 643 495 spiri;um
660 459 810 487 Zorobaltel
826 459 871 487 ﬂlii
888 459 967 488 Sala-

245 494 322 526 tltiel,
337 494 414 521 ducis
424 493 503 528 Iuda,

207 535 236 558 et
245 530 369 564 spiritum
381 530 446 567 Jcsu
459 530 504 557 lilii
521 530 636 567 Josedec
649 531 801 559 sacerdotis
816 531 919 567 magni,

208 571 235 594 et
245 566 369 601 spiritum
384 566 550 601 reliquorum
566 566 599 594 de
613 568 686 595 onmi
704 567 802 603 populo
816 576 823 594 :

207 607 235 630 et
250 602 364 637 ingressi
377 606 450 635 sunt,

207 643 233 666 et
247 637 385 678 faciebant
395 645 463 673 opus
475 638 503 665 in
518 637 600 666 domo
615 638 721 666 Domini
736 639 903 667 exercituum
920 638 968 667 Dei

170 712 244 745 [υσρ.
260 708 304 745 ll.|
317 708 344 736 In
354 708 399 737 die
414 709 545 744 vigesima
560 714 587 738 et
600 714 695 746 quarta
715 711 829 745 mensis,
850 711 876 739 in
891 715 969 739 sexto

244 752 349 778 mense,

205 780 232 808 in
247 789 318 809 anno
330 780 451 808 secundo
464 781 536 808 Darii
553 781 633 815 regis.

170 816 199 845 In
209 818 326 850 septimo
340 824 444 849 mense,
461 817 591 852 vigesima
607 822 633 845 et
651 818 735 852 pritna
751 818 864 851 mensis,

206 852 304 880 factum
321 859 362 880 est
384 853 497 880 verbum
522 853 627 880 Domini
650 854 676 880 in
694 861 774 881 manu
790 854 880 890 Aggtt‘i
903 862 967 890 pro-

240 889 339 914 nheln'.
355 887 447 914 dicens
465 897 470 914 :

240 893 339 922 pllt’lﬂ',
355 893 447 915 dicens
465 897 470 914 :

167 924 293 955 Louuere
312 925 345 952 ad
360 923 511 952 Zurobabel
526 924 609 952 ﬁlium
625 924 755 952 Salathicl
769 925 866 953 ducetn
881 925 962 960 Juda,

203 964 230 988 et
242 961 274 987 ad
285 960 375 987 Jcsmn
391 959 475 986 lilium
487 960 601 987 Joscdec
612 962 780 988 sacerdotem
796 968 935 996 magnum,

203 1001 231 1023 et
243 996 277 1023 ad
292 997 412 1029 reliquos
428 996 529 1030 populi,
544 996 637 1023 dicens
652 1005 657 1023 :
775 1016 777 1018 -

164 1031 232 1066 Quis
247 1033 273 1059 in
288 1031 365 1058 vobis
379 1036 419 1058 est
433 1031 590 1065 derelictus,
610 1032 657 1067 qui
671 1032 738 1059 vidit
756 1032 866 1060 domum
883 1032 962 1060 istam

237 1067 263 1094 in
279 1068 365 1102 gloi-ia
382 1076 428 1093 sua
446 1068 550 1102 prima?

201 1107 229 1130 et
241 1104 303 1138 quid
319 1111 366 1130 vos
383 1103 481 1130 videtis
498 1103 566 1130 hanc
583 1103 673 1131 nunc?

201 1139 332 1193 numquid
349 1146 401 1166 non
417 1139 451 1166 ita
474 1142 533 1172 est,
555 1139 631 1174 quasi
653 1147 706 1167 non
722 1140 756 1167 sit
772 1139 800 1167 in
816 1139 900 1167 oculis
916 1147 964 1168 ve-

237 1180 300 1193 Ell‘li

236 1180 300 1201 Sll‘lS
309 1180 316 1201 Ὶ

165 1210 200 1237 Et
215 1218 286 1238 nunc
302 1210 466 1244 confortare,
484 1210 646 1242 Zurobabel.
664 1211 729 1238 dicit
743 1211 891 1239 Dominus:

200 1253 224 1274 et
240 1245 404 1278 conl‘ortare,
418 1246 493 1280 Jesu,
510 1247 543 1273 [ili
560 1245 684 1279 Josedcc,
700 1247 827 1274 sacerdos
842 1253 948 1282 magne,

201 1287 228 1310 et
238 1282 403 1315 confortarc,
415 1282 504 1310 omnis
517 1283 630 1317 populus
646 1286 735 1315 terrm,
750 1282 816 1310 dicit
834 1283 964 1311 Dominus

235 1318 401 1345 exercituum
418 1326 425 1345 :

165 1353 200 1381 Et
214 1352 293 1381 tacite
302 1353 440 1395 (.pioniam
455 1360 506 1389 ego
517 1354 659 1382 vobiscum
675 1361 746 1388 sum,
757 1353 822 1382 dicit
832 1354 964 1382 Dominus

236 1395 404 1417 exercituum

322 1390 337 1416 ἰ
363 1398 404 1416 um

200 1389 515 1461 veilItirrrinquuod)pepigi
533 1425 673 1454 vobiscum
688 1432 749 1453 cum
765 1425 962 1461 egrederemini

237 1461 271 1488 dc
284 1460 354 1488 terra
369 1460 479 1496 [Egypti
492 1470 499 1489 :

167 1496 200 1523 Et
213 1497 323 1531 Spiritus
335 1498 469 1525 meuserit
480 1499 505 1524 in
519 1497 607 1525 medio
617 1501 748 1532 vestrum,
761 1498 844 1526 nolite
855 1498 961 1526 timere.

165 1533 232 1566 Quia
248 1532 307 1560 hzec
320 1533 386 1560 dicit
399 1532 527 1560 Dominus
539 1533 704 1561 exercituum
719 1542 726 1561 :

165 1568 261 1595 Adhuc
274 1576 356 1596 urunn
372 1569 507 1596 modicum
527 1574 579 1603 est,

201 1610 228 1632 et
241 1611 295 1667 egi:l
303 1605 481 1632 commovebo
496 1601 609 1639 coelum,
625 1609 652 1633 et
666 1609 777 1640 terram,
794 1609 822 1634 et
835 1613 920 1641 mare,
935 1609 963 1633 et
976 1601 999 1634 C

237 1647 276 1667 ari
298 1648 351 1667 am.

237 1647 351 1667 armant.

166 1675 201 1703 Et
213 1676 329 1703 movebo
343 1682 438 1703 omnes
451 1681 545 1711 gentes
561 1685 568 1704 :

167 1711 201 1738 Et
213 1711 303 1739 veniet
318 1712 488 1739 desideratus
501 1713 607 1740 cunctis
620 1712 745 1747 gentibus
761 1721 768 1742 :

201 1751 229 1776 et
252 1746 371 1782 implebo
393 1747 503 1775 domum
529 1749 607 1776 istam
623 1746 726 1783 ’glorla,
742 1749 806 1776 dicit
830 1748 961 1776 Dominus

237 1785 414 1810 exercituum.

167 1818 254 1846 Meum
266 1824 309 1860 cst
320 1824 472 1860 argentum,
488 1823 515 1847 et
532 1826 623 1847 meum
641 1824 683 1847 est
698 1826 803 1853 aurum,
818 1820 883 1848 dicit
907 1820 959 1847 Do-

238 1862 326 1882 minus
337 1861 515 1882 exercituum.

166 1890 261 1926 Magna
277 1890 420 1926 eritglnria
436 1891 533 1927 domus
548 1890 625 1918 istius
641 1890 796 1918 novissimae
807 1891 869 1927 plus
882 1898 962 1927 quam

239 1927 342 1960 primm,
358 1926 422 1954 dicit
436 1926 567 1954 Dominus
582 1927 749 1954 exercituum
767 1936 773 1953 :

201 1966 229 1990 et
243 1963 270 1989 in
285 1963 345 1990 loco
356 1963 415 1998 ipso
428 1962 499 1990 dabo
515 1969 620 1998 pacem,
631 1961 698 1990 dicit
712 1962 842 1991 Dominus
858 1963 962 1990 exerci-

239 2003 325 2025 11111111.

166 2033 195 2062 In
209 2033 339 2096 vigesima
350 2038 377 2061 et
390 2038 484 2076 quarta
499 2034 564 2062 noni
579 2033 691 2069 mensis,
708 2034 734 2062 in
754 2039 827 2062 anno
841 2034 963 2062 secundo

261 2077 310 2096 arn
352 2077 431 2096 reElS.

261 2070 310 2097 arii
327 2073 339 2088 ι
352 2070 432 2105 regis,

200 2105 300 2169 fatiiltltll
313 2110 354 2133 est
363 2106 477 2134 verbum
488 2105 595 2135 Domini
605 2105 638 2134 ad
652 2105 779 2142 Aggrcom
790 2106 963 2141 prophetam,

257 2149 331 2169 tcens
344 2150 352 2168 ς

257 2149 331 2170 tcens
344 2150 352 2168 ἒ

1022 245 1160 279 Interroga
1176 245 1332 273 sacerdotes
1353 246 1451 280 legem,
1468 245 1562 273 dicens
1578 253 1585 272 :

1058 281 1086 308 Si
1102 281 1189 308 tulerit
1206 281 1289 309 homo
1310 288 1420 310 carnem
1434 282 1631 310 sanctiticatam
1649 281 1675 309 in
1691 288 1737 309 ora
1758 288 1818 310 ves-

1094 317 1198 344 timenti
1210 317 1261 350 sui,

1059 356 1086 379 et
1107 353 1224 386 tetigerit
1240 354 1273 380 de
1292 353 1447 380 summitate
1470 352 1529 387 ejus
1551 359 1660 387 panem.
1685 358 1732 382 aut
1756 353 1818 388 pul-

1094 394 1225 450 mIeutuan,
1241 393 1287 416 aut
1312 389 1416 423 vinum,
1440 393 1486 416 aut
1515 390 1615 424 oleum,
1640 394 1685 417 aut
1710 397 1818 418 omnem

1094 431 1117 450 ct
1130 431 1182 450 )um
1199 431 1206 450 :

1094 431 1182 450 Cll)llnl
1199 431 1206 450 ε

1058 459 1188 494 numquid
1204 459 1432 487 sanctiﬁcabitnr?

1021 493 1227 528 Restiondentes
1240 500 1330 523 autem
1347 495 1514 529 sacerdotes,

1057 530 1186 558 dixerunt
1206 539 1214 560 :
1235 531 1305 558 Non.

1022 565 1055 593 Et
1069 566 1133 602 dixit
1150 566 1262 602 Aggtcus
1275 575 1282 594 :

1058 601 1088 629 Si
1113 601 1231 639 tetigerit
1258 603 1377 639 pollutus
1400 602 1427 630 in
1453 603 1542 630 anima
1567 610 1600 632 ex
1621 603 1747 632 omnibus
1762 603 1815 639 bis,

1093 638 1223 672 numquid
1239 638 1487 666 contaminabitur?

1021 673 1055 701 Et
1069 675 1267 708 responderunt
1280 674 1445 706 sacerdotes,

1056 714 1081 736 et
1096 709 1224 737 dixerunt
1240 719 1247 737 :
1265 709 1510 738 Contaminabitur.

1020 745 1055 773 Et
1071 745 1211 779 respondit
1226 746 1354 781 Aggmus,
1370 750 1397 773 et
1412 746 1478 773 dixit
1495 754 1502 773 :

1057 781 1102 809 Sic
1118 781 1234 816 populus
1258 783 1322 812 iste.
1347 784 1375 809 et
1399 782 1438 809 sic
1461 789 1529 817 gens
1557 782 1606 809 ista
1629 786 1693 811 ante
1719 782 1816 811 faciem

1093 825 1190 849 meam,
1207 817 1271 845 dicit
1284 817 1427 850 Dominus,

1056 858 1082 879 et
1094 853 1133 880 sic
1148 861 1227 880 onme
1242 861 1309 888 opus
1324 861 1450 888 manuum
1467 860 1562 882 eorum
1578 861 1585 881 :

981 905 1005 934 Β
1022 888 1055 915 Et
1068 889 1230 934 oni-triarium
1246 887 1393 934 obtulerint
1406 887 1454 922 ibi,

1053 924 1233 951 contaminata
1246 928 1335 952 erunt.

1017 960 1050 986 Et
1063 967 1132 985 nunc
1149 962 1240 993 ponite
1254 960 1334 987 corda
1348 965 1437 988 vestra
1451 966 1466 986 a
1482 959 1527 988 die
1540 960 1590 988 hac
1604 965 1630 988 et
1644 967 1739 995 Supra,

1052 1002 1196 1057 alibequattl
1210 1002 1356 1030 poneretur
1367 996 1437 1031 lapis
1448 1003 1530 1031 super
1543 996 1659 1032 lapideut
1674 998 1701 1024 in
1712 996 1815 1032 templo

1111 1039 1203 1057 01111111.

1111 1039 1203 1057 01111111.

1016 1066 1082 1093 Cum
1097 1068 1263 1094 accederetis
1281 1068 1314 1095 ad
1335 1075 1461 1096 acervom
1476 1066 1571 1103 viginti
1597 1067 1760 1100 modiorum,
1787 1071 1815 1095 et

1088 1103 1306 1130 iicrcntdcccm:

1052 1139 1192 1165 intraretis
1208 1140 1240 1165 ad
1271 1140 1401 1171 torcular,
1424 1144 1450 1166 ut
1472 1139 1662 1175 exprimeretis
1682 1139 1816 1175 quinqua-

1088 1175 1159 1207 ginta
1174 1175 1294 1209 illgt'llﬂs.
1311 1181 1335 1203 et
1351 1175 1451 1202 ﬁebant
1463 1175 1567 1209 viginti.

1018 1210 1141 1236 Percussi
1160 1219 1206 1237 vos
1228 1216 1309 1238 vento
1325 1217 1429 1244 urente,
1450 1215 1477 1237 et
1493 1210 1626 1245 aurigiue,
1638 1215 1665 1238 et
1677 1209 1811 1246 grandine

1087 1246 1179 1273 omnia
1194 1254 1275 1281 opera
1287 1254 1415 1274 manuum
1433 1251 1583 1274 vestrarum
1597 1255 1604 1274 :

1051 1284 1079 1309 et
1089 1289 1147 1343 Bon
1159 1282 1211 1323 luit
1228 1282 1253 1309 in
1271 1282 1360 1315 Vobis,
1374 1282 1420 1317 qui
1434 1287 1615 1310 reverteretur
1626 1282 1658 1309 ad
1675 1288 1730 1315 mc,
1749 1281 1815 1309 dicit

1113 1325 1229 1343 (lllllllllS.

1113 1325 1229 1345 mutnus.

1016 1352 1111 1380 Ponite
1127 1353 1208 1380 corda
1221 1358 1312 1382 vestra
1324 1361 1358 1381 ex
1374 1354 1417 1381 dic
1431 1354 1480 1381 ista
1493 1357 1520 1381 et
1536 1354 1561 1381 in
1580 1354 1712 1387 futurum,

1050 1396 1064 1416 a
1078 1389 1122 1416 die
1136 1390 1264 1423 vigesima
1281 1394 1307 1417 et
1318 1395 1413 1425 quarta
1427 1390 1490 1416 noni
1506 1390 1609 1417 mensis
1622 1399 1629 1418 :

1014 1423 1038 1451 A
1049 1425 1103 1456 die.
1120 1433 1170 1459 qua
1186 1423 1358 1453 fundamenta
1372 1426 1444 1460 jacta
1461 1430 1525 1452 sunt
1538 1425 1630 1461 templi
1645 1425 1766 1459 Domini,

1053 1462 1145 1496 ponite
1159 1468 1241 1495 super
1251 1469 1299 1488 cor
1311 1467 1441 1489 vestrum.

1015 1495 1149 1533 Numquid
1159 1496 1214 1531 jam
1229 1504 1321 1524 semen
1334 1498 1359 1523 in
1379 1495 1501 1533 germine
1512 1501 1554 1525 est
1569 1505 1576 1524 :

1050 1538 1076 1559 et
1091 1532 1180 1559 adhuc
1196 1533 1286 1566 vinea,
1303 1538 1330 1560 et
1346 1532 1422 1565 ﬁcus,
1444 1537 1470 1560 et
1484 1533 1709 1568 malogranatum,
1730 1535 1758 1560 et
1779 1532 1811 1559 li-

1085 1575 1166 1603 gnum
1181 1568 1260 1595 oliva:
1276 1577 1327 1595 non
1347 1568 1455 1596 ﬂoruit?

1049 1611 1083 1631 ex
1097 1604 1140 1631 die
1157 1603 1207 1631 ista
1222 1604 1391 1632 benedicam.

1015 1639 1048 1666 Et
1060 1639 1157 1667 factum
1169 1644 1212 1667 est
1226 1640 1338 1668 verbum
1355 1639 1460 1667 Domini
1474 1639 1595 1668 secundo
1607 1638 1641 1668 ad
1656 1638 1785 1675 Aggmnm

1052 1676 1077 1703 in
1092 1674 1221 1711 vigesima
1233 1679 1260 1703 et
1275 1681 1369 1711 quarta
1387 1676 1499 1709 mensis,
1514 1677 1607 1704 dicens
1624 1684 1631 1701 :

1014 1710 1139 1746 Loquere
1154 1711 1186 1738 ad
1201 1710 1352 1739 Zorobabel
1368 1711 1464 1739 ducem
1477 1712 1558 1745 Juda,
1572 1712 1667 1740 dicens
1681 1720 1688 1738 :

1015 1747 1070 1782 Ego
1083 1747 1197 1774 movebo
1210 1747 1306 1774 ccelum
1326 1746 1428 1781 pariter
1443 1752 1470 1775 ct
1484 1752 1595 1775 terram.

1017 1783 1049 1810 Et
1062 1783 1217 1810 subvertant
1233 1783 1330 1818 solium
1343 1791 1499 1818 regnorum,

1050 1823 1078 1846 et
1093 1822 1230 1846 conteram
1246 1817 1433 1855 fortitudinem
1449 1819 1525 1855 regni
1541 1818 1685 1855 gentium;

1016 1854 1049 1882 Et
1064 1854 1221 1882 subvertam
1236 1854 1405 1889 quadrigam,
1421 1861 1447 1882 et
1464 1853 1639 1883 ascensorem
1655 1853 1715 1889 eius
1730 1861 1737 1880 :

1051 1895 1079 1918 et
1093 1890 1262 1926 descendent
1277 1892 1354 1926 equi,
1369 1894 1397 1917 ct
1412 1897 1572 1918 ascensores
1584 1896 1678 1918 eorum
1695 1897 1703 1917 :

1052 1926 1093 1953 vir
1104 1926 1130 1953 itt
1146 1925 1236 1961 gladio
1249 1926 1340 1953 fratris
1352 1926 1404 1953 sui.

1016 1960 1044 1989 In
1060 1961 1105 1989 die
1120 1960 1163 1988 illa
1177 1961 1243 1988 dicit
1259 1961 1390 1989 Dominus
1402 1962 1584 1993 exercituum,

1051 2005 1187 2025 assumam
1200 2001 1236 2030 to,
1250 1996 1411 2030 Zorobabet,
1428 1998 1465 2025 tili
1477 1997 1619 2032 Salatliiel,
1637 2002 1715 2026 serve
1726 2003 1815 2032 meus,

1087 2033 1155 2060 dicit
1174 2033 1305 2060 Dominus
1320 2040 1328 2061 ε

1017 2069 1052 2097 Εῑ
1063 2077 1160 2104 ponam
1175 2073 1200 2095 te
1212 2068 1290 2104 quasi
1300 2070 1480 2105 signaculum,

1053 2106 1115 2141 quia
1132 2110 1157 2133 te
1168 2105 1250 2140 elegi,
1266 2105 1332 2134 dicit
1343 2106 1474 2135 Dominus
1488 2106 1671 2134 exercituum.

201 2226 214 2242 ι
227 2219 288 2249 Non
310 2221 383 2249 addit
400 2220 531 2250 Hebrmus
548 2226 638 2250 textus
660 2221 739 2258 regis,
764 2220 836 2257 quod
859 2227 958 2248 nomen
975 2227 1064 2257 neque
1078 2222 1136 2257 ipse
1147 2222 1172 2249 iu
1184 2220 1393 2251 Commentariis
1409 2222 1590 2258 Hieronymus
1606 2221 1651 2249 ltic
1668 2220 1752 2249 novit.

763 2289 879 2326 Explicit
894 2288 959 2317 liber
974 2290 1064 2326 Aggtet'
1079 2291 1220 2327 prophetat.

166 2348 1811 2361 __—_______—_—___________—_

884 2400 1109 2443 INCIPIT

326 2494 593 2559 LIBER
625 2491 967 2558 ZACHAR

1016 2491 1092 2556 EE
1122 2490 1649 2558 ΡΡιΟΡΗΕΤίΕ.

166 2664 240 2701 [ϐαρ.
257 2663 293 2700 1.]
307 2664 334 2691 1η
350 2670 444 2701 mense
458 2661 610 2701 octavo,Ain
626 2668 699 2701 anno
713 2659 832 2701 secundo
846 2658 929 2701 Darii.

202 2693 301 2728 factum
316 2704 358 2727 est
371 2700 484 2726 verbum
501 2693 616 2735 Domini
629 2696 671 2735 ad»
681 2693 852 2735 Zachariam,
875 2693 961 2735 tilium

236 2735 385 2769 Baracltize,
396 2735 442 2762 lilii
455 2735 509 2771 [ΑΙ.
522 2733 617 2769 lilium]
635 2733 721 2766 Addo,
737 2733 907 2768 prophetam,
920 2730 961 2758 di-

238 2779 303 2799 CCIIS
316 2780 322 2798 ἶ

166 2808 251 2836 lratus
266 2812 307 2834 cst
323 2806 453 2834 Dominus
467 2813 547 2842 super
558 2810 648 2841 patres
660 2808 765 2832 vestros
776 2801 924 2830 iracundia.

166 2845 198 2871 Et
209 2843 283 2871 dices
294 2842 327 2870 ad
342 2850 389 2870 eos
402 2851 410 2870 :

165 2879 229 2907 Haec
244 2879 309 2906 dicit
324 2879 452 2905 Dominus
467 2877 639 2905 exercituum
654 2884 660 2903 :

164 2914 361 2944 Convertitnini
376 2914 409 2942 ad
421 2922 475 2945 tne,
489 2914 526 2941 ait
541 2912 673 2941 Dominus
688 2911 856 2940 exercituum
873 2918 880 2937 :

974 2658 1001 2689 D
1021 2694 1037 2695 η
1050 2663 1076 2686 et
1090 2665 1233 2688 convertar
1246 2660 1280 2688 ad
1297 2668 1354 2695 vos,
1371 2660 1437 2689 dicit
1451 2662 1582 2691 Dominus
1597 2664 1777 2693 exercituum.

1016 2694 1056 2722 Ne
1071 2696 1130 2732 sitis
1145 2695 1215 2724 sicut,
1229 2702 1319 2732 patres
1332 2694 1428 2730 vestri,

1054 2731 1085 2758 ad
1105 2732 1342 2769 quoselamalmnt
1358 2735 1501 2768 propheta:
1516 2734 1633 2769 priores,
1650 2736 1791 2763 dicentes:

1019 2767 1082 2794 llmc
1096 2768 1161 2795 dicit
1174 2768 1303 2796 Dominus
1315 2767 1483 2796 exercituum
1503 2779 1508 2797 :

1017 2802 1214 2842 Convertimini
1230 2805 1265 2842 de
1278 2805 1330 2832 viis
1345 2805 1442 2832 vestris
1464 2806 1553 2840 malis,
1576 2811 1604 2835 et
1616 2806 1650 2835 de
1670 2806 1815 2842 cogitatio-

1090 2839 1170 2866 nibus
1186 2840 1282 2867 vestris
1299 2842 1424 2873 pessimis
1441 2850 1448 2868 :

1053 2875 1324 2937 etdtgrraudierunt,
1337 2883 1425 2912 neque
1439 2876 1610 2906 attenderunt
1625 2877 1659 2906 ad
1677 2885 1730 2911 tne,
1750 2877 1817 2905 dicit

1132 2918 1232 2937 minus.

1132 2918 1183 2937 111111
1190 2918 1232 2937 US.
