4050 6356
458 249 596 313 1065

452 373 651 431 Patres
685 368 851 426 vestri
879 367 972 425 ubi
994 367 1161 425 sunt?

528 452 586 498 et
609 443 892 513 prepltetre
915 440 1173 512 numquid
1202 439 1253 494 in
1292 439 1684 513 sempiternum
1713 437 1938 496 vivent?

456 511 843 574 Verumtamen
873 514 1039 569 verba
1061 511 1200 576 mea.
1232 521 1286 566 et
1314 511 1553 582 legitima
1583 527 1726 578 mea,
1752 527 1870 582 qua:
1892 525 2043 567 man-

601 585 726 642 davi
753 585 928 641 servis
957 584 1093 640 meis
1121 582 1426 654 prophetis,

1469 251 1527 310 S.
1571 247 1964 342 IllEROSYMI
2002 245 2233 311 DIVINA
2271 247 2746 312 BlBLlOl‘llECA.

2075 369 2128 430 A
2224 375 2280 424 et
2335 382 2463 424 ecce
2492 367 2598 436 vir,
2647 366 2796 425 etin
2827 379 2988 423 manu
3037 360 3155 436 ejus
3210 359 3484 422 funiculus
3529 375 3749 421 menso-

3610 248 3746 311 1061

2296 455 2438 495 I‘llm.

2147 510 2215 568 Et
2245 510 2391 566 dixi:

2217 583 2336 651 Quo
2375 591 2430 637 tu
2455 582 2640 650 vadis?

531 656 800 729 numquid
827 671 934 729 non
955 653 1490 729 comprehenderunt
1513 661 1703 727 patres
1726 662 1958 721 vestros,
1990 662 2047 711 ct
2147 653 2379 729 Et_t_lixit
2405 654 2472 729 ad
2503 673 2622 729 me:

601 727 854 786 conversi
875 737 1023 793 sunt,
1050 736 1104 782 et
1131 727 1387 782 dixerunt
1417 743 1432 782 :

459 801 612 860 Sicut
639 798 1171 872 cogitavitDominus
1185 799 1523 856 exercituum
1555 797 1738 855 facere
1767 797 1924 855 nobis
1953 812 2044 854 se-

603 871 835 928 cundum
859 871 973 926 vias
1007 878 1247 936 nostras,

530 953 585 1002 et
612 943 908 999 secundum
940 943 1358 998 adinventiones
1391 951 1608 997 nostras
1634 982 1648 1006 ,
1699 940 1827 996 fecit
1855 940 2046 996 nobis?

456 1017 514 1073 ln
544 1016 633 1072 die
661 1015 919 1071 vicesima
947 1022 1002 1070 et
1026 1023 1215 1086 quarta
1249 1013 1518 1070 undecimi
1568 1013 1770 1069 mensis
1818 1012 2046 1080 Sabatlt,

603 1087 656 1141 in
685 1101 826 1142 anno
854 1087 1094 1141 secundo
1121 1085 1292 1148 Darii,

457 1159 658 1217 factum
680 1168 763 1212 est
792 1158 1015 1213 verbum
1040 1157 1257 1211 Domini
1282 1157 1348 1212 ad
1380 1155 1717 1220 Zachariam,
1749 1155 1917 1211 lilium
1948 1155 2049 1212 Ba-

600 1229 820 1296 racbiae,
854 1229 949 1284 ﬁlii
980 1228 1158 1294 Addo,
1185 1231 1526 1298 prepltetam,
1551 1227 1740 1283 dicens
1770 1245 1784 1283 :

457 1301 578 1360 Vidi
608 1317 703 1429 perr
730 1308 966 1370 noctem,
998 1309 1055 1358 et
1079 1315 1208 1356 ecce
1221 1301 1305 1356 vir
1331 1300 1630 1356 ascendens
1660 1314 1826 1370 super
1851 1314 2049 1372 equum

594 1389 659 1429 ru
685 1389 796 1429 om.

594 1389 796 1438 rutum,

529 1446 731 1572 et‘ipsg
759 1444 941 1500 stabat
997 1444 1137 1500 inter
1163 1450 1420 1515 myrteta,
1453 1457 1576 1514 qua:
1628 1451 1787 1500 erant
1843 1443 1896 1500 in
1926 1457 2051 1515 pro-

625 1533 694 1572 un
737 1533 799 1572 o:

625 1533 799 1574 unao:

456 1597 731 1718 Eteépgst
756 1603 880 1646 eum
910 1587 1036 1659 equi
1066 1585 1383 1655 rufi/varii,
1415 1595 1472 1644 et
1499 1585 1632 1642 albi.

596 1677 663 1716 m
687 1679 699 1714 :

506 1671 526 1717 t
555 1661 699 1717 dixi:

455 1732 596 1800 Quid
628 1742 754 1787 sunt
783 1731 895 1800 isti,
929 1730 1152 1787 domine
1178 1729 1253 1784 mi
1279 1731 1300 1785 l

461 1799 532 1860 Et
561 1804 696 1860 dixit
721 1803 787 1859 ad
816 1799 902 1858 me
925 1804 1164 1872 Angelus
1210 1802 1302 1872 qui
1334 1800 1652 1872 loquebatur
1676 1799 1730 1857 in
1757 1815 1874 1858 me:

534 1876 646 1947 Ego
666 1875 954 1930 ostendam
991 1874 1083 1947 tibi
1114 1873 1240 1947 quid
1273 1873 1385 1947 sint
1410 1873 1546 1947 haec.

460 1945 528 2003 Et
555 1940 834 2018 rEspondit
864 1947 966 2013 vir,
998 1940 1292 2018 quistabat
1321 1940 1818 2018 inter‘myrleta,et
1843 1942 2006 2018 dixit:

529 2019 620 2074 Isti
649 2015 819 2087 'sont,
852 2033 990 2088 quos
1020 2015 1508 2088 inisit_Dominns,
1567 2026 1623 2070 ut
1673 2015 2057 2086 peratnbulent

608 2089 722 2162 [Αι.
755 2086 1217 2162 perambularent]
1249 2096 1470 2162 terram.

460 2159 531 2218 Et
582 2156 996 2232 résponderunt
1035 2156 1228 2230 angelo
1260 2156 1503 2227 Domini,
1558 2159 1651 2229 qui
1707 2158 1884 2215 stabat
1913 2158 2058 2216 inter

603 2230 856 2305 myrteta,
887 2241 940 2305 et
967 2230 1251 2286 dixerunt:

531 2302 1033 2361 Perambulavimus
1065 2310 1292 2367 terram,

528 2385 586 2432 et
607 2390 737 2432 ecce
770 2374 944 2429 omnis
977 2383 1120 2429 terra
1151 2373 1446 2438 habitatur,
1473 2379 1528 2428 et
1554 2372 1813 2444 quiescit.

462 2446 530 2504 Et
557 2446 841 2516 respondit
867 2446 1090 2513 angelus
1121 2445 1361 2513 Domini,
1394 2453 1448 2498 et
1468 2444 1639 2500 dixit:

528 2519 760 2574 Domine
786 2518 1142 2581 exercituum,
1167 2530 1446 2587 usquequo
1470 2524 1526 2571 tu
1566 2532 1672 2573 non
1705 2516 2058 2573 misereberis

601 2589 923 2657 Jerusalem,
958 2598 1014 2644 et
1034 2588 1249 2643 urbium
1273 2587 1435 2652 Judn,
1466 2588 1662 2658 quibus
1687 2590 1859 2646 iratus
1887 2589 1987 2645 es?

526 2660 636 2718 lste
665 2662 1110 2731 septuagesimus
1136 2675 1310 2731 annos
1340 2667 1444 2714 est.

2084 1779 2134 1839 B

2219 723 2291 781 Ut
2322 725 2518 782 metiar
2544 725 2872 790 Jerusalem,

2219 805 2274 852 et
2300 797 2510 853 videam
2538 810 2738 871 quanta
2767 800 2838 871 sit
2867 796 3094 871 latitudo
3123 796 3262 867 ejus,

2220 877 2276 922 et
2305 879 2503 939 quanta
2535 869 2816 942 longitudo
2841 869 2982 942 ejus.

2150 939 2220 996 Et
2266 937 2393 1066 ego:
2422 937 2668 1014 angelus,
2723 941 2814 1012 qui
2864 937 3191 1012 loquebatur
3243 940 3297 996 in
3345 952 3454 1007 me,
3489 937 3737 1010 egredie-

2330 1028 2358 1066 a
2389 1028 2472 1066 ur.

2330 1021 2472 1078 atur,

2221 1084 2525 1156 etangelus
2553 1085 2693 1141 alios
2723 1083 3106 1156 egrediebatur
3135 1082 3188 1138 in
3214 1096 3500 1139 occursum
3528 1081 3672 1153 ejus.

2151 1153 2218 1210 Et
2245 1153 2384 1210 dixit
2419 1155 2487 1212 ad
2518 1171 2676 1212 eum:

2225 1223 2416 1292 Curre,
2451 1229 2674 1299 loquere
2701 1226 2767 1283 ad
2791 1243 3015 1298 puerum
3045 1227 3230 1299 istum,
3262 1225 3479 1282 dicens:

2153 1297 2376 1368 Absque
2398 1297 2558 1354 muro
2589 1297 2923 1355 habitabitur
2943 1297 3269 1364 Jerusalem,

2228 1366 2349 1496 pris.
2369 1370 2716 1453 multitudine
2758 1371 3037 1428 hominum
3064 1379 3116 1426 et
3142 1371 3515 1440 jumentorum
3546 1366 3604 1423 in
3642 1381 3758 1424 me-

2340 1457 2391 1496 l0
2421 1457 2557 1496 eius.

2340 1457 2391 1497 ιο
2421 1457 2557 1511 ejus.

2155 1511 2227 1569 Et
2272 1509 2521 1596 egohe'ro
2565 1512 2654 1583 ei,
2705 1514 2781 1572 ait
2811 1514 3095 1582 Dominus,
3132 1528 3320 1571 murus
3367 1511 3509 1584 ignis
3535 1511 3593 1568 in
3644 1509 3757 1566 cir-

2298 1592 2448 1640 cuitu
2466 1601 2486 1638 :

2229 1664 2287 1711 et
2315 1657 2368 1710 in
2399 1655 2577 1727 gloria
2601 1671 2698 1713 ero
2730 1659 2783 1712 in
2812 1658 2993 1714 medio
3021 1656 3162 1727 ejus.

2157 1726 2224 1794 Ο,
2257 1741 2312 1792 0,
2347 1726 2509 1802 fugite
2538 1728 2605 1784 de
2636 1739 2780 1785 terra
2811 1726 3100 1802 aquilonis,
3127 1737 3151 1764 ⁸
3174 1727 3304 1802 dicit
3329 1726 3628 1802 Dominus:

2231 1800 2485 1924 ﬂuoniam
2519 1802 2573 1855 in
2600 1809 2832 1871 quatuor
2855 1799 3046 1858 ventos
3072 1799 3198 1858 cmli
3221 1799 3454 1872 diSpersi
3480 1813 3605 1867 vos,

2272 1870 2364 1924 icit
2392 1870 2673 1924 Dominus.

2272 1870 2364 1924 icit
2392 1870 2673 1928 Dominus.

2157 1942 2203 1998 Ο
2229 1939 2488 2140 ἓξὲἔέι..
2521 2014 2731 2088 surge],
2781 2032 2903 2088 qua:
2943 2015 3156 2073 habitas
3183 2013 3328 2088 apud
3378 2012 3545 2070 tiliam
3574 2011 3757 2084 Baby-

2301 2101 2476 2142 tonis:

2160 2155 2299 2226 Quia
2339 2157 2456 2213 haec
2480 2158 2609 2215 dicit
2651 2159 2914 2216 Dominus
2937 2160 3310 2217 exercituum:

2231 2228 2361 2285 Post
2384 2230 2611 2300 gloriam
2645 2232 2794 2288 misit
2818 2247 2906 2289 me
2951 2233 3018 2289 ad
3051 2241 3262 2304 gentes,
3306 2244 3428 2300 quae
3478 2227 3761 2301 spoliave-

2304 2313 2430 2356 1⁸11111.
2455 2319 2584 2357 vos:

2157 2371 2263 2442 Qui
2293 2373 2436 2428 enim
2468 2374 2708 2446 tetigerit
2733 2390 2854 2440 vos.

2236 2446 2405 2516 tangit
2434 2447 2691 2516 pupillam
2724 2449 2865 2503 oculi
2891 2446 2920 2486 δ
2951 2447 3094 2504 mei:

2159 2515 2295 2584 Quia
2327 2515 2456 2572 ecce
2481 2515 2607 2572 levo
2636 2533 2851 2574 manum
2881 2535 3054 2574 meam
3085 2533 3247 2590 super
3275 2533 3394 2585 eos,

2233 2595 2288 2643 et
2306 2598 2464 2643 erunt
2493 2591 2691 2659 praedae
2714 2590 2796 2645 ltis
2823 2592 2914 2660 qui
2943 2592 3256 2647 serviebant
3288 2591 3390 2646 sibi
3414 2607 3426 2642 :

2234 2669 2289 2714 et
2315 2663 2654 2730 cognoscetis
2683 2662 2808 2730 quia
2827 2659 3082 2719 Dominus
3105 2663 3443 2719 exercituum
3471 2659 3620 2716 misit
3647 2675 3760 2717 me.

465 2732 536 2789 Et
556 2727 841 2802 respondit
871 2731 1131 2787 Dominus
1157 2730 1374 2801 angelo,
1407 2731 1502 2800 qui
1534 2729 1862 2803 loquebatur
1888 2731 1941 2789 in
1974 2747 2061 2790 me
2160 2727 2369 2803 Lauda,
2389 2727 2451 2785 ἐι
2477 2732 2682 2799 laetare,
2702 2727 2823 2787 'filia
2856 2733 2984 2790 Sion
3011 2753 3022 2787 :

601 2805 768 2861 verba
793 2804 959 2868 bona,

529 2877 694 2932 verba
723 2874 1114 2932 consolatoria.

457 2946 526 3003 Et
553 2947 691 3002 dixit
715 2948 782 3003 ad
815 2961 901 3002 me
927 2945 1176 3016 angelus,
1205 2944 1296 3017 qui
1329 2945 1652 3018 loquebatur
1681 2947 1733 3003 in
1762 2961 1886 3005 me:

525 3019 734 3088 Clama,
761 3019 988 3080 dicens:

461 3089 590 3146 llaec
621 3089 749 3146 dicit
777 3091 1036 3145 Dominus
1063 3088 1431 3145 exercituum:

464 3161 683 3217 Zelatus
708 3178 826 3217 sum
855 3161 1158 3218 Jerusalem
1181 3169 1237 3215 et
1264 3160 1395 3216 Sion
1427 3160 1546 3216 zelo
1575 3176 1792 3231 magno.

455 3233 521 3306 Et
550 3233 627 3289 ira
656 3249 849 3306 magna
878 3248 980 3304 ego
1012 3235 1218 3288 irascor
1256 3248 1419 3304 super
1441 3243 1629 3305 gentes
1661 3235 1946 3306 opulentas
1971 3249 1986 3289 :

464 3305 602 3373 Quia
629 3321 730 3376 ego
762 3312 931 3361 iratus
961 3321 1079 3360 sum
1114 3320 1324 3374 parum,

532 3377 632 3446 ipsi
660 3392 793 3433 vero
817 3377 1148 3448 adjuverunt
1176 3376 1226 3429 in
1251 3376 1475 3432 malum.

461 3446 756 3518 Propterea
787 3446 905 3504 haec
929 3447 1062 3503 dicit
1090 3447 1348 3503 Dominus
1373 3465 1384 3500 :

530 3520 796 3576 Revertar
823 3521 888 3575 ad
913 3519 1219 3575 Jerusalem
1244 3519 1296 3573 iu
1328 3519 1750 3577 misericordiis:

456 3589 526 3647 Et
550 3592 744 3648 domus
765 3606 884 3647 mea
915 3591 1270 3647 aedificabitur
1300 3591 1354 3647 in
1386 3606 1471 3660 ea,
1504 3593 1584 3646 ait
1611 3591 1874 3647 Dominus
1901 3605 2063 3648 excr-

600 3664 800 3719 cituum
824 3681 836 3716 :

535 3743 590 3806 et
613 3732 1058 3806 perpendiculum
1089 3732 1417 3789 extendetur
1439 3748 1602 3804 super
1627 3732 1950 3791 Jerusalem.

466 3803 662 3861 Adhuc
690 3807 882 3873 clama,
915 3803 1099 3862 dicens
1122 3824 1136 3859 :

462 3874 590 3932 Ha-c
616 3877 750 3932 dicit
783 3878 1042 3932 Dominus
1064 3877 1426 3932 exercituum:

465 3947 661 4005 Adhuc
679 3948 904 4004 affluent
931 3949 1184 4004 civitates
1206 3964 1340 4003 mem
1365 3950 1555 4004 bonis:

529 4031 585 4076 et
613 4019 981 4076 consolabitur
1011 4020 1271 4074 Dominus
1298 4019 1476 4076 adhuc
1501 4019 1655 4090 Sion,

533 4102 589 4146 et
612 4091 784 4162 eliget
813 4090 989 4146 adhuc
1018 4091 1348 4162 Jerusalem.

462 4161 532 4220 Et
558 4160 733 4220 levavi
760 4163 948 4220 oculos
979 4177 1152 4230 meos,
1185 4171 1238 4217 et
1260 4160 1402 4217 vidi:

533 4244 588 4307 et
615 4249 744 4292 ecce
765 4245 998 4307 quatuor
1025 4249 1254 4307 cornua.

457 4305 525 4363 Et
552 4306 662 4361 dixi
692 4307 758 4362 ad
783 4303 1065 4376 angelum,
1091 4305 1179 4377 qui
1210 4304 1536 4377 loquebatur
1566 4303 1620 4360 in
1652 4318 1775 4360 me:

535 4378 675 4445 Qttid
697 4387 827 4434 sunt
857 4379 1006 4434 inec?

538 4458 594 4506 et
621 4449 760 4506 dixit
782 4448 846 4504 ad
879 4465 997 4505 me:

458 4521 582 4578 lliec
621 4533 746 4577 sunt
774 4535 999 4588 cornua,
1047 4535 1167 4592 qua:
1188 4518 1831 4586 ventilaveruntJudam,
1885 4526 1940 4576 et
1981 4516 2057 4575 ls-

603 4593 738 4663 rael,
771 4603 825 4649 et
854 4593 1177 4648 Jerusalem.

453 4665 521 4721 Et
525 4666 784 4792 Emend“
808 4663 938 4720 mihi
967 4663 1224 4721 Dominus
1246 4671 1478 4736 quatuor
1507 4663 1714 4722 fabros.

609 4755 616 4760 υ
655 4754 727 4792 ixi
747 4755 760 4792 :

575 4737 760 4792 t‘dixi:

453 4807 594 4875 Quid
628 4807 718 4864 isti
741 4809 965 4864 veniunt
989 4807 1208 4866 facere?

522 4879 623 4946 Qui
650 4881 746 4946 ait,
774 4879 958 4936 dicens
983 4898 996 4939 ε

458 4949 740 5007 llzrcsunt
767 4967 988 5020 cornua,
1018 4966 1138 5023 qua:
1166 4950 1565 5008 ventilaverunt
1602 4952 1630 5007 J
1639 4949 1793 5007 udam
1824 4963 1920 5022 per
1949 4950 2061 5006 sin-

594 5023 751 5092 gulos
784 5025 951 5089 viros,

521 5101 578 5149 et
609 5109 772 5150 nemo
795 5111 982 5150 eorum
1015 5095 1220 5150 levavit
1239 5101 1402 5165 caput
1432 5110 1626 5151 suum:

452 5165 524 5220 Et
554 5175 822 5220 venerunt
848 5167 934 5222 isti
975 5167 1255 5222 deterrere
1282 5181 1369 5232 ea,

525 5247 581 5292 ut
610 5236 871 5306 dejiciant
893 5253 1096 5311 cornua
1118 5238 1381 5311 gentium,
1401 5254 1522 5311 qua:
1546 5237 1864 5294 levaverunt
1891 5252 2059 5297 cornu

601 5309 1168 5382 stipergterramJuda
1200 5318 1258 5365 ut
1291 5309 1667 5382 dispergerent
1695 5325 1835 5367 eam.

455 5378 608 5454 [ϐαρ.
637 5377 728 5451 11.]
757 5379 823 5436 Et
849 5380 1022 5438 levavi
1048 5381 1238 5440 oculos
1271 5377 1443 5452 meos,
1475 5377 1529 5439 ét
1553 5381 1693 5438 vidi:

522 5610 546 5640 ⁸
577 5609 707 5666 Post
750 5608 866 5665 haec
895 5608 1088 5672 verba,
1129 5607 1274 5664 aliud
1315 5622 1525 5665 comma
1569 5607 1808 5665 additum
1851 5605 2048 5678 legitur

451 5683 504 5738 in
546 5681 951 5753 exemplaribus
1004 5680 1244 5753 canonis
1291 5680 1579 5753 llebraie:e_
1624 5679 1870 5753 veritatis
1906 5677 1924 5732 :7
1968 5677 2053 5733 Ea:

443 5764 666 5827 quatuor
685 5751 845 5809 uentis
866 5753 979 5809 caeli
1001 5752 1248 5827 colligunt
1271 5767 1358 5827 ros
1382 5766 1399 5805 :
1441 5751 1582 5827 quod
1607 5751 1821 5827 quidem
1843 5751 1893 5806 in
1923 5766 2056 5827 eon-

451 5822 601 5889 tcxtu
650 5827 1013 5902 prin'tamanu
1063 5822 1296 5902 positum
1328 5822 1630 5880 invenimus
1679 5825 1732 5880 in
1767 5837 1868 5882 ms.
1919 5823 2054 5880 Sau-

2232 2802 2355 2874 quia
2405 2817 2537 2874 ecce
2575 2818 2674 2874 ego
2717 2805 2900 2873 venio,
2957 2815 3011 2862 et
3039 2805 3297 2861 habitabo
3349 2805 3402 2860 in
3433 2803 3617 2862 medio
3657 2803 3761 2872 tui,

2307 2873 2382 2929 ait
2404 2873 2685 2929 Dominus.

2161 2945 2230 3001 Et
2254 2945 2670 3029 applicabuntur
2691 2947 2896 3006 Gentes
2941 2949 3128 3006 multa:
3168 2949 3236 3006 ad
3268 2948 3554 3006 Dominum
3585 2947 3640 3004 in
3672 2946 3765 3002 die

2237 3019 2482 3163 etlleltf‘tint
2509 3090 2638 3146 mihi
2667 3091 2718 3147 in
2748 3091 3036 3163 pepulum:

2090 3166 2136 3230 ρ
2171 3158 2239 3215 Εῑ
2270 3161 2525 3217 habitabo
2547 3163 2600 3217 in
2633 3158 2948 3220 medio-tui:

2238 3240 2295 3288 ct
2322 3233 2463 3288 scies
2485 3234 2610 3304 quia
2642 3235 2902 3290 Dominus
2930 3236 3262 3292 exercituum
3296 3236 3446 3292 misit
3472 3250 3559 3290 me
3582 3231 3649 3288 ad
3683 3240 3760 3288 te.

2163 3303 2232 3359 Et
2264 3306 2558 3380 possidebit
2588 3305 2850 3363 Dominus
2878 3307 3070 3364 Judam
3103 3318 3311 3380 partem
3343 3323 3496 3364 suam
3530 3307 3582 3362 in
3615 3315 3764 3360 terra

2305 3377 2636 3431 sanctificata
2661 3394 2676 3432 :

2234 3455 2289 3502 et
2319 3447 2487 3519 eliget
2508 3448 2684 3506 adhuc
2709 3449 3037 3508 Jerusalem.

2164 3517 2332 3574 Sileat
2353 3517 2528 3574 omnis
2549 3535 2678 3576 caro
2706 3537 2736 3576 a
2761 3521 2900 3577 facie
2927 3523 3173 3578 Domini:

2233 3590 2362 3661 quia
2391 3595 2732 3648 consurrexit
2764 3594 2830 3648 de
2857 3593 3168 3650 habitat-nlo
3196 3601 3388 3650 sancto
3419 3602 3534 3648 tuo.

2165 3659 2318 3732 [Cdp.
2344 3661 2456 3737 illi]
2475 3664 2546 3737 _Et
2568 3665 2802 3720 ostendit
2828 3667 2958 3721 mihi
2993 3666 3257 3722 Dominus
3285 3665 3392 3736 [AL
3426 3674 3531 3717 tae.
3570 3659 3762 3716 Domi—

2309 3734 2436 3806 IIUS]
2456 3734 2652 3810 Jesum
2675 3738 3015 3810 sacerdotem
3039 3734 3294 3810 magnum
3309 3745 3543 3792 stantem
3569 3747 3762 3789 coram

2308 3808 2505 3876 angelo
2536 3807 2787 3864 Domini:

2235 3874 2486 3951 et_S_a‘tan
2518 3879 2698 3935 stabat
2723 3896 2752 3934 a
2783 3880 2990 3936 dextris
3016 3881 3160 3951 ejus,
3185 3889 3245 3937 ut
3269 3879 3656 3936 adversaretur
3684 3874 3758 3931 ei.

2165 3947 2232 4002 Et
2258 3947 2392 4003 dixit
2416 3949 2679 4006 Dominus
2703 3951 2769 4005 ad
2801 3952 2966 4008 Satan
2996 3969 3010 4006 :

2239 4018 2490 4092 Increpat
2520 4021 2784 4092 Dominus
2812 4023 2866 4078 in
2900 4034 2972 4092 te,
3001 4023 3207 4081 Salnn:

2167 4089 2232 4144 Et
2262 4089 2505 4167 increpet
2531 4091 2792 4167 Dominus
2821 4095 2874 4150 in
2902 4089 2975 4162 te,
3001 4095 3096 4167 qui
3125 4097 3289 4166 elegit
3307 4092 3614 4167 Jerusalem
3639 4109 3654 4148 :

2239 4164 2500 4238 numquid
2535 4181 2642 4220 non
2667 4165 2778 4238 iste
2811 4169 2973 4222 torris
2999 4164 3085 4225 est
3105 4164 3294 4224 erutus
3321 4166 3392 4222 de
3421 4165 3583 4238 igne?

2167 4233 2238 4290 Et
2264 4232 2419 4288 Jesos
2445 4247 2563 4291 erat
2591 4235 2811 4293 indutus
2836 4239 3074 4295 vestibus
3099 4238 3370 4296 sordidis:

2237 4313 2294 4381 et
2317 4306 2498 4362 stabat
2525 4319 2650 4381 ante
2675 4307 2870 4381 faciem
2895 4311 3094 4381 angeli.

2172 4375 2275 4444 Qui
2304 4379 2608 4502 ἓρεροηᾱὶι,
2657 4388 2712 4436 et
2741 4380 2815 4436 ait
2844 4383 2912 4438 ad
2939 4375 3035 4439 eos
3081 4382 3175 4455 qui
3201 4381 3418 4440 stabant
3446 4391 3632 4437 coram
3678 4391 3758 4446 se,

2350 4463 2526 4502 lcenS:

2350 4463 2526 4506 ICCDSI

2238 4519 2461 4576 Auferte
2482 4524 2806 4582 vestimenta
2833 4524 3053 4583 sordida
3073 4525 3142 4582 ab
3169 4540 3258 4582 eo.

2087 4557 2137 4619 υ
2165 4557 2393 4647 scas;
2411 4557 2671 4651 usus:

2167 4663 2305 4720 Ecce
2320 4664 2521 4738 abstuli
2551 4681 2581 4721 a
2615 4676 2668 4723 te
2693 4667 3032 4738 iniquitatem
3065 4677 3237 4735 tuam,

2235 4743 2293 4792 et
2318 4737 2467 4792 indui
2499 4748 2551 4794 te
2581 4737 2904 4796 mutatoriis.

2167 4807 2235 4862 Et
2263 4807 2433 4863 dixit:

2237 4878 2429 4934 Ponite
2457 4881 2682 4938 cidarim
2715 4882 2973 4939 mundam
3005 4897 3171 4953 super
3199 4879 3526 4952 caputeius.

2167 4951 2235 5005 Et
2259 4963 2556 5025 posuerunt
2583 4955 2811 5010 cidarim
2839 4951 3092 5011 mundani
3126 4951 3291 5025 super
3311 4962 3474 5024 caput
3503 4951 3647 5024 ejus,

2239 5030 2296 5077 et
2324 5021 2618 5080 induerunt
2640 5042 2763 5082 eum
2787 5027 3060 5094 vestibus;

2237 5102 2293 5148 et
2319 5096 2542 5165 angelus
2571 5097 2784 5152 Domini
2816 5099 3015 5153 stabat.

2164 5163 2232 5240 Et
2259 5163 2668 5240 contestabatur
2700 5170 2924 5240 angelos
2950 5169 3162 5225 Domini
3189 5169 3398 5238 Iesum,
3425 5165 3650 5234 dicens;

2163 5236 2294 5293 Haec
2320 5237 2451 5292 dicit
2492 5239 2758 5296 Dominus
2777 5236 3150 5297 exercituum:

2235 5309 2290 5367 Si
2313 5309 2368 5366 in
2393 5310 2516 5438 eiii.
2537 5309 2675 5393 meis
2704 5312 3089 5383 ambulaveris,
3135 5321 3190 5369 et
3235 5312 3536 5370 custodiam
3583 5323 3758 5367 meam

2309 5396 2404 5438 cus
2430 5395 2463 5438 ο
2505 5396 2660 5438 teris:

2309 5395 2660 5439 οιιδιοαιθτιες

2159 5605 2544 5674 Germanensi;
2588 5607 2641 5664 in
2687 5607 3106 5666 Carcassonensi
3155 5621 3290 5666 vero
3327 5621 3490 5678 supra
3514 5605 3758 5680 icontex-

2162 5692 2270 5736 tum
2303 5688 2357 5734 et
2384 5681 2619 5736 secumla
2663 5696 2846 5736 manu.
2877 5681 3050 5737 Mam.

2233 5748 2259 5788 δ
2289 5747 2422 5804 Cum
2465 5751 2726 5808 Hebraeus
2767 5761 2947 5808 textus
2971 5761 3115 5819 utar.
3158 5760 3267 5807 tum
3304 5751 3397 5806 illo
3427 5751 3666 5822 pressius
3692 5748 3749 5807 S.

2166 5821 2436 5894 lnterpres
2468 5825 2520 5882 in
2549 5822 2975 5898 Commentario,
3009 5823 3144 5881 oruli
3183 5827 3291 5900 ejus
3323 5821 3638 5897 praeferunt.
3663 5849 3686 5897 λ
