4108 6360
324 314 464 377 1065

1425 309 1630 371 LIBER
1667 309 2041 373 ZACHARIZE
2079 308 2495 371 PROPHET/E.

3485 306 3621 371 I066

393 441 454 489 tu
479 442 697 515 quoque
724 425 997 502 judicabis
1025 426 1246 486 domum
1297 441 1474 486 meam
1495 471 1511 498 ,
1565 437 1617 485 et
1642 428 1919 487 custodies
1946 432 2001 493 Α
2024 430 2164 515 Ιξξίιιι2
2199 431 2419 515 domine
2442 429 2536 485 mi.

469 516 606 559 atria
638 518 782 570 mea,

396 585 453 635 et
474 576 615 633 dabo
646 575 744 631 tibi
771 573 1109 632 ambulantes
1138 575 1205 632 de
1233 574 1339 644 his,
1366 574 1457 647 qui
1485 588 1631 632 nunc
1660 573 1749 630 hic
1778 573 1921 629 assi-

471 656 639 705 stunt.

399 719 563 787 Audi,
587 719 737 786 Jesu,
764 719 1023 777 sacerdos
1052 734 1272 791 magne,

400 804 458 849 tu
482 803 536 849 et
564 791 727 848 amiti
757 792 855 858 tui,
888 792 978 863 qui
1012 792 1259 848 habitant
1278 805 1460 848 coram
1488 799 1562 862 te,

469 864 595 937 quia
616 864 719 919 viri
745 864 1133 937 portendentes
1164 872 1311 920 sunt.

328 934 641 997 Ecce'euim
666 951 799 1006 ego:
842 936 1120 991 Adducam
1149 950 1369 991 servum
1399 950 1579 992 meum
1600 934 1893 992 orientem.

329 1011 464 1080 Quia
497 1024 625 1065 ecce
650 1008 809 1077 lapis,
835 1023 994 1078 quem
1021 1007 1144 1063 dedi
1166 1023 1348 1064 coram
1373 1007 1501 1064 Jesu
1528 1024 1542 1063 :

401 1097 563 1153 super
587 1080 819 1153 lapidem
854 1096 1017 1153 unum
1050 1091 1265 1153 septem;
1289 1080 1435 1153 oculi
1465 1086 1618 1153 sunt:

331 1150 483 1212 Ecce
504 1168 603 1224 ego
629 1151 831 1207 caelabo
854 1151 1187 1222 sculpturam
1219 1151 1359 1224 ejus,
1389 1150 1466 1206 ait
1484 1151 1746 1208 Dominus
1768 1165 1928 1209 exero

473 1227 677 1281 cituum
701 1240 714 1276 :

404 1308 460 1354 et
488 1296 730 1353 auferam
761 1292 1103 1366 iniquitatem
1134 1304 1294 1351 terra:
1322 1294 1463 1351 illius
1496 1295 1552 1353 in
1583 1294 1673 1353 die
1695 1310 1827 1352 una.

336 1370 396 1428 In
428 1370 516 1426 die
546 1369 657 1435 illa,
693 1368 825 1423 dicit
845 1367 1108 1423 Dominus
1135 1369 1493 1437 exercituum,

410 1441 631 1497 vocabit
652 1440 734 1494 vir
758 1439 997 1494 amicum
1029 1455 1187 1495 suum
1215 1440 1402 1496 subter
1423 1440 1639 1497 vineam

406 1522 461 1570 et
487 1514 673 1568 subter
698 1510 881 1566 ﬁcum.

336 1584 494 1670 [Cap.
519 1583 651 1712 ΝΞ
675 1583 739 1639 Et
778 1598 1033 1641 reversus
1061 1592 1144 1641 est
1174 1583 1396 1657 angelus
1417 1627 1433 1655 ,
1484 1583 1573 1656 qui
1606 1581 1934 1655 loquebatur

482 1673 534 1712 III
564 1673 614 1712 ιιι
658 1698 673 1712 .

482 1673 534 1712 tn
564 1673 673 1723 me,

412 1737 469 1786 et
517 1728 799 1784 suscitavit
828 1743 936 1799 me,
993 1729 1147 1802 quasi
1177 1730 1352 1787 virum
1403 1727 1495 1800 qui
1528 1727 1824 1785 suscitatur
1866 1724 1936 1783 de

482 1815 675 1857 somno
701 1815 822 1856 SUO.

340 1870 410 1929 Et
435 1873 571 1928 dixit
590 1873 657 1927 ad
692 1888 807 1928 me:

414 1945 552 2014 Quid
584 1953 640 2000 tu
662 1943 849 2001 vides?

341 2013 410 2072 Ει
438 2013 550 2072 dixi
576 2035 588 2069 :

412 2089 546 2155 vidi,
567 2097 622 2145 et
649 2103 782 2146 ecce
804 2087 1194 2146 candelabrum
1217 2102 1443 2145 aureum
1473 2094 1670 2156 totum,

416 2168 473 2216 et
503 2161 710 2232 lampas
736 2160 853 2232 ejus
880 2177 1048 2230 super
1075 2169 1235 2231 caput
1264 2162 1455 2231 ipsius,

418 2242 473 2289 et
502 2243 706 2303 septem
737 2233 974 2289 lucerna:
1004 2234 1121 2305 ejus
1150 2247 1315 2303 super
1340 2232 1468 2287 illud
1492 2247 1508 2286 :

416 2313 443 2342 α
470 2316 525 2361 et
552 2315 763 2375 septem
797 2304 1061 2361 inlusoria
1089 2306 1330 2361 lucernis
1357 2345 1373 2373 ,
1420 2317 1543 2375 quae
1570 2309 1730 2359 erant
1777 2314 1942 2373 super

485 2386 647 2448 caput
673 2377 808 2449 ejus.
986 2448 989 2449 ν
1104 2448 1109 2449 ί
1520 2416 1529 2419 -

347 2447 420 2506 Ει
443 2447 566 2505 dure
597 2447 754 2505 oliva?
788 2463 953 2519 super
981 2448 1153 2505 illud:

417 2536 523 2575 una
563 2536 593 2575 a
619 2521 823 2577 dextris
851 2517 1143 2592 lampadis,
1175 2530 1224 2576 et
1256 2535 1361 2576 una
1393 2534 1422 2575 a
1448 2517 1687 2592 sinistris
1712 2517 1855 2592 ejus.

421 2592 494 2649 Et
523 2592 800 2665 reSpondi,
833 2605 889 2649 et
908 2588 994 2649 aio
1022 2593 1089 2649 ad
1117 2593 1398 2665 angelum,
1422 2593 1512 2665 qui
1542 2590 1867 2664 loquebatur
1887 2588 1943 2646 in

492 2680 600 2734 me,
630 2665 853 2722 dicens:

346 2735 487 2805 Quid
516 2746 641 2792 sunt
668 2737 803 2803 haec,
828 2736 1047 2794 domine
1074 2738 1191 2793 mi?

355 2808 426 2865 Et
453 2809 735 2938 ι’ἒεὲῗὲιὲξι
760 2810 1004 2881 angelus,
1031 2809 1124 2883 qui
1154 2809 1483 2882 loquebatur
1504 2809 1559 2868 in
1590 2821 1699 2878 me,
1727 2814 1782 2865 et
1810 2804 1949 2864 dixit

352 2951 694 3080 Etl‘gumquid
719 2955 896 3010 nescis
917 2951 1044 3027 quid
1073 2962 1201 3011 sunt
1226 2953 1381 3010 haec?

490 3041 559 3080 IX!
580 3043 594 3079 :

490 3041 594 3081 IXI:

426 3095 567 3162 Non,
598 3096 816 3155 domine
838 3098 933 3154 mi.

354 3168 423 3225 Et
447 3170 752 3240 respondit,
781 3178 837 3225 et
865 3171 942 3225 ait
965 3168 1032 3225 ad
1056 3183 1164 3236 me,
1187 3168 1405 3225 dicens:

426 3238 653 3311 Hoe'est
683 3242 909 3298 verbum
944 3241 1156 3296 Domini
1186 3242 1253 3296 ad
1285 3239 1613 3311 Zorobabel,
1644 3238 1867 3296 dicens:

428 3308 456 3350 δ
476 3310 593 3368 Non
628 3314 679 3368 in
707 3315 975 3380 exercitu,
1008 3328 1182 3384 neque
1213 3314 1265 3367 in
1296 3314 1516 3380 robore,

427 3384 523 3455 sed
552 3384 605 3439 in
637 3386 833 3455 spiritu
856 3400 1000 3452 meo,
1034 3383 1167 3440 dicit
1188 3385 1451 3440 Dominus
1482 3383 1840 3441 exercituum.

356 3453 489 3529 Quis
506 3464 589 3529 tu,
615 3453 775 3529 mons
802 3472 1014 3529 magne,
1047 3471 1230 3529 coram
1256 3455 1556 3513 Zorobabel
1581 3457 1633 3511 in
1658 3455 1916 3527 planum?

363 3528 431 3583 Et
453 3527 649 3584 educet
676 3527 912 3597 lapidem
942 3528 1279 3597 primarium,

428 3607 483 3671 et
510 3600 817 3671 exaequabit
840 3601 1066 3671 gratiam
1086 3602 1273 3667 gratiae
1300 3600 1441 3671 ejus.

360 3670 652 3797 Etdfaetum
682 3683 767 3729 est
798 3670 1023 3729 verbum
1050 3671 1265 3727 Domini
1288 3670 1355 3729 ad
1402 3688 1510 3741 me,

468 3757 619 3797 ieens
644 3762 657 3797 :

468 3757 619 3799 tcens
644 3762 657 3799 ε

361 3813 549 3872 Manus
571 3814 871 3873 Zorobabel
907 3814 1508 3873 fundaveruntdomum
1541 3815 1725 3886 istam,
1758 3823 1813 3873 et
1837 3829 1955 3871 ma-

507 3903 608 3943 nus
638 3888 755 3960 ejus
784 3889 1068 3960 perﬁcient
1107 3903 1255 3943 eam:

436 3967 495 4017 et
524 3957 712 4018 scietis
756 3957 879 4032 quia
909 3959 1171 4018 Dominus
1201 3963 1536 4019 exercituum
1569 3960 1715 4018 misit
1755 3974 1845 4017 me
1890 3957 1957 4014 ad

511 4047 626 4089 VOS.

365 4102 498 4172 Quis
519 4106 667 4179 enim
698 4104 948 4179 despexit
971 4104 1360 4179 diesparvos?

439 4185 493 4233 et
517 4178 863 4246 latabuntur,
896 4189 950 4234 et
972 4178 1233 4248 videbunt
1259 4178 1493 4248 lapidem

514 4263 797 4307 stanneum
824 4251 877 4306 in
911 4266 1071 4305 manu
1096 4247 1420 4307 Zorobabel.

370 4320 587 4393 Septem
605 4322 698 4395 isti
730 4323 871 4377 oculi
896 4320 1003 4395 [Αι.
1038 4322 1161 4376 add.
1198 4322 1361 4394 sunt]
1390 4320 1625 4390 Domini,

441 4396 533 4465 qui
563 4393 874 4465 discurrunt
901 4393 963 4465 iu
989 4396 1297 4449 universam
1322 4393 1544 4451 terram.

371 4465 441 4522 Et
461 4463 749 4533 respondi,
775 4476 828 4520 et
858 4463 969 4519 dixi
995 4467 1062 4519 ad
1084 4481 1207 4520 eum
1230 4482 1244 4519 :

443 4536 583 4603 Quid
610 4546 737 4590 sunt
764 4535 885 4590 duae
913 4536 1071 4590 olivae
1102 4538 1241 4599 istae,
1277 4537 1343 4593 ad
1377 4537 1664 4594 dexteram
1705 4535 1965 4593 candela-

520 4607 626 4673 bri,
659 4615 715 4661 et
741 4605 809 4661 ad
838 4606 1113 4661 sinistram
1145 4606 1299 4675 ejus?

375 4679 448 4737 Et
474 4677 731 4748 respondi
761 4678 1025 4746 secundo,
1050 4688 1105 4732 et
1131 4678 1248 4733 dixi
1277 4679 1343 4733 ad
1365 4695 1487 4735 eum
1512 4699 1525 4735 :

447 4751 589 4825 Quid
615 4758 742 4806 sunt
784 4749 906 4805 duae
931 4752 1096 4818 spicae
1133 4750 1424 4818 olivarum,
1456 4768 1576 4825 qua:
1631 4760 1759 4810 sunt
1806 4752 1961 4824 juxta

520 4823 629 4878 duo
653 4832 827 4878 rostra
855 4836 1037 4889 aurea,

448 4895 503 4952 in
525 4894 721 4966 quibus
742 4902 867 4966 sunt
887 4892 1174 4950 sutl‘usoria
1195 4909 1260 4951 ex
1290 4896 1468 4952 auro?

380 4967 447 5025 Et
470 4965 633 5022 ait’ad
661 4982 768 5031 me,
801 4965 1024 5022 dicens:

450 5037 725 5110 Numquid
756 5037 934 5097 nescis
963 5038 1097 5110 quid
1123 5049 1249 5096 sunt
1279 5038 1434 5097 haec?

380 5111 453 5170 Et
474 5111 586 5169 dixi
616 5127 630 5167 :

456 5310 483 5339 ει
508 5299 733 5359 Boetius
762 5300 977 5359 videtur
1006 5300 1065 5358 S.
1101 5300 1221 5370 ipse
1252 5301 1524 5370 interpres
1553 5297 1607 5355 in
1636 5297 1992 5356 Commenta‘

384 5371 468 5429 rlo
496 5373 580 5428 bis
604 5384 835 5445 septem,
864 5376 1048 5444 legere
1076 5391 1092 5429 :
1126 5371 1337 5445 Septem
1360 5382 1447 5445 et
1468 5381 1660 5445 septem
1692 5372 1984 5445 infusoria,

385 5453 499 5501 etc.
550 5444 891 5515 Sic’nempe
934 5448 988 5501 in
1046 5445 1166 5516 ipso
1202 5444 1302 5500 est
1358 5444 1627 5499 Hebraico
1678 5444 1988 5514 exemplari

384 5523 604 5605 fllme
624 5527 813 5584 nimim
834 5524 1003 5583 ΠὩΞΨ
1027 5518 1094 5574 ad
1127 5517 1349 5573 verbum
1389 5526 1581 5588 septem
1605 5524 1655 5570 et
1684 5525 1879 5586 septem
1908 5517 1991 5570 in-

387 5611 622 5683 fusoria,
668 5624 775 5669 etc.
825 5613 1086 5669 Fortasse
1131 5622 1311 5668 autem
1359 5610 1426 5665 ad
1472 5626 1663 5680 grtecze
1723 5610 1990 5683 versionis

389 5681 671 5751 normam,
704 5685 797 5761 ubi
828 5685 996 5741 semel
1024 5692 1147 5753 est,
1178 5687 1267 5761 καὶ
1290 5685 1423 5742 ἔπτὰ
1453 5681 1834 5761 ἐπαρυστρὶδες
1854 5722 1869 5748 ,
1903 5683 1991 5737 hic

391 5770 608 5827 quoque
642 5759 881 5827 positum
909 5768 994 5813 est
1024 5759 1220 5815 semel.

462 5825 740 5899 PSolidus
771 5830 858 5884 hic
901 5845 1122 5893 versus,
1161 5828 1286 5885 Non
1330 5829 1382 5883 in
1419 5827 1689 5894 exercitu,
1734 5842 1897 5899 neque
1937 5827 1993 5881 in

393 5897 578 5958 robore
611 5915 628 5956 :
660 5903 716 5958 in
744 5901 1039 5957 Martiauaei
1071 5902 1310 5958 editione
1338 5900 1544 5959 deerat.
1571 5899 1744 5969 Quem
1773 5897 1993 5971 quidem

689 5996 965 6059 I’nnox.
999 5994 1051 6059 Χ
1069 5993 1296 6057 XVIII.

2027 503 2092 557 Et
2112 503 2282 558 dixit:

2022 573 2116 630 Isti
2144 584 2274 630 sunt
2302 573 2412 629 duo
2457 571 2555 628 ﬁlii
2581 570 2685 628 olei
2721 570 2810 643 qui
2837 570 3098 627 assistunt
3123 568 3461 628 Dominatori
3490 571 3618 627 uni-

2165 661 2338 703 νει-δῖε
2361 655 2542 700 terrae.

2027 714 2423 846 [Cap.tv.‘]i.Et
2449 731 2752 775 conversus
2771 732 2915 791 sum,
2948 726 3003 774 et
3030 715 3206 775 levavi
3227 715 3415 775 oculos
3442 729 3615 788 meos,

2167 807 2197 846 e
2249 806 2300 845 Vl
2348 807 2384 846 I.

2167 799 2223 848 et
2249 799 2384 857 Vidi,

2098 871 2154 920 et
2179 878 2305 919 ecce
2330 861 2585 921 volumen
2605 862 2814 920 volans.

2029 934 2100 990 Ει
2128 936 2264 991 dixit
2290 934 2356 990 ad
2392 950 2512 991 me:

2029 1006 2166 1075 Quid
2198 1018 2251 1061 ιιι
2275 1006 2463 1063 vides?

2030 1080 2100 1133 Ει
2127 1079 2236 1134 dixi
2267 1099 2277 1132 :

2030 1150 2145 1222 Ego
2173 1150 2333 1207 video
2364 1150 2617 1208 volumen
2642 1149 2831 1207 volans
2856 1167 2870 1205 :

2104 1223 2385 1295 longitudo
2411 1224 2529 1295 ejus
2559 1222 2742 1293 viginti
2772 1223 3086 1281 cubitorum
3106 1268 3120 1293 ,

2104 1304 2160 1351 et
2192 1296 2420 1352 latitudo
2451 1296 2570 1366 ejus
2600 1296 2785 1352 decem
2824 1296 3152 1353 cubitorum.

2034 1368 2101 1424 Et
2128 1367 2265 1423 dixit
2290 1368 2357 1423 ad
2380 1384 2467 1423 me
2497 1387 2508 1421 :

2035 1440 2163 1496 Haec
2191 1447 2273 1524 est
2300 1439 2630 1506 maledictio,
2664 1455 2787 1511 qua:
2817 1440 3093 1512 egreditur
3112 1455 3277 1511 super
3294 1439 3485 1497 faciem
3508 1454 3628 1497 om-

2036 1522 2526 1651 Quiandinltiai'srilitr,
2556 1582 2698 1639 sicut
2728 1583 2799 1638 ibi
2829 1585 3089 1654 scriptum
3114 1593 3227 1653 est,
3257 1582 3588 1653 judicabitur
3613 1603 3627 1641 :

2111 1665 2167 1710 et
2197 1657 2375 1711 omnis
2401 1656 2616 1725 jurans,
2645 1670 2715 1710 ex
2747 1655 2851 1711 hoc
2875 1657 3129 1711 similiter
3152 1656 3523 1726 judicabitur:

2040 1726 2280 1783 Educam
2311 1727 2443 1783 illud
2463 1767 2477 1789 ,
2512 1727 2644 1781 dicit
2668 1727 2932 1783 Dominus
2963 1729 3299 1784 exercituum
3331 1745 3345 1782 :

1965 1829 2016 1892 B
2116 1807 2172 1892 ἓξ
2195 1798 2909 1892 Ῡῗ¹ὶίέδξῖἶὲ⁴ἶῗῖ¹ἒῖ¹ἐ¹ἶξῙίξῖίῧ

2113 1879 2168 1925 ct
2193 1871 2258 1925 ad
2281 1870 2500 1925 domum
2524 1868 2757 1939 jurantis
2789 1872 2840 1923 in
2865 1872 3089 1927 nomine
3113 1886 3234 1927 meo
3267 1870 3596 1928 mendaciter
3624 1890 3637 1928 :

2042 1942 2112 1999 Et
2142 1943 2565 1998 commorabitur
2602 1942 2655 1995 in
2683 1941 2861 1995 medio
2890 1942 3110 1997 domum
3140 1943 3276 2011 ejus,

2114 2024 2169 2070 et
2193 2024 2477 2070 consumet
2502 2027 2645 2075 eam,
2675 2024 2728 2096 et
2760 2012 2906 2096 ligna
2925 2016 3042 2096 ejus
3065 2060 3078 2083 ,
3097 2024 3158 2096 _et
3187 2012 3392 2096 lapides
3421 2015 3559 2084 ejus.

2044 2086 2113 2142 Et
2144 2101 2397 2156 egressus
2413 2095 2505 2158 est
2544 2084 2791 2157 angelus,
2818 2085 2907 2155 qui
2936 2085 3256 2158 loquebatur
3285 2086 3339 2141 in
3371 2102 3457 2143 me
3486 2105 3497 2140 :

2116 2168 2172 2214 et
2199 2158 2337 2213 dixit
2360 2157 2426 2213 ad
2458 2172 2573 2213 me:

2044 2230 2185 2289 Leva
2218 2230 2410 2286 oculos
2438 2242 2581 2293 tuos,

2117 2313 2172 2360 et
2203 2303 2324 2359 vide
2346 2301 2475 2373 quid
2498 2310 2581 2358 est
2616 2300 2752 2371 hoc,
2782 2300 2927 2374 quod
2957 2301 3252 2375 egreditur.

2045 2377 2113 2432 Et
2139 2375 2297 2429 dixi:

2046 2448 2312 2517 Quidnam
2343 2453 2426 2503 est
2445 2444 2467 2501 ?

2048 2522 2117 2576 Et
2143 2521 2256 2586 ait;

2047 2592 2177 2648 Ilaec
2205 2602 2290 2647 est
2318 2591 2577 2663 ampliora
2608 2588 2929 2664 egrediens:

2047 2665 2117 2720 Et
2144 2663 2322 2720 dixit:

2101 2675 2117 2719 ι
2144 2674 2322 2720 (ιιιιιιτ

2051 2736 2179 2792 Ilaec
2206 2745 2291 2792 est
2320 2737 2507 2793 oculus
2527 2751 2713 2792 eorum
2737 2737 2790 2791 in
2820 2736 3078 2791 universa
3112 2742 3274 2794 terra.

2050 2809 2120 2865 Et
2144 2823 2271 2865 ecce
2304 2811 2562 2864 talentum
2592 2808 2797 2878 plumbi
2825 2808 3170 2877 portabatur,

2052 2954 2096 3011 Ε
2124 2889 2331 3009 εέρςεθ
2357 2880 2555 2937 mulier
2578 2896 2683 2937 una
2712 2880 2907 2936 sedens
2934 2881 2989 2935 iu
3020 2880 3199 2938 medio
3232 2880 3533 2954 amplior-at.

2105 2967 2123 3008 t
2192 2965 2287 3008 ixit
2314 2972 2324 3006 :

2105 2967 2123 3008 t
2154 2965 2287 3008 amt
2314 2972 2324 3006 :

2053 3027 2181 3082 Ilrec
2208 3037 2293 3081 est
2318 3025 2588 3094 impietas.

2055 3098 2125 3154 Et
2153 3097 2376 3167 projecit
2409 3114 2529 3153 eam
2568 3098 2621 3152 in
2651 3098 2831 3155 medio
2858 3096 3135 3169 ampliora:
3160 3139 3176 3166 ,

2127 3178 2182 3226 et
2208 3171 2355 3225 misit
2385 3184 2619 3223 massam
2648 3171 2958 3241 plumbeam
2993 3170 3045 3224 in
3075 3186 3136 3226 os
3164 3170 3302 3241 ejus.

1978 3225 2025 3293 C
2058 3225 2318 3299 Etlevavi
2346 3243 2535 3296 oculos
2561 3225 2740 3312 meos,
2769 3253 2822 3297 et
2850 3241 2960 3295 vidi
2987 3258 3001 3295 :

2129 3322 2187 3370 et
2218 3329 2348 3441 elece
2387 3314 2509 3368 dua:
2552 3319 2811 3375 mulieres
2842 3313 3216 3384 egredientes,
3245 3322 3300 3371 et
3342 3312 3566 3385 spiritus
3594 3314 3649 3373 in

2200 3402 2229 3441 a
2260 3402 2303 3441 IS
2332 3400 2545 3441 earum.

2200 3400 2303 3442 alis
2332 3400 2545 3453 earum,

2130 3469 2182 3515 et
2216 3457 2485 3513 habebant
2508 3458 2619 3511 alas
2648 3456 2799 3525 quasi
2824 3456 2935 3512 alas
2974 3456 3164 3515 milvi:

2129 3540 2185 3586 et
2214 3530 2536 3585 levaverunt
2578 3528 2893 3599 amphoram
2926 3529 3067 3583 inter
3099 3539 3297 3586 terram
3341 3539 3395 3587 et
3433 3531 3655 3589 coelum.

2057 3603 2125 3659 Et
2151 3603 2259 3657 dixi
2292 3603 2357 3657 ad
2385 3601 2655 3672 angelum,
2692 3600 2783 3672 qui
2814 3600 3133 3671 loquebatur
3164 3603 3217 3658 in
3246 3618 3332 3659 me
3360 3621 3371 3656 :

2060 3674 2179 3743 Quo
2210 3674 2331 3730 ista:
2354 3671 2606 3728 deferunt
2631 3671 2996 3744 amphoram?

2061 3748 2132 3802 Et
2157 3747 2293 3801 dixit
2321 3744 2388 3802 ad
2420 3761 2542 3802 me:

2058 3817 2137 3875 Ut
2163 3818 2461 3873 :edilicetur
2485 3819 2533 3873 ei
2561 3817 2755 3873 domus
2790 3817 2843 3872 in
2872 3824 3017 3873 terra
3047 3816 3322 3889 Senuaar,

2135 3900 2191 3946 et
2219 3890 2524 3961 stabiliatur
2552 3932 2567 3953 ,
2609 3898 2665 3944 et
2684 3899 2921 3960 ponatur
2951 3890 3025 3945 ibi
3064 3907 3231 3961 super
3263 3891 3453 3947 basem
3480 3903 3655 3947 suam.

2064 3960 2227 4036 [Cap.
2258 3960 2472 4036 VI.]AEt
2496 3976 2791 4018 conversus
2811 3977 2957 4030 sum,
2987 3972 3041 4018 et
3063 3963 3233 4019 levavi
3266 3966 3456 4020 oculos
3483 3980 3658 4033 meos,

2206 4043 2264 4091 et
2295 4034 2401 4089 vidi
2428 4051 2440 4087 :

2137 4117 2194 4165 et
2222 4121 2350 4180 ecce
2372 4116 2603 4180 quatuor
2627 4105 2902 4178 quadriga:
2944 4107 3288 4177 egredientes
3320 4107 3387 4165 de
3412 4108 3526 4180 [ΑΙ.
3563 4106 3614 4162 in
3642 4107 3659 4177 J

2207 4179 2389 4234 medio
2417 4178 2643 4234 duorum
2676 4181 2938 4234 montium
2965 4196 2978 4233 :

2140 4260 2196 4309 et
2223 4262 2467 4319 montes,
2501 4260 2715 4306 montes
2740 4251 2892 4306 :erei.

2068 4326 2125 4383 lu
2157 4323 2416 4395 quadriga
2444 4322 2613 4391 prima
2640 4324 2761 4391 equi
2787 4322 2910 4395 ruﬁ,

2142 4392 2195 4452 ei
2220 4396 2273 4451 in
2305 4392 2562 4464 quadriga
2599 4393 2838 4449 secunda
2860 4392 2983 4466 equi
3012 4394 3147 4466 nigri
3176 4436 3192 4462 ,

2142 4478 2197 4524 et
2223 4469 2275 4521 in
2305 4466 2563 4536 quadriga
2592 4466 2750 4520 tertia
2776 4466 2899 4535 equi
2925 4464 3055 4532 albi,

2143 4550 2197 4595 et
2229 4539 2281 4592 in
2310 4538 2569 4607 quadriga
2597 4544 2786 4607 quarta
2815 4537 2939 4607 equi
2969 4537 3103 4592 varii
3136 4537 3321 4595 fortes.

1987 4635 2042 4695 ι)
2073 4612 2141 4667 Ει
2167 4606 2454 4695 respondi,
2487 4618 2542 4663 et
2586 4606 2704 4663 dixi
2744 4607 2811 4663 ad
2867 4606 3165 4680 angelum,
3209 4612 3299 4682 qui
3337 4610 3664 4684 loquebatur

2211 4697 2265 4736 in
2290 4694 2377 4735 me
2402 4695 2417 4738 :

2071 4753 2211 4823 Quid
2234 4762 2359 4807 sunt
2391 4752 2534 4820 lucc,
2563 4750 2782 4807 domine
2813 4751 2912 4807 mi?

2075 4830 2145 4883 Et
2172 4824 2457 4893 respondit
2484 4826 2731 4896 angelus,
2764 4833 2819 4880 et
2847 4825 2924 4879 ait
2952 4824 3017 4880 ad
3052 4841 3169 4881 me:
3252 4871 3257 4879 .

2077 4899 2172 4955 Isti
2196 4904 2322 4954 sunt
2342 4898 2741 4970 quatuorventi
2762 4897 2911 4964 creti,
2935 4897 3025 4970 qui
3048 4898 3420 4970 egrediuntur,
3445 4909 3505 4957 ut
3523 4909 3671 4959 stent

2225 4984 2409 5025 coram
2444 4968 2791 5024 Dominatore
2821 4967 3001 5024 omnis
3031 4967 3207 5025 terrm.

2089 5043 2151 5101 In
2195 5056 2299 5114 qua
2343 5050 2502 5169 elrant
2544 5042 2670 5114 equi
2714 5040 2885 5114 nigri,
2923 5042 3342 5113 egrediebantur
3387 5046 3442 5103 in
3475 5054 3673 5104 terram

2236 5127 2527 5169 auutonts:

2236 5127 2527 5184 aquilonis:

2101 5295 2564 5376 typographorum
2591 5292 2753 5354 facile
2784 5307 2923 5376 puto
2938 5312 3059 5356 esse
3090 5297 3331 5376 lapsum,
3360 5302 3516 5376 cujus
3537 5319 3677 5376 gone

2097 5370 2176 5429 ris
2200 5370 2414 5427 tametsi
2440 5370 2625 5441 plures
2653 5372 3011 5439 occurrerint,
3039 5371 3247 5427 nullum
3276 5372 3388 5430 fere
3416 5370 3681 5433 iudicavi-

2099 5460 2221 5500 mus
2262 5444 2329 5498 ad
2367 5442 2746 5499 destinandam
2784 5444 2901 5510 ejus
2950 5442 3187 5500 nominis
3222 5445 3510 5514 invidiam,
3540 5463 3688 5503 cum-

2100 5518 2232 5572 satis
2258 5516 2359 5570 fuit
2380 5515 2570 5570 lectori
2593 5558 2608 5579 ,
2634 5517 2975 5571 emendasse.
2996 5516 3153 5570 Iiunc
3174 5532 3305 5574 vero
3334 5534 3396 5575 ea
3426 5522 3494 5575 de
3521 5533 3685 5574 causa

2102 5597 2359 5663 notamus
2382 5629 2397 5652 ,
2433 5598 2489 5663 ut
2519 5587 2565 5663 si
2595 5602 2700 5663 qua
2731 5600 2928 5663 nosam;
2957 5586 3127 5663 etiam
3155 5588 3377 5645 editioni
3424 5603 3686 5663 typogra-

2102 5662 2264 5729 pliica
2296 5659 2491 5714 menda
2519 5658 2856 5732 insederint,
2890 5659 2980 5714 det
3006 5662 3222 5716 veniam
3251 5705 3265 5726 ,
3304 5665 3395 5732 qui
3437 5658 3686 5732 graviora

2104 5732 2377 5860 itltlel‘dlllll
2423 5745 2684 5805 peccasse
2720 5730 3083 5791 Parisiensem
3121 5730 3515 5807 typographum
3543 5736 3692 5792 scie-

2104 5819 2149 5860 ri
2182 5844 2197 5860 .
2304 5858 2307 5860 .

2104 5819 2197 5862 ΙῚῐ.
2298 5858 2308 5873 ,

3170 5989 3247 6051 3ft
