4050 6356
435 331 575 390 1067

507 460 564 508 et
584 452 695 508 albi
722 450 927 521 egressi
949 458 1075 507 sunt
1104 455 1228 521 post
1258 461 1354 505 eos
1379 465 1392 502 :

507 533 564 579 et
591 525 725 580 varii
750 520 953 595 egressi
980 520 1119 578 sunt
1138 521 1203 575 ad
1226 528 1430 595 terram
1455 520 1646 595 austri.

436 595 541 663 Qui
564 609 745 651 autem
775 592 928 651 erant
954 592 1347 663 robustissimi,
1382 592 1669 663 exierunt,

438 658 903 794 gteéuumrebant
930 668 1006 723 ire
1029 675 1082 722 et
1106 658 1415 721 discurrere
1437 679 1534 735 per
1556 658 1772 722 omnem
1805 670 2031 722 terram.

575 747 673 794 txlt
701 756 715 794 :

490 746 510 794 t
534 738 673 794 dixit
701 756 715 796 :

435 811 534 878 Ite,
562 809 933 881 perambulate
958 816 1160 864 terram
1187 824 1202 862 :

505 891 561 937 et
590 881 1111 952 perambulaverunt
1137 889 1361 936 terram.

440 954 506 1006 Et
538 948 748 1009 vocavit
775 970 882 1018 me,
908 962 965 1007 et
990 952 1202 1006 loculus
1229 959 1312 1006 est
1332 949 1400 1005 ad
1428 964 1534 1016 me,
1570 948 1756 1007 dicens
1782 967 1797 1005 :

439 1024 581 1080 Ecce
602 1025 693 1094 qui
715 1023 1131 1095 egrediunturin
1157 1033 1358 1079 terram
1372 1021 1665 1092 aquilonis,
1689 1021 2037 1095 requiescere

580 1094 827 1152 fecerunt
856 1096 1105 1166 spiritum
1132 1108 1316 1166 meum
1341 1095 1394 1149 in
1427 1102 1567 1148 terra
1600 1094 1894 1166 aquilonis.

439 1168 504 1221 Et
534 1166 732 1223 factum
765 1176 847 1222 est
870 1165 1095 1222 verbum
1128 1165 1342 1221 Domini
1375 1166 1442 1220 ad
1467 1181 1574 1232 me,
1605 1165 1829 1221 dicens:

434 1238 601 1297 Sume
629 1256 659 1294 a
691 1237 1202 1311 transmigratioue,
1235 1237 1305 1292 ab
1337 1235 1562 1305 lloldai,
1595 1246 1650 1293 et
1677 1252 1706 1291 a
1734 1235 1907 1294 Tobia
1934 1281 1950 1309 ,
1980 1244 2038 1292 et

580 1311 649 1368 ab
676 1311 819 1366 ldaia
847 1328 865 1376 ;

435 1386 503 1442 Et
525 1384 710 1439 venies
742 1393 796 1437 tu
820 1382 876 1437 in
905 1381 997 1437 die
1019 1380 1132 1447 illa,

508 1470 565 1511 et
588 1454 817 1509 intrabis
842 1455 1060 1508 domum
1093 1450 1258 1507 Josim
1282 1493 1297 1520 ,
1339 1451 1435 1507 lilii
1462 1450 1754 1525 Sophoniae
1780 1493 1799 1521 ,
1826 1448 1918 1524 qui
1945 1465 2040 1511 ve-

582 1533 781 1581 nerunt
797 1525 866 1580 de
885 1525 1179 1597 Babylone.

440 1599 507 1655 Et
531 1613 716 1653 sumes
743 1607 1048 1667 argentum,
1082 1607 1136 1651 el.
1163 1610 1392 1650 aurum:

504 1681 563 1727 et
592 1668 758 1725 facies
787 1663 1040 1739 coronas,
1067 1675 1123 1722 et
1148 1680 1319 1738 pones
1349 1667 1403 1721 ili
1430 1667 1610 1739 capite
1631 1666 1787 1738 Jesu,
1814 1664 1911 1723 lilii
1937 1663 2034 1723 Jo-

581 1742 768 1809 sedec,
801 1738 1104 1795 sacerdotis
1134 1740 1311 1808 magni
1336 1755 1351 1804 ;

511 1824 568 1868 et
590 1812 833 1883 loqueris
859 1815 923 1865 ad
952 1826 1099 1879 eum,
1130 1809 1359 1866 dicens:

436 1887 564 1942 Ilzec
590 1881 679 1939 ait
696 1884 959 1939 Dominus
980 1884 1341 1949 exercituum,
1375 1881 1564 1936 dicens
1590 1899 1601 1934 :

438 1959 580 2015 Ecce
603 1954 684 2011 vir
707 1958 892 2011 oriens
919 1967 1117 2010 nomen
1148 1954 1267 2023 ejus
1292 1971 1305 2006 :

507 2037 564 2084 et
590 2027 776 2083 subter
806 2041 929 2083 eum
953 2022 1199 2092 orietur,
1233 2034 1289 2080 et
1319 2022 1613 2080 aadilicabit
1641 2022 1904 2098 templum
1931 2023 2037 2081 Do-

582 2114 749 2154 mmo.

440 2173 506 2229 Et
535 2171 652 2242 ipse
672 2177 917 2242 exstruet
944 2168 1210 2242 templum
1237 2166 1469 2224 Domino
1495 2184 1509 2223 :

511 2240 569 2298 et
598 2248 713 2313 ipse
732 2240 983 2313 portabit
1010 2240 1259 2313 gloriam,

511 2325 567 2369 et
591 2309 804 2368 sedebit
824 2355 837 2372 .
870 2322 925 2367 et
951 2311 1322 2382 dominabitur
1351 2325 1519 2382 super
1548 2309 1689 2368 solio
1719 2323 1820 2369 suo
1845 2328 1859 2367 :

442 2388 507 2442 Et
536 2385 640 2441 erit
666 2384 925 2439 sarerdus
953 2397 1120 2451 super
1149 2381 1289 2435 solio
1316 2381 1438 2441 suo;

511 2470 568 2514 et
594 2455 880 2512 consilium
912 2455 1062 2524 pacis
1086 2454 1192 2508 erit
1220 2453 1362 2508 inter
1392 2454 1515 2509 illos
1542 2453 1701 2510 duos.

439 2531 509 2586 Et
528 2543 745 2601 corona:
768 2535 934 2601 erunt
958 2535 984 2561 η
1002 2526 1285 2601 llelem,_et
1310 2524 1518 2601 T_tlbitl:,
1541 2537 1598 2601 et
1619 2524 1879 2601 ld_aite,_et
1901 2525 2040 2601 Heu,

511 2601 623 2655 lilio
652 2598 968 2669 Soplmnim,
1005 2596 1324 2651 memoriale
1350 2596 1401 2650 in
1436 2598 1638 2669 templo
1666 2598 1897 2655 Domini.

439 2673 510 2728 Et
533 2673 621 2743 qui
654 2667 839 2743 procul
863 2678 1015 2736 sunt,
1040 2669 1283 2734 venient,
1312 2675 1367 2722 et
1388 2667 1739 2725 mdilléabtmt
1760 2671 1815 2724 in
1839 2669 2044 2742 templo

497 2769 507 2778 ε
553 2741 562 2743 “
586 2741 796 2797 Domini
824 2759 836 2794 :

508 2824 566 2871 et
578 2816 764 2870 scietis
786 2812 910 2880 quia
930 2810 1192 2867 Dominus
1212 2810 1555 2868 exercituum
1570 2811 1720 2868 misit
1734 2827 1820 2869 me
1833 2811 1899 2869 ad
1923 2826 2041 2870 vos.

442 2887 555 2942 Erit
585 2897 765 2941 autem
798 2885 934 2951 hoc,

510 2960 554 3014 si
582 2957 767 3012 auditu
789 2954 1074 3010 audieritis
1102 2968 1289 3009 vocem
1324 2953 1542 3010 Domini
1570 2954 1666 3009 Dei
1692 2955 1880 3011 veSIri.

440 3029 605 3103 [ϐᾳρ.
634 3028 743 3082 illi.
768 3024 784 3098 l
813 3030 878 3081 Et
904 3026 1100 3103 factum
1118 3035 1214 3103 est
1234 3028 1287 3103 in
1316 3027 1845 3103 annoquzlrtoDarii
1874 3026 2045 3101 regis,

510 3102 714 3155 factum
745 3097 831 3153 est
857 3099 1082 3153 verbum
1118 3097 1333 3169 Domini
1366 3098 1432 3152 ad
1466 3097 1810 3169 Zachariam,

435 3176 469 3197 ¹”
508 3172 565 3228 in
595 3178 786 3242 quarta
832 3169 1034 3242 mensis
1064 3168 1218 3242 noni,
1246 3169 1450 3242 quiest
1475 3170 1692 3225 Caslcu.

438 3244 507 3300 Et
537 3240 801 3321 miserunt
828 3240 1143 3321 aduentum
1177 3241 1297 3304 Del,
1328 3241 1587 3309 Sarasar,
1619 3251 1675 3297 et
1704 3241 2039 3315 Rogomme-
2070 3249 2118 3321 ς

434 3372 443 3377 _
580 3313 724 3379 lech,
749 3324 803 3367 et
823 3310 927 3367 viri
958 3314 1046 3381 qui
1076 3322 1233 3366 erant
1262 3328 1383 3366 cum
1408 3328 1505 3374 eo,

510 3387 577 3443 ad
603 3385 1004 3455 deprecandam
1031 3382 1226 3455 faciem
1250 3383 1468 3439 Domini
1496 3401 1510 3439 :

371 3456 401 3472 ⁸
442 3458 513 3515 Ut
541 3454 783 3513 dicerent
806 3454 1192 3530 sacerdotibus
1212 3454 1406 3510 domus
1431 3456 1651 3512 Domini
1674 3458 2039 3530 exercituum,

584 3542 637 3586 et
666 3528 968 3599 prophetis,
1001 3528 1284 3596 loquentes
1309 3546 1320 3579 :

440 3600 710 3671 Numquid
736 3599 977 3671 ﬂendum
1010 3599 1248 3671 milliest
1270 3599 1323 3652 iu
1352 3598 1545 3669 quinto
1570 3615 1763 3671 mense
1783 3643 1799 3666 ,

512 3668 615 3729 vel'
641 3670 979 3795 sanc;ilicare
1009 3685 1097 3725 me
1122 3668 1302 3729 debeo
1325 3710 1340 3736 ,
1373 3668 1515 3725 sicut
1557 3670 1664 3727 feci
1698 3673 1811 3741 jam
1856 3672 2045 3731 multis

584 3757 744 3795 annis
936 3764 945 3771 '

584 3757 744 3797 annis
768 3757 789 3795 ἴ
936 3764 945 3771 -

443 3817 511 3872 Et
539 3813 741 3940 fastum
771 3822 853 3868 est
895 3811 1119 3869 verbum
1150 3811 1365 3867 Domini
1406 3813 1746 3870 exercituum
1797 3815 1864 3871 ad
1914 3831 2000 3873 me
2025 3859 2043 3886 ,

626 3899 815 3940 iceus:

440 3899 776 4085 ιοειυὲἓῗξθὲεῗ
799 3925 1015 4011 amnem
1040 3955 1295 4025 ρορυιιιηι
1321 3966 1504 4027 terra,
1528 3965 1582 4013 et
1606 3957 1673 4013 d
1701 3956 2042 4029 sacerdotes,

624 4042 773 4084 ieens
800 4043 816 4083 :
1116 4078 1121 4079 ,

438 4042 941 4174 cumigﬁiiir'ens,
975 4108 1026 4152 el
1068 4097 1393 4174 plangerelis
1422 4099 1478 4155 in
1505 4101 1698 4172 quinte
1728 4111 1780 4157 et
1807 4104 2044 4174 septimo

584 4187 681 4242 per
713 4171 809 4225 hos
837 4171 1181 4242 septuaginta
1208 4184 1419 4225 annos:

508 4240 769 4313 numquid
793 4242 1062 4312 jejunium
1086 4240 1377 4313 jejunastis
1398 4241 1579 4298 mihi?

441 4317 510 4373 Et
535 4312 669 4373 cum
688 4313 1030 4382 comedistis,
1055 4323 1110 4369 et
1137 4312 1391 4380 bibistis;

507 4507 534 4536 ι
560 4494 786 4567 Propria
814 4491 929 4547 lucc
954 4487 1197 4567 nomina,
1222 4485 1463 4557 Helemo,
1496 4486 1693 4557 Tobiw,
1721 4489 1910 4560 Idaitz,
1934 4500 2043 4548 etc.

438 4572 650 4655 ηυγ-βίῃ
673 4564 909 4647 *ῃιιἮΩΒῚ
946 4564 1120 4651 ῠῐτιθ,
1154 4591 1265 4655 etc.
1308 4582 1666 4655 Septuaginta
1714 4583 2045 4650 lnterpretes

434 4653 587 4731 juitta
620 4660 941 4731 Hebraicatn
975 4653 1361 4731 etymologiam
1393 4653 1750 4731 transferunl,
1779 4662 1889 4731 τοῖς
1915 4658 2046 4711 ὐπα-

439 4727 677 4805 μένουσιν
723 4730 907 4805 «urbe,
942 4727 1030 4781 καὶ
1061 4732 1201 4805 Ατοῖί
1237 4728 1524 4805 χρηᾳίμοις
1549 4728 1758 4805 ,αὐτῆθ
1931 4735 2047 4789 τοῖς·

440 4796 739 4860 ἓπινωκόσιν
787 4801 979 4863 αὐτὴν,
1019 4803 1128 4851 etc.
1163 4796 1318 4863 Quod
1354 4797 1519 4867 igitur
1544 4797 1600 4853 in
1649 4814 1760 4853 uno
1803 4798 2047 4854 alterove

442 4892 545 4931 ms.
564 4874 773 4929 invenit
790 4871 1141 4941 Martianans
1163 4870 1253 4941 hic
1279 4868 1547 4941 addition,
1569 4871 1743 4941 eisqm'
1763 4872 2041 4936 amittant,

440 4958 575 5011 etc.,
597 4945 865 5015 glossema
880 4952 980 5015 est
1003 4939 1238 5015 nominis
1262 4938 1451 5015 fidem
1472 4954 1538 4995 ex
1558 4938 1926 5015 septuaginta
1941 4942 2043 5015 de-

438 5010 692 5082 rivatn'm,
720 5032 780 5069 ac
808 5013 1018 5083 pridem
1044 5055 1060 5078 ,
1106 5023 1160 5065 ut
1189 5010 1406 5067 videtur
1429 5051 1444 5074 ,
1477 5010 1777 5081 asotiptum
1819 5011 1875 5070 in
1913 5013 2040 5070 libri

441 5094 714 5157 margine,
742 5085 940 5140 deinde
968 5086 1237 5157 intrusum
1273 5091 1480 5157 temere
1508 5083 1561 5137 in
1590 5092 1821 5145 textum.

511 5152 650 5212 blla
694 5158 882 5212 Canon
930 5152 1468 5209 San~Geruianensis
1513 5164 1697 5210 uoster
1734 5170 1857 5211 cum
1908 5157 2036 5213 aliis

439 5234 693 5286 omnibus
738 5243 867 5281 mss.
915 5226 1195 5281 codicibus
1234 5239 1519 5281 sacrorum
1566 5226 1879 5291 Blblloruul,
1925 5245 2033 5283 uno

439 5312 670 5371 excepto
700 5298 1143 5371 C;ircas50ilensi.
1174 5298 1265 5364 qui
1304 5296 1435 5371 legit
1467 5305 1796 5371 aluerteritnt;
1837 5307 2029 5371 contra

440 5365 593 5447 quod
616 5374 673 5429 ὃ.
706 5371 1066 5447 H_i_eronymus
1085 5369 1272 5424 docuit
1304 5365 1398 5447 lib.
1428 5383 1485 5423 lt.
1503 5365 1809 5447 Comment.
1832 5371 1906 5447 in
1927 5369 2031 5426 Za-

437 5439 700 5505 chariam.
731 5439 927 5498 dicens
953 5462 967 5495 :
995 5439 1125 5495 Cum
1152 5456 1273 5511 ergo
1298 5442 1397 5494 ista
1432 5444 1764 5513 praeceperim
1783 5485 1796 5507 ,
1824 5441 1906 5495 illi
1945 5455 2028 5497 al-

436 5518 647 5574 tendere
669 5515 967 5573 uoluerunt,
997 5521 1047 5566 et
1078 5521 1345 5585 uvertemnt
1371 5513 1645 5585 scopulum
1683 5514 2021 5583 recedentem,

436 5593 539 5647 sive
562 5590 775 5646 dorsum
804 5592 1166 5657 contenmsns;
1194 5600 1261 5638 ea:
1291 5582 1476 5638 habitu
1506 5586 1738 5657 corporis
1773 5601 1885 5639 mea
1920 5587 2019 5640 im-

438 5664 919 5734 periarespuentes.
947 5656 1191 5711 Solemus
1215 5656 1349 5734 sulm
1370 5656 1603 5734 quando,
1636 5661 2021 5734 rugalafronte

435 5727 484 5789 et
524 5727 651 5790 nare
689 5727 974 5795 contracta,
1005 5728 1378 5781 contemnimus
1416 5727 1771 5796 admonentes,
1802 5730 2017 5784 dorsum

433 5816 644 5869 vertere,
665 5807 825 5876 juxta
855 5800 987 5876 illud
1019 5798 1160 5876 guod
1194 5799 1452 5876 scriptum
1481 5809 1556 5854 est
1586 5815 1604 5855 :
1646 5799 1921 5857 Vertertmt
1948 5804 2019 5865 ad

433 5894 514 5940 me
545 5870 703 5935 dorso
732 5886 777 5932 et
806 5890 903 5932 non
928 5871 1085 5948 [acies
1110 5886 1253 5938 suas,
1281 5880 1385 5927 etc.
1413 5870 1588 5927 Mltlt'r.

1359 392 1365 398 ,
1440 329 1500 388 S.
1542 326 1928 387 HIERONYMI
1967 327 2202 387 DIVINA
2242 328 2719 391 BIBLIOTHECA.

2057 453 2115 513 Α
2209 449 2467 517 numquid
2508 466 2615 506 non
2658 447 2809 507 vobis
2829 445 3151 507 comedislis
3175 491 3190 518 ,
3242 452 3299 505 et
3333 445 3746 518 vobismetipsis

2066 1851 2114 1925 Β

3602 328 3745 387 1068

2280 520 2533 577 bibistis?

2135 591 2407 665 Numquid
2438 609 2544 648 non
2574 600 2709 665 sunt
2733 590 2919 660 verba,
2949 607 3071 665 qua;
3117 588 3332 649 locutus
3367 598 3451 648 est
3480 590 3746 648 Dominus

2282 664 2337 720 in
2367 680 2529 719 manu
2558 664 2944 735 prophetarum
2977 664 3247 734 priorum,

2208 752 2330 862 cuin
2362 735 2539 862 :ghuc
2566 735 2874 794 Jerusalem
2924 735 3264 793 habitaretur
3286 776 3301 802 ,
3340 744 3396 791 et
3421 743 3571 792 esset
3604 747 3748 807 opu-

2301 824 2368 862 en
2453 851 2467 862 .

2301 816 2425 864 enta
2453 851 2467 874 ,

2209 879 2411 951 ipsaet
2432 878 2592 935 urbes
2621 877 2750 951 [ΑΙ.
2777 878 2904 934 add.
2938 878 3114 950 illius]
3144 878 3198 935 in
3228 877 3458 951 circuitu
3489 877 3613 947 ejus
3638 922 3662 951 ,ί
3682 886 3743 935 et

2282 949 2350 1007 ad
2380 949 2647 1019 austrum,
2680 955 2813 1007 etin
2844 949 3242 1018 campestribus
3279 949 3623 1006 habitaretur
3645 950 3671 1004 τ

2140 1021 2210 1079 Ει
2241 1021 2442 1077 factum
2462 1032 2544 1078 est
2568 1022 2793 1083 verbum
2815 1023 3029 1079 Domini
3050 1023 3116 1077 ad
3139 1019 3481 1090 Zachariam,
3504 1022 3704 1079 dicens
3729 1037 3746 1075 :

2141 1095 2266 1149 llmc
2292 1094 2368 1149 ait
2402 1094 2662 1149 Dominus
2689 1095 3050 1158 exercituum,
3075 1093 3267 1150 dicens
3293 1111 3309 1150 :

2137 1165 2408 1223 Judicillm
2439 1181 2627 1229 verum
2646 1164 2907 1236 judicale.

2212 1245 2266 1292 et
2290 1233 2717 1307 misericordiam
2749 1247 2803 1291 et
2826 1233 3207 1293 miserationes
3233 1234 3418 1302 facile,
3442 1236 3750 1307 unusquis-

2283 1325 2389 1377 que
2410 1324 2532 1365 cum
2560 1306 2730 1365 fratre
2753 1323 2875 1364 suo.

2140 1380 2211 1437 Et
2240 1381 2457 1435 viduam
2488 1390 2541 1435 et
2573 1380 2833 1450 pupillum
2860 1422 2876 1450 ,
2916 1389 2972 1437 et
2998 1377 3267 1437 advenam
3289 1420 3305 1445 ,
3333 1387 3392 1435 et
3435 1393 3737 1451 pauperem

2284 1453 2451 1508 nolite
2479 1452 2797 1511 calumniari
2824 1468 2838 1504 :

2212 1533 2263 1580 et
2300 1524 2500 1577 malum
2536 1524 2616 1577 vir
2642 1522 2798 1578 fratri
2831 1538 2930 1579 suo
2966 1538 3071 1576 non
3102 1522 3302 1590 cogitet
3327 1520 3381 1577 in
3404 1521 3577 1579 corde
3621 1537 3751 1578 suo.

2141 1596 2211 1654 Et
2235 1595 2530 1722 nollhemnt
2557 1596 2839 1652 attendere
2861 1640 2876 1666 ,
2899 1606 2953 1651 et
2979 1593 3006 1635 ιι
3035 1602 3320 1653 verterunt
3344 1593 3630 1664 scapulam
3669 1607 3753 1649 re—

2283 1681 2346 1722 ce
2387 1678 2601 1722 erilem.

2283 1678 2568 1723 cedentem

2212 1708 2612 1797 et
2640 1745 3095 1811 aggravaverunt,
3121 1751 3190 1792 ne
3214 1734 3490 1792 audirent.

2144 1810 2209 1867 Et
2241 1826 2336 1938 ειῖι·
2364 1826 2524 1866 suum
2557 1807 2853 1881 posuerunt
2884 1818 2942 1865 ut
2968 1807 3341 1876 adamanlem,
3376 1822 3444 1863 ne
3488 1807 3753 1863 audirent

2307 1898 2482 1938 eccm.

2307 1898 2482 1951 egent,

2141 1954 2210 2010 Et
2231 1946 2396 2009 verba
2428 1946 2547 2025 qua:
2596 1953 2745 2009 misit
2776 1951 3042 2025 Dominus
3084 1952 3423 2025 exercituum
3464 1946 3520 2006 in
3552 1949 3755 2021 spiritu

2287 2040 2388 2080 suo
2417 2022 2515 2097 p'er
2538 2041 2758 2081 manum
2795 2024 3181 2094 prophetarum
3214 2022 3482 2097 pijorlun,

2225 2106 2283 2154 et
2321 2092 2459 2152 facta
2506 2105 2595 2153 est
2639 2092 2942 2170 indignatio
2972 2108 3166 2167 magna
3194 2108 3227 2148 a
3259 2092 3489 2149 Domino
3537 2093 3754 2151 exerci-

2286 2179 2459 2224 tuum.

2144 2240 2216 2296 Et
2245 2240 2447 2296 factum
2489 2248 2575 2295 est
2604 2240 2753 2296 sicut
2779 2240 2993 2297 locutus
3029 2246 3145 2304 est,
3177 2246 3235 2292 et
3264 2250 3372 2292 non
3412 2235 3751 2292 audierunt:

2215 2314 2295 2369 sic
2324 2311 2673 2395 clamabunt,
2706 2320 2761 2369 et
2800 2329 2907 2368 non
2955 2310 3241 2373 exaudiam
3265 2347 3283 2377 ,
3315 2307 3448 2369 dicit
3480 2306 3753 2366 Dominus

2290 2392 2652 2439 exercituum.

2147 2454 2217 2511 Et
2244 2455 2472 2524 diSpersi
2499 2470 2593 2511 eos
2625 2470 2718 2524 per
2741 2456 2925 2527 omnia
2949 2470 3136 2527 regna,
3164 2467 3287 2525 quae
3311 2450 3567 2527 nesciunt
3593 2469 3605 2504 :

2216 2536 2275 2583 et
2302 2522 2442 2583 terra
2478 2522 2721 2583 desolata
2749 2536 2835 2582 est
2872 2526 2941 2582 ab
2993 2522 3075 2585 eis
3101 2566 3118 2597 ,
3149 2522 3216 2583 eo
3262 2522 3409 2595 quod
3452 2539 3565 2585 non
3608 2532 3757 2579 esset

2288 2599 2562 2656 transiens
2586 2609 2640 2655 et
2671 2609 2953 2656 revertens
2980 2615 2996 2653 :

2216 2679 2272 2727 et
2298 2679 2598 2742 posuerunt
2638 2679 2846 2742 terram
2886 2668 3306 2742 desiderabilem
3344 2664 3738 2742 in‘deserlum‘.

2146 2735 2489 2816 [CaprllL]
2516 2743 2598 2816 Et
2630 2740 2832 2799 factum
2878 2751 2964 2798 est
3006 2742 3229 2798 verbum
3275 2735 3498 2795 Domini
3532 2737 3753 2797 exerci-

2295 2826 2467 2879 tuum,
2492 2815 2715 2871 dicens:

2147 2882 2277 2941 ilarc
2302 2885 2433 2940 dicit
2464 2884 2724 2941 Dominus
2749 2883 3093 2941 exercituum
3120 2903 3135 2939 :

2148 2955 2371 3012 Zelatus
2396 2972 2517 3012 sum
2547 2956 2676 3014 Sion
2706 2958 2825 3013 selo
2849 2972 3068 3027 magno,

2220 3038 2276 3084 et
2297 3027 2669 3099 indignatione
2711 3044 2905 3099 magna
2931 3028 3137 3084 zelatns
3169 3042 3289 3083 sum
3319 3041 3467 3083 eam.

2150 3099 2278 3155 Htec
2306 3100 2437 3155 dicit
2469 3099 2731 3155 Dominus
2755 3101 3096 3157 exercituum
3122 3117 3138 3155 :
3355 3115 3361 3121 '

2155 3174 2429 3299 llevesrslus
2460 3188 2577 3228 sunt
2608 3172 2677 3228 ad
2718 3172 2884 3240 Sion,
2927 3182 2983 3228 et
3020 3170 3277 3228 habitabo
3306 3171 3360 3226 in
3387 3169 3571 3228 medio
3599 3168 3755 3226 Jeni-

2325 3259 2354 3299 a
2380 3260 2465 3299 em
2495 3259 2509 3299 :
2820 3286 2827 3299 .

2292 3258 2465 3299 salem
2495 3259 2509 3299 ζ
2820 3286 2827 3299 .

2219 3324 2275 3370 et
2303 3314 2585 3370 vocabitur
2612 3312 2910 3371 Jerusalem
2944 3313 3141 3370 civitas
3163 3316 3434 3381 veritatis,

2218 3397 2275 3441 et
2303 3401 2461 3442 mons
2493 3385 2706 3445 Domini
2731 3386 3068 3443 exercituum
3101 3402 3261 3445 mons
3280 3386 3681 3445 Sanctiﬁcatus.

2149 3457 2276 3515 llaec
2306 3458 2438 3513 dicit
2468 3456 2731 3514 Dominus
2764 3458 3098 3513 exercituum
3128 3476 3141 3511 :

2147 3529 2341 3585 Adhuc
2364 3528 2692 3601 liahitabunt
2711 3544 2873 3585 senes
2893 3537 2950 3585 et
2970 3529 3181 3601 anusin
3197 3530 3393 3601 plateis
3412 3528 3755 3601 Jerusalem:

2220 3602 2426 3726 etdvir,
2470 3600 2739 3659 t=bacu|us
2783 3601 2840 3656 in
2887 3615 3051 3656 manu
3078 3599 3209 3672 ejus
3236 3618 3348 3673 pra:
3392 3600 3753 3663 multitudine

2331 3687 2525 3726 terum.

2331 3687 2525 3728 terum.

2152 3745 2218 3800 Et
2241 3747 2429 3812 platea:
2448 3741 3111 3815 civitatiscomplebnntur
3128 3743 3428 3802 infantibus
3452 3754 3511 3800 et
3530 3744 3755 3815 puellis,

2224 3815 2535 3871 ludentibus
2566 3816 2622 3870 in
2655 3814 2844 3884 plateis
2870 3817 3015 3885 ejus.

2152 3887 2278 3944 Haec
2305 3885 2436 3942 dicit
2463 3886 2723 3941 Dominus
2755 3886 3097 3944 exercituum
3123 3904 3141 3947 ;

2152 3962 2207 4018 Si
2252 3956 2895 4031 difficilervidehiluruin
2938 3959 3114 4017 oculis
3163 3958 3520 4031 reliquiarum
3563 3957 3759 4030 populi

2298 4030 2459 4102 hujus
2492 4030 2544 4085 in
2577 4029 2773 4085 diebus
2803 4029 2935 4097 illis,

2228 4100 2493 4173 numquid
2530 4102 2599 4183 in.
2619 4102 2791 4157 oculis
2819 4103 2958 4159 meis
2986 4101 3213 4161 difﬁcile
3236 4101 3373 4165 erit?
3400 4100 3540 4158 dicit
3568 4100 3761 4161 Doni-

2292 4189 2394 4227 nus
2420 4183 2782 4229 exerentuuul.

2150 4245 2276 4301 lltec
2297 4244 2426 4300 dicit
2455 4244 2718 4299 Dominus
2739 4245 3082 4301 exercituum
3108 4265 3123 4302 :

2152 4318 2293 4373 Ecce
2321 4331 2424 4389 ego
2461 4316 2682 4373 salvabo
2708 4315 2970 4389 populum
3002 4332 3183 4379 meum
3222 4314 3296 4376 de
3326 4324 3471 4375 terra
3493 4315 3759 4386 orientis,

2234 4501 2257 4531 ο
2291 4490 2511 4547 Phrasis
2541 4489 2787 4559 Hebraea,
2817 4505 2979 4560 quam
3008 4492 3247 4548 retinent
3275 4492 3465 4548 Callon
3486 4490 3759 4548 Ecclesiae

2155 4562 2647 4626 Carcassonensis,
2699 4574 2756 4618 et
2808 4579 2915 4620 ms.
2968 4564 3146 4620 codex
3218 4564 3756 4619 Commentariorum

2157 4639 2213 4707 5.
2244 4635 2556 4707 Ilieronynii
2586 4635 2639 4690 in
2659 4636 2900 4690 minores
2920 4639 3245 4705 proﬂictas,
3261 4636 3352 4707 qui
3378 4644 3487 4689 tam
3512 4637 3758 4689 admira-

2079 4703 2127 4765 D
2155 4706 2245 4763 bili
2270 4703 2545 4776 diligentia
2575 4703 3001 4776 exscriptusest,
3029 4703 3085 4761 ιιι
3112 4703 3294 4762 totum
3314 4714 3636 4763 contextum
3662 4720 3758 4760 sa-

2157 4794 2309 4835 crum
2358 4778 2632 4837 minorum
2682 4778 3111 4848 Prophetarum,
3161 4792 3298 4847 quos
3338 4778 3752 4849 complectitur,

2156 4852 2306 4920 prius
2350 4851 2651 4905 secundum
2684 4855 2963 4905 veritatem
2997 4851 3345 4917 llebraicam,
3377 4851 3503 4905 dein
3549 4863 3754 4917 secun-

2154 4926 2281 4999 dum
2308 4920 2448 4977 LXX
2493 4920 2849 4999 [interpretum
2879 4922 3322 4999 translationem,
3357 4924 3411 4976 in
3454 4920 3645 4999 fronte
3682 4920 3754 4975 li-

2155 4996 2374 5050 brorum
2402 5004 2771 5061 repraesentet.
2809 4993 3099 5063 Egregium
3130 4993 3276 5050 istud
3307 4992 3598 5062 exemplar
3629 5006 3753 5047 ma-

2151 5068 2491 5134 nuseriptum
2534 5064 2601 5119 ad
2651 5080 2750 5118 nos
2788 5067 3167 5123 transmissum
3203 5073 3290 5120 est
3331 5080 3365 5121 ο
3410 5063 3753 5119 ιιιθιιειςιετίο

2151 5147 2339 5192 nostro
2360 5137 2418 5192 S.
2452 5135 2632 5191 Albini
2649 5136 3078 5207 Audegavensis,
3104 5137 3191 5191 ubi
3219 5143 3402 5191 exstat
3426 5137 3608 5190 adhuc
3629 5148 3745 5191 non

2144 5210 2336 5280 exigua
2370 5207 2858 5280 mss._voluminum
2887 5208 3067 5276 copia,
3096 5223 3217 5277 quae
3244 5208 3460 5263 labores
3484 5209 3747 5280 antiquo-

2142 5278 2262 5334 rum
2312 5278 2742 5345 monachorum,
2790 5294 2855 5334 ac
2903 5279 3160 5333 invidiam
3207 5281 3404 5350 prodat
3454 5279 3747 5335 oblocuto-

2142 5367 2262 5405 rom
2296 5350 2453 5421 hujus
2481 5351 2763 5419 temporis.
2800 5356 2863 5405 At
2902 5360 2957 5404 ut
2992 5350 3064 5421 ad
3095 5351 3373 5421 superiora
3416 5350 3716 5407 redeamus

2140 5437 2334 5478 sensus
2347 5389 2828 5492 indelurli’quidior
2854 5425 2905 5476 in
2932 5389 3052 5476 aliis
3072 5389 3749 5493 msgfcodicibt‘isflcgnni

2136 5496 2283 5550 enim
2312 5517 2326 5551 :
2368 5493 2436 5548 Et
2465 5494 2562 5547 viri
2593 5495 2809 5547 barnlus
2840 5494 2894 5547 in
2921 5509 3077 5566 inanti
3104 5495 3220 5566 ejus
3256 5509 3367 5563 pra:
3395 5492 3745 5551 multitudine

2134 5566 2354 5622 dierum.
2379 5565 2534 5635 Quod
2565 5568 2742 5620 minus
2771 5565 2912 5635 sapit
2939 5564 3264 5619 Hebraicnm
3292 5565 3519 5633 idioma,
3550 5580 3737 5634 quam,

2127 5641 2211 5692 llic
2240 5640 2337 5704 vir,
2365 5638 2580 5693 baridos
2606 5641 2662 5691 in
2688 5652 2845 5690 manu
2872 5639 2986 5709 ejus
3005 5646 3148 5709 Ἀιλιι).
3179 5637 3234 5690 ω
3262 5650 3392 5692 vero
3425 5637 3581 5705 juxta
3606 5651 3737 5707 pro-

2129 5711 2411 5778 prietatem
2434 5712 2629 5781 linguae
2646 5709 2855 5769 {Atinas
2871 5706 3161 5779 sigillﬁcul,
3183 5709 3326 5781 quod
3360 5706 3742 5781 unusquisque

2125 5783 2352 5913 benebint'
2367 5779 2618 5837 baculum
2648 5781 2707 5838 in
2745 5796 2910 5838 manu
2934 5794 3033 5838 sua
3074 5779 3437 5854 praediorum
3481 5779 3735 5837 multitu-

2166 5869 2272 5913 me.
2358 5869 2486 5913 utr.

2166 5869 2272 5915 me.
2306 5869 2486 5917 ιωιτ.
