4108 6360
337 321 475 388 1069

406 451 454 494 et
487 439 554 496 (l0
577 447 718 496 terra
748 452 976 496 occasus
1003 437 1156 493 solis.

335 511 405 568 Et
428 513 691 565 adducam
720 525 838 574 eos,
863 520 916 565 et
945 511 1269 568 balntabnnt
1297 509 1348 568 in
1377 511 1556 566 medio
1583 512 1892 569 Jerusalem
1922 531 1933 566 :

407 593 461 638 et
487 600 534 635 et
553 592 648 638 unt
669 583 797 638 inibi
830 589 878 636 in
905 584 1185 652 pupulum,

405 666 458 710 et
493 671 592 718 ego
623 669 720 708 ero
752 655 832 710 eis
867 654 916 708 in
953 654 1151 718 Deum,
1178 657 1232 709 in
1264 655 1496 713 veritate
1524 665 1578 712 et
1602 655 1837 725 justitia.

337 727 464 786 ilice
488 727 616 788 dicit
647 726 692 779 D
717 725 912 780 uninns
942 727 1284 782 exercituum
1313 744 1326 779 :

330 799 726 858 Cettfortentnr
758 813 948 852 manus
978 806 1194 865 vestrm,
1221 801 1308 866 qui
1335 798 1534 855 auditis
1558 799 1608 854 in
1634 798 1823 855 diebus
1852 798 1936 855 his

401 910 409 924 .
479 884 762 926 sermones
794 871 924 924 istos
948 887 1042 939 per
1063 884 1126 926 os
1156 871 1574 939 prophetarum,

405 942 458 996 in
488 944 576 997 die
605 958 709 1010 qua
736 941 950 996 fundata
980 951 1062 995 est
1091 942 1284 996 domus
1315 940 1532 998 Domini
1555 944 1894 1000 exercituum
1915 984 1934 1012 ,

476 1025 536 1068 ut
567 1015 825 1084 templum
853 1012 1234 1068 aediﬁcaretur.

331 1085 608 1157 Siquidem
632 1083 757 1140 ante
779 1083 896 1140 dies
927 1085 1051 1154 illos
1084 1101 1294 1142 merces
1331 1083 1608 1144 hominum
1639 1103 1746 1143 non
1775 1096 1893 1142 erat
1917 1129 1932 1153 ,

474 1171 575 1213 nec
601 1170 815 1212 merces
836 1157 1208 1223 jumentornm
1237 1165 1385 1221 erat;

330 1228 520 1303 Neque
555 1230 853 1284 imroeunti
905 1239 957 1284 et
1003 1228 1224 1284 exeunti
1263 1239 1382 1284 erat
1417 1244 1518 1302 pax
1568 1246 1676 1300 pra:
1709 1230 1936 1287 tribula-

477 1313 620 1356 lli;nt}
647 1345 661 1369 ,

406 1383 459 1426 et
491 1367 668 1446 dimisi
712 1386 900 1446 omnes
942 1367 1222 1441 homines,
1259 1388 1700 1444 unumquemque
1741 1383 1933 1430 contra

477 1445 777 1514 proximum
813 1461 992 1501 suum.

331 1513 485 1572 Nunc
509 1524 685 1570 autem
721 1532 826 1568 non
859 1513 1012 1586 juxta
1041 1516 1154 1570 dies
1185 1516 1395 1585 priores
1423 1533 1522 1586 ego
1567 1516 1760 1574 faciam
1808 1517 1935 1573 reli-

515 1532 685 1570 Mileti!
721 1532 826 1568 non
888 1532 1012 1570 uxta
1041 1532 1154 1570 utes
1185 1532 1395 1585 priores
1423 1533 1522 1586 ego
1567 1532 1760 1574 tactam
1808 1532 1931 1573 rett-

515 1587 618 1642 uiis
648 1587 831 1657 popu'i
859 1532 1022 1656 iiujus
1049 1631 1060 1653 ,
1096 1585 1229 1644 dicit
1259 1588 1522 1650 Dominus
1570 1591 1931 1656 exercituum,

410 1659 504 1714 sed
534 1675 718 1714 semen
745 1659 891 1728 pacis
919 1663 1021 1712 erit
1057 1677 1069 1712 :

332 1730 504 1787 Vinea
535 1731 684 1784 dabit
717 1731 944 1784 fructum
978 1745 1167 1799 suum,

399 1811 456 1858 et
487 1812 627 1860 terra
659 1802 807 1858 dabit
834 1817 1059 1870 germen
1086 1819 1266 1869 suum,

401 1885 454 1928 et
486 1873 608 1928 coeli
638 1872 843 1928 dabunt
869 1890 1049 1927 rorem
1079 1889 1258 1942 suum,

399 1956 455 2001 et
479 1946 760 2018 possidere
789 1945 978 2000 faciam
1003 1946 1261 2015 reliquias
1284 1946 1466 2016 populi
1489 1944 1652 2018 hujus
1677 1945 1929 2004 universa

475 2017 608 2073 lucc.

331 2089 394 2144 Et
426 2091 526 2142 erit
559 2107 572 2141 :

400 2161 542 2215 sicut
569 2159 736 2232 eratis
776 2159 1094 2232 maledictio
1133 2161 1185 2216 in
1231 2161 1521 2232 gentibus,
1552 2161 1747 2224 domus
1789 2161 1928 2220 Juda

471 2242 524 2286 et
552 2231 745 2286 domus
774 2230 938 2284 Israel
976 2248 987 2283 :

400 2304 480 2359 sic
506 2304 727 2358 salvabo
755 2317 871 2371 vos,
899 2311 954 2358 et
980 2304 1133 2360 eritis
1166 2301 1478 2364 benedictio
1514 2324 1524 2358 :

327 2372 508 2429 Nolite
531 2375 741 2438 timere,

398 2447 772 2501 conforleutur
799 2462 992 2499 manus
1024 2455 1244 2502 vestrm.

327 2515 459 2584 Quia
494 2519 609 2572 haec
639 2519 770 2572 dicit
802 2517 1066 2574 Domitius
1093 2519 1430 2575 exercituum
1463 2537 1478 2572 :

326 2587 480 2644 Sicut
508 2590 758 2658 cogitavi,
794 2600 851 2644 nt
875 2592 1170 2659 al'tligerem
1201 2607 1318 2660 vos,
1348 2606 1470 2646 cum
1496 2589 1562 2645 ad
1589 2589 1924 2658 iracundiam

472 2673 862 2728 provoCassent
909 2679 992 2715 tne
1030 2674 1208 2731 patres
1239 2663 1428 2729 vestri,
1474 2663 1606 2719 dicit
1640 2659 1922 2730 Dominus,

401 2741 458 2786 et
491 2749 598 2786 non
627 2749 742 2786 sum
774 2741 1048 2787 llllSCI'iUS.

325 2799 415 2860 Sic
439 2819 737 2859 conversus
768 2805 1003 2873 cogitavi
1038 2806 1088 2858 in
1112 2803 1304 2861 diebus
1337 2803 1481 2874 istis,
1509 2817 1563 2862 ut
1585 2805 1922 2866 benefaciam

399 2886 447 2928 et
482 2875 812 2944 Jerusalem,
847 2889 898 2932 et
927 2875 1114 2934 domui
1143 2876 1280 2936 Juda
1316 2895 1329 2932 :

401 2949 564 3002 nolite
596 2948 810 3002 timere.

326 3015 454 3089 [iam
485 3029 606 3082 sunt
640 3036 769 3089 ergo
802 3019 987 3083 verba,
1021 3037 1138 3088 quae
1161 3019 1392 3082 facietis.

326 3085 406 3142 L0
429 3089 634 3154 μιὶιιιίιιί
661 3085 940 3144 véritatem
967 3085 1338 3162 unusquisque
1358 3107 1480 3146 cum
1507 3091 1758 3161 proximo
1779 3109 1880 3150 suo
1906 3112 1918 3148 :

401 3162 682 3217 veritatem
715 3175 763 3217 et
788 3163 1052 3232 judicium
1080 3166 1225 3234 pacis
1252 3165 1496 3230 judirate
1525 3163 1578 3220 in
1613 3166 1780 3233 portis
1803 3182 1921 3221 ves-

470 3235 590 3288 tris.

329 3301 397 3359 Et
426 3305 793 3373 unusquisque
821 3307 1019 3361 malum
1049 3316 1240 3362 contra
1271 3308 1504 3374 amicum
1540 3323 1696 3368 suum
1729 3325 1797 3366 ne
1829 3323 1920 3364 co-

465 3377 654 3460 gitetis
684 3375 743 3460 in
766 3377 1036 3460 cordibus
1054 3379 1291 3460 vestris;

397 3456 452 3502 et
476 3449 843 3521 juratnentum
878 3449 1110 3504 mendax
1147 3466 1211 3503 ne
1239 3449 1480 3521 diligatis
1512 3469 1523 3504 :

397 3521 577 3594 ontpia
608 3520 753 3580 enim
785 3521 902 3594 haec
928 3530 1200 3594 sunt_quae
1228 3520 1507 3594 odi,’_dicit
1530 3523 1816 3582 Dominus.

328 3587 397 3644 Et
429 3585 632 3665 factum"
660 3603 743 3646 est
783 3589 1007 3648 verbum
1050 3585 1263 3646 Domini
1313 3585 1655 3651 eitercituum
1696 3595 1765 3651 ad
1807 3609 1914 3665 me,

473 3663 660 3718 dicens
694 3681 706 3717 :

327 3731 450 3788 llaec
481 3735 608 3788 dicit
640 3733 900 3790 Dominus
926 3738 1260 3794 exercituum
1294 3754 1308 3794 :

323 3804 594 3878 Jejunium
625 3808 824 3878 quarti,

401 3888 453 3930 et
477 3873 740 3944 jejunium
772 3877 968 3948 quinti,

399 3957 452 4003 et
471 3948 740 4034 jejuuittttt
773 3950 1008 4034 septimi.

397 4027 450 4072 et
469 4020 730 4091 jejunium
761 4020 982 4086 decimi,

395 4101 452 4146 et
480 4094 586 4146 erit
613 4094 790 4148 domui
820 4092 958 4148 Juda
995 4093 1047 4148 iu
1077 4093 1338 4164 gaudiqu
1366 4105 1422 4152 et
1449 4094 1716 4163 laetitiam,

398 4173 450 4236 et
472 4164 522 4217 in
545 4164 915 4222 solemnitates
945 4168 1236 4236 praeclaras
1267 4185 1278 4220 :

327 4233 620 4311 Yeritatetn
649 4246 853 4311 tantum
885 4233 1149 4311 et’paeein
1179 4237 1412 4311 diligite.

305 4306 454 4375 ilice
486 4306 613 4368 dicit
649 4307 906 4364 Dominus
931 4309 1268 4364 exercituum
1283 4306 1315 4367 *ς

329 4376 619 4447 Usum-quo
647 4382 861 4435 veniant
887 4381 1090 4450 populi,

395 4457 450 4503 et
481 4451 723 4504 habitent
756 4454 809 4504 itt
840 4453 1151 4506 civitatibus
1185 4453 1394 4520 multis,

395 4529 450 4573 et
478 4521 674 4574 vadant
710 4523 1063 4580 habitatores.
1094 4540 1232 4577 unus
1263 4527 1326 4578 ad
1355 4527 1590 4586 alterum
1623 4528 1868 4584 dicentes
1895 4547 1907 4586 :

326 4591 540 4647 Eamus.
569 4599 622 4643 et
645 4592 1000 4657 depretemur
1033 4596 1221 4647 faciem
1256 4596 1490 4661 Domini,

397 4670 451 4713 et
477 4677 591 4735 qua»
603 4679 783 4718 ramus
807 4663 1096 4718 Dominum
1123 4671 1495 4735 exercituum;

399 4732 586 4806 vadatn
613 4746 774 4789 etiam
795 4750 915 4806 ego.

331 4802 395 4858 Et
431 4805 650 4877 veniunt
680 4802 856 4873 populi
884 4805 1060 4870 qulti,
1095 4817 1150 4862 et
1175 4818 1362 4877 gentes
1390 4811 1646 4872 robustae.

398 4875 465 4932 ad
483 4878 1144 4954 quierendumDominum
1159 4875 1490 4954 exercituum
1513 4884 1564 4938 iu
1581 4883 1912 4954 Jerusalem,

473 4956 528 5020 et
548 4950 947 5020 deprecandam
981 4950 1170 5005 faciem
1195 4947 1431 5008 Domini.

329 5016 455 5074 llrc
477 5018 604 5076 dicit
621 5016 896 5078 Dominus
923 5025 1252 5078 exercituum
1279 5041 1292 5077 :

331 5088 388 5144 In
421 5091 612 5146 diebus
643 5093 768 5160 illis,
806 5095 859 5148 in
888 5093 1084 5164 quibus
1132 5095 1544 5165 apprehendent
1585 5097 1771 5154 decem
1813 5098 1914 5154 bo-

471 5165 737 5237 miuesex
767 5169 1019 5237 omnibus
1047 5165 1244 5235 linguis
1265 5168 1528 5237 gentium,

399 5241 453 5288 et
483 5235 890 5309 apprehcudcnt
927 5235 1194 5301 ﬁmbriam
1234 5235 1332 5294 viri
1378 5235 1572 5309 Judaji,
1614 5238 1860 5304 dicentes
1893 5259 1908 5299 :

327 5303 529 5359 Ibimus
556 5303 841 5363 vobiscum
875 5317 895 5362 ε’

400 5377 706 5444 attdivimns
738 5381 883 5435 enim
916 5381 1170 5448 quoniam
1205 5381 1343 5437 Deus
1376 5383 1650 5438 vobiscum
1673 5393 1775 5440 est.

337 5443 499 5522 [C01].
521 5443 638 5520 IX]
661 5450 806 5505 Onus
840 5443 986 5505 verbi
1019 5451 1230 5507 Domini
1265 5457 1315 5508 in
1351 5464 1488 5509 terra
1521 5455 1761 5522 Adraclt,

403 5531 456 5574 et
485 5521 727 5576 Damasci
764 5525 964 5592 requiei
997 5523 1115 5592 ejus
1143 5542 1156 5578 :

403 5596 526 5718 qui?
568 5594 776 5718 DOIIIIilti
809 5605 889 5718 est
936 5598 1127 5651 oculus
1165 5596 1422 5666 hominis,
1462 5608 1516 5654 et
1543 5597 1788 5654 omnium
1825 5598 1921 5655 tri-

514 5681 635 5718 Iltllll
691 5681 813 5718 srae
840 5707 852 5718 .

514 5681 635 5718 unm
671 5670 852 5721 Israel.

1449 321 1653 382 LIBER
1692 320 2067 382 ZAClIARIE
2107 320 2520 380 PROPllETjE.

1967 446 2017 503 Α
2049 437 2242 494 Etnath
2270 455 2485 509 quoque
2516 438 2570 492 in
2599 438 2846 515 terminis
2868 438 3310 515 ejus,get’l’yrus,
3341 453 3398 500 et
3421 445 3590 505 Sidon
3618 468 3630 480 ·

1940 4639 1990 4708 D

3500 326 3638 387 i070

2117 521 2529 580 assmnpscru.:t
2558 512 2754 579 quippe
2787 511 2886 566 sibi
2918 511 3238 579 sapientiam
3275 517 3449 572 valde.

2041 580 2111 636 Et
2131 582 2416 636 aediﬁcavi:
2444 583 2618 653 'l‘ytus
2647 585 3008 638 munitionem
3036 600 3210 651 snam,

2111 663 2167 709 et
2209 656 2553 729 coacervavit
2581 667 2864 724 argentum
2895 656 3048 728 quasi
3080 658 3328 729 humum,
3358 671 3415 716 et
3441 677 3634 719 aurum

2187 735 2245 780 ut
2276 727 2445 780 lutum
2480 726 2801 793 platearum.

2040 795 2183 852 Ecce
2217 797 2478 852 Dominus
2511 797 2809 868 possidebit
2835 813 2920 864 ea,

2076 909 2080 916 .
2113 879 2167 923 et
2188 871 2458 945 percutiet
2486 870 2538 945 _in
2570 873 2718 945 mari
2739 872 3112 930 lortitudinem
3143 873 3282 945 ejus,

2112 950 2166 993 et
2188 940 2309 1012 hac
2329 941 2435 1012 igni
2466 941 2839 997 devOrabitttr.

2039 1008 2256 1084 Videbit
2286 1008 2518 1068 Ascalou
2551 1025 2603 1084 et
2631 1013 2861 1084 timebit,

2110 1092 2163 1136 et
2185 1081 2348 1148 Gaza,
2377 1094 2431 1142 et
2458 1083 2665 1140 dolebit
2695 1081 2878 1151 nimis,

2109 1165 2162 1208 et
2185 1154 2455 1234 A_c_c_aron,
2489 1158 2747 1234 quoniam
2781 1158 3006 1216 confusa
3029 1169 3115 1217 est
3143 1173 3270 1234 Spes
3302 1163 3460 1234 ejus:

2037 1223 2106 1280 Et
2137 1227 2334 1294 peribit
2363 1243 2455 1282 rex
2483 1228 2549 1283 de
2579 1227 2742 1294 Gaza,

2108 1308 2163 1352 et
2186 1298 2414 1354 Ascalon
2448 1317 2553 1354 non
2585 1300 2937 1359 habitabitur.

2037 1366 2103 1426 Et
2133 1370 2346 1426 sedebit
2377 1381 2663 1441 separatur
2694 1372 2746 1426 in
2775 1372 2968 1437 Azoto.

2108 1451 2162 1494 et
2192 1442 2503 1510 disperdam
2535 1446 2844 1512 superbiant
2880 1446 3318 1503 Philistinornm.

2039 1510 2106 1566 Et
2132 1513 2370 1587 auferam
2400 1510 2718 1583 sanguinem
2748 1520 2866 1584 ejus
2897 1521 2964 1573 de
2994 1537 3088 1574 ore
3117 1525 3261 1587 ejus,

2107 1597 2159 1637 et
2195 1585 2630 1664 :i_ltOtttinatii»ti_cs
2651 1587 2770 1664 ejus
2795 1590 2863 1664 de
2894 1591 3076 1646 medio
3108 1585 3352 1648 ilezttium
3383 1594 3498 1664 ejus
3528 1613 3542 1651 :

2041 1653 2110 1709 Et
2141 1659 2477 1732 rclinqueur
2500 1653 2817 1732 etiamipse
2839 1660 2948 1717 Deo
2980 1675 3188 1732 nostro,

2107 1738 2159 1780 et
2191 1728 2294 1780 erit
2325 1729 2477 1798 quasi
2502 1729 2610 1784 dux
2642 1731 2691 1783 in
2717 1730 2877 1793 Juda,

2106 1807 2159 1852 et
2192 1798 2436 1854 Accaron
2469 1801 2623 1867 quasi
2651 1801 2952 1861 Jebusuuis.

1958 1839 2008 1904 Β
2036 1867 2101 1928 Et
2141 1870 2492 1928 riteuunlabo
2526 1873 2746 1927 domum
2791 1891 2948 1928 mean

2141 1870 2492 1950 citentutlabo
2526 1873 2746 1927 domum
2791 1891 2966 1930 meam
3021 1893 3087 1932 ex
3121 1877 3225 1942 bis,
3265 1882 3358 1950 qui
3398 1881 3632 1939 militant

2181 1943 2310 1995 mihi
2342 1953 2532 2013 euntes
2563 1954 2616 1998 et
2649 1955 2986 2002 revertentes
3007 1989 3022 2013 ,

2106 2021 2160 2069 et
2183 2029 2288 2094 non
2316 2012 2567 2094 transibit
2590 2016 2728 2094 ultra
2758 2032 2919 2087 super
2936 2012 3028 2074 eos
3056 2030 3311 2078 exactor:
3341 2021 3472 2094 quia
3490 2039 3632 2082 nunc

2172 2085 2278 2138 vidi
2316 2085 2367 2138 in
2397 2086 2569 2144 oculis
2600 2088 2754 2142 meis.

2031 2156 2252 2212 Exsulta
2278 2159 2434 2214 satis.
2469 2155 2574 2211 ﬁlia
2605 2159 2757 2226 Sion,

2100 2229 2296 2300 jubila,
2329 2228 2436 2282 lilia
2465 2229 2766 2285 Jerusalem
2803 2249 2817 2285 :

2030 2299 2172 2356 Ecce
2202 2316 2291 2356 rex
2325 2308 2446 2360 tuus
2479 2305 2657 2356 veniet
2689 2301 2779 2357 tibi
2806 2305 3008 2371 justus,
3041 2313 3097 2361 et
3125 2305 3362 2364 salvator
3394 2326 3409 2365 :

2105 2375 2216 2442 ipse
2247 2385 2553 2456 panperhitu
2582 2377 2886 2455 ascendens
2913 2392 3077 2448 super
3111 2380 3347 2450 asinum,
3376 2392 3430 2438 et
3467 2395 3635 2456 super

2211 2445 2414 2512 pullum
2448 2445 2617 2499 lilium
2648 2447 2836 2501 asinae.

2031 2515 2098 2570 Et
2128 2517 2433 2598 dispertiunt
2466 2517 2780 2584 quadrigam
2813 2533 2882 2574 cx
2915 2518 3202 2598 Epitraim,
3236 2533 3291 2580 et
3319 2540 3518 2598 equum
3562 2526 3631 2584 de

2173 2588 2474 2646 Jerusalem
2496 2631 2509 2654 ,

2101 2669 2153 2711 ct
2185 2659 2549 2726 dissipabitur
2577 2674 2736 2716 arcus
2765 2661 2893 2716 belli
2929 2680 2942 2716 :

2031 2729 2093 2784 Et
2133 2732 2381 2800 loquetur
2415 2746 2597 2798 paceni
2628 2732 2906 2800 gentibus,

2099 2812 2154 2858 et
2181 2813 2423 2879 potestas
2443 2802 2564 2879 ejus
2595 2819 2622 2854 τι
2653 2805 2788 2859 mari
2822 2820 2990 2879 usque
3018 2809 3084 2864 ad
3113 2822 3291 2879 mare,

2101 2885 2154 2928 et
2182 2891 2211 2928 a
2242 2873 2558 2930 ﬂuminibus
2592 2889 2762 2945 usque
2793 2879 2860 2930 ad
2889 2873 3028 2935 ﬁnes
3057 2890 3238 2938 terrae.

2027 2943 2108 3000 Tu
2132 2961 2348 3019 quoque
2376 2946 2428 2999 in
2453 2943 2725 3019 sanguine
2755 2953 3064 3006 testamenti
3096 2954 3196 3019 tui,

2099 3018 2326 3072 emisisti
2361 3029 2383 3053 ιι
2415 3017 2774 3103 vinctos-tuus
2803 3021 2870 3103 de
2908 3023 3028 3078 lacu
3059 3017 3188 3096 [.41.
3219 3025 3270 3080 in
3318 3025 3538 3103 lacum],
3572 3032 3629 3092 in

2204 3105 2311 3157 quo
2338 3105 2444 3164 non
2473 3089 2693 3164 est_[Al.
2723 3090 2861 3164 erat]
2891 3089 3075 3163 aqua."

2097 3159 2491 3239 Convertimini
2519 3159 2968 3239 ind—munitioitetn
2999 3169 3163 3223 vincti
3192 3173 3330 3239 spei,

2099 3233 2258 3309 hodie
2285 3238 2878 3309 iptoqtte__annuntians
2907 3236 3142 3309 duplicia
3175 3233 3398 3299 reddam
3429 3246 3544 3304 tibi,

2026 3303 2539 3382 Qlltlllii-llllltixltlﬂdi
2573 3305 2703 3362 mibi
2727 3305 2922 3362 Judam
2949 3303 3102 3379 quasi
3135 3327 3343 3382 arcum,

2099 3377 2312 3444 implevi
2346 3378 2602 3444 Ειιιιι-ειιιιι
2636 3395 2648 3428 :

2025 3447 2093 3502 Et
2143 3447 2416 3572 διιὲιῐηιιο
2465 3447 2606 3504 ﬁlios
2653 3459 2795 3518 lues,
2841 3449 3008 3520 Sion,
3065 3468 3232 3526 super
3281 3458 3422 3516 tilios
3466 3470 3619 3533 tuos,

2255 3534 2410 3572 meta
2444 3535 2460 3570 :
3343 3533 3350 3542 '
3571 3545 3574 3548 '

2255 3534 2410 3572 l‘:I‘.CIa
2444 3535 2460 3570 ε
3343 3533 3350 3542 '
3571 3545 3574 3548 '

2093 3597 2148 3644 ct
2179 3604 2369 3657 ponam
2399 3601 2453 3646 te
2475 3591 2627 3658 quasi
2645 3592 2894 3661 gladio
2916 3597 3158 3652 fortium.

2023 3663 2089 3717 Et
2118 3663 2374 3739 Dominus
2405 3661 2547 3739 Deus
2575 3678 2736 3739 super
2757 3681 2853 3739 eos
2885 3669 3188 3739 videbitur,

2092 3743 2152 3808 et
2173 3735 2344 3808 exibit
2371 3744 2434 3808 ut_
2455 3735 2635 3806 fulgur
2660 3736 2898 3808 jacnlnm
2925 3740 3087 3808 ejus:

2021 3805 2089 3868 Et
2120 3803 2383 3877 Dominus
2409 3803 2556 3866 Deus
2575 3808 2625 3862 in
2657 3803 2782 3864 tuba
2813 3803 2991 3877 canet,

2091 3886 2145 3930 et
2175 3875 2330 3930 vadet
2353 3876 2406 3930 in
2435 3878 2648 3935 turbine
2669 3882 2865 3937 austri.

2018 3945 2284 4022 Dominus
2309 3949 2640 4004 exercituum
2668 3964 2916 4022 proteget
2943 3970 3037 4010 eos
3058 3973 3077 4010 :

2088 4019 2522 4098 etdevorabunt,
2546 4031 2609 4098 et
2635 4019 2927 4090 subjicient
2953 4026 3220 4098 lapidibus
3251 4028 3430 4087 {unde
3459 4051 3474 4087 :

2018 4089 2083 4144 Et
2114 4092 2360 4167 bibentes
2386 4089 2798 4167 inebriabuntur
2821 4099 2976 4167 quasi
3006 4089 3035 4153 Ξι
3070 4103 3214 4167 vino,

2089 4171 2141 4224 et
2171 4164 2524 4236 replebttntur
2547 4175 2602 4222 ut
2635 4164 2851 4236 phialae,

2089 4241 2144 4287 et
2174 4235 2328 4302 quasi
2358 4249 2562 4291 cornua
2592 4239 2802 4292 altaris.

2017 4305 2085 4361 Et
2121 4307 2353 4361 salvabit
2381 4322 2475 4362 eos
2508 4307 2770 4390 Dominus
2812 4311 2955 4368 Deus
2980 4327 3172 4370 eorum
3205 4314 3256 4372 in
3287 4316 3378 4374 die
3407 4318 3524 4390 illa,
3554 4331 3614 4378 ut

2155 4393 2382 4450 gregem
2409 4379 2588 4450 populi
2611 4384 2689 4440 sui
2725 4400 2738 4435 :

2087 4455 2208 4532 quia
2245 4449 2452 4532 lapidis
2472 4453 3027 4532 sancti-elevabuntur
3045 4469 3435 4532 superiterram
3464 4463 3603 4532 ejus.

2014 4522 2152 4604 Quid
2179 4521 2327 4604 enim
2374 4522 2570 4576 bonum
2614 4525 2730 4604 ejus
2760 4535 2863 4591 est,
2895 4536 2951 4582 et
2977 4521 3425 4604 quid-pulchrum
3461 4521 3602 4604 ejus,

2087 4591 2550 4706 uisifrumet'itum
2596 4591 2923 4665 electorum,
2967 4591 3020 4654 et
3069 4591 3255 4658 vinum
3291 4591 3606 4673 germitians

2159 4679 2392 4706 uramur:

2159 4679 2420 4734 virgines:

2015 4734 2289 4821 [ζίφει]
2321 4736 2496 4794 Petite
2521 4755 2551 4794 a
2583 4739 2813 4798 Domino
2834 4743 3070 4816 pluviam
3100 4745 3156 4807 in
3174 4753 3425 4821 tempore
3458 4766 3609 4808 sero-

2166 4817 2299 4873 tttto,

2089 4889 2145 4935 et
2179 4879 2440 4953 Dominus
2468 4880 2634 4938 faciet
2662 4884 2831 4953 nives,

2089 4960 2143 5006 et
2167 4952 2397 5026 pluviam
2425 4952 2614 5010 imbris
2639 4954 2789 5012 dabit
2815 4958 2894 5013 eis
2911 5000 2928 5026 ,

2091 5024 2572 5098 singulisherbam
2603 5029 2653 5080 in
2687 5043 2837 5098 agro.

2019 5094 2153 5164 Quia
2187 5094 2476 5172 simttlacra
2506 5098 2682 5156 locuta
2705 5094 2831 5155 s'unt
2857 5101 3071 5172 inutile,

2089 5178 2142 5223 et
2172 5166 2342 5244 divini
2375 5168 2630 5244 viderunt
2658 5173 3003 5244 mendacium
3023 5219 3038 5244 ,

2090 5249 2143 5294 et
2170 5239 2532 5298 somniatores
2553 5241 2758 5297 frustra
2787 5243 2950 5300 locuti
2983 5239 3112 5302 sunt
3137 5264 3153 5302 :

2023 5310 2174 5366 Vane
2204 5311 2624 5368 consolabantur
2652 5331 2667 5369 :

2099 5384 2301 5460 ideirco
2329 5384 2544 5460 abducti
2571 5396 2693 5440 sunt
2726 5387 2880 5458 quasi
2905 5404 3038 5460 grex
3067 5406 3083 5446 :

2099 5454 2429 5524 afﬂiguntur,
2461 5459 2582 5532 quia
2613 5475 2717 5516 non
2745 5454 2833 5532 'i-st
2853 5454 2933 5515 eis
2962 5473 3167 5532 pastor.

2029 5526 2202 5597 Super
2224 5533 2469 5596 pastores
2494 5528 2667 5588 iratus
2694 5542 2776 5586 est
2797 5526 3151 5599 l'uror'meus,

2105 5610 2158 5651 et
2187 5613 2352 5668 super
2375 5600 2554 5656 hircos
2585 5603 2816 5658 visitabo
2840 5619 2855 5658 :

2033 5669 2171 5740 Quia
2215 5672 2450 5726 visitavit
2488 5671 2750 5728 Dominus
2798 5678 3134 5733 exercituum
3174 5695 3392 5753 gregem
3438 5699 3620 5753 suum,

403 5851 429 5879 ⁸
487 5844 835 5932 Colbertinus
883 5849 1048 5905 eodex
1107 5851 1414 5907 Anicicnsis
1462 5853 1589 5927 legit
1636 5856 1929 5936 _c_ontrari0
1976 5869 2161 5925 sensu,
2221 5855 2436 5912 emisisti
2472 5855 2672 5912 vinctos
2715 5863 2834 5914 tuos
2876 5856 2931 5918 iii
2963 5856 3155 5916 lacum.
3219 5863 3443 5936 Aliquot
3487 5881 3624 5926 mss.

331 5929 759 5990 ceusctjuenter,
784 5923 838 5976 in
862 5938 964 5994 quo
989 5939 1097 5977 non
1123 5935 1233 5978 erat
1260 5941 1418 5997 aqua.
1517 5923 1539 5927 ⁷
1633 5926 1816 5984 bitter.
