2054 3180
246 156 313 186 1071

318 214 429 242 domum
441 212 522 247 Juda,

281 254 307 279 et
323 251 413 286 posuit
425 258 473 278 eos
486 248 564 285 quasi
579 255 681 285 equum
692 247 787 284 gloria,
802 255 858 277 sua:
874 248 901 277 iu
915 248 999 278 bello.

244 286 287 315 Ex
300 287 359 323 ipso
371 286 498 323 angulus,

282 330 316 351 ex
330 324 390 358 ipso
403 322 530 358 paxillus.

282 366 315 387 ex
326 357 386 394 ipso
397 357 480 394 arcus
490 357 588 393 praelii,

282 402 315 423 ex
329 392 389 430 ipso
401 393 556 430 egredietur
569 392 659 421 omnis
673 397 787 430 exactor
799 393 892 422 simul.

244 430 282 460 Et
302 428 381 459 erunt
394 428 473 466 quasi
487 429 573 458 fortes
587 429 779 458 couculcantes
792 429 879 458 lutum
891 429 996 458 viarum
1014 428 1042 458 in

319 467 411 500 prmlio
426 475 431 491 :

282 507 309 530 et
322 502 470 535 bellabunt,
484 501 546 537 quia
562 501 694 529 Dominus
709 509 770 529 cum
787 502 827 530 eis
843 511 848 527 ε

281 543 309 566 ει
324 537 527 565 confundentur
541 545 703 565 aSCCIlSOl‘CS
718 546 861 573 equorum.

245 575 280 602 Et
290 574 452 602 conlortabo
467 573 579 600 domum
594 573 674 606 Juda,

281 615 309 638 et
319 610 429 637 domum
443 609 546 644 Joseph
561 610 683 640 salvabo.

280 651 307 674 et
322 651 479 673 convertam
494 653 552 677 eos,
566 646 628 680 quia
645 645 793 673 miserebor
806 652 901 673 eorum
914 653 921 673 ι

245 682 278 710 Et
292 686 373 709 erunt
385 683 457 709 sicut
472 681 578 708 fuerunt
597 681 704 713 quando
724 690 776 709 non
794 682 963 716 projcceram
974 687 1042 708 eos:

280 725 330 753 ego
341 718 413 745 enim
430 717 560 744 Dominus
574 718 645 744 Deus
660 725 767 750 eorum,
784 723 811 745 et
826 717 969 745 exaudiam
983 723 1041 745 eos.

245 753 279 781 Et
292 758 372 781 erunt
385 753 461 787 quasi
478 754 559 780 fortes
578 753 715 788 Ephraim,

280 794 306 816 et
320 789 455 816 iretabitur
470 796 516 815 cor
528 796 621 816 eorum
639 790 714 823 quasi
731 796 745 816 a
761 789 842 816 vino:

244 825 278 853 Et
293 825 340 852 lilii
353 832 446 852 eorum
464 824 606 857 videbunt,
622 830 648 851 et
663 825 841 860 lattabuntur,

280 865 307 888 et
320 861 469 888 exsultabit
483 868 530 887 cor
544 868 637 887 eorum
653 862 677 887 in
691 860 817 888 Domino.

244 895 367 924 Sibilabo
381 897 431 928 eis,
447 900 474 923 ct
488 896 657 931 congregabo
674 896 735 923 illos
749 917 755 927 .
773 898 835 931 quia
852 895 954 924 redemi
977 902 1041 924 eos:

283 937 311 960 et
324 925 511 967 multiplicabo
525 925 572 958 eas
585 925 653 968 sicut
663 937 726 960 ante
743 925 850 961 rue'mm
862 931 1042 968 multiplicati.
1058 925 1084 957 Β

243 968 277 996 Ει
288 968 429 996 seminabo
440 975 487 995 eos
503 968 528 994 in
542 967 649 1002 populis
659 988 666 1001 ,

278 1008 306 1031 et
318 1003 353 1031 de
364 1004 443 1038 longe
459 1003 677 1030 recordabuntur
690 1004 757 1031 mei:

279 1045 307 1067 et
320 1040 411 1067 vivent
423 1047 485 1066 cum
500 1039 562 1066 filiis
576 1040 630 1066 suis
640 1060 646 1071 ,
659 1044 685 1066 ct
701 1043 880 1068 revertentur.

243 1075 277 1103 Et
292 1075 421 1103 reducam
436 1082 483 1102 eos
497 1074 531 1102 de
546 1079 617 1102 terra
630 1075 756 1110 Egypli,

278 1117 306 1139 et
317 1111 350 1138 de
366 1111 487 1146 Assyriis
498 1112 667 1146 congregabo
681 1118 745 1143 eos;

243 1147 279 1175 Et
290 1147 324 1174 ad
341 1151 442 1175 terram
458 1147 560 1174 Galaad
573 1152 598 1173 ct
613 1147 707 1173 Libani
726 1147 858 1175 adducam
873 1155 932 1182 eos,

279 1187 306 1210 et
322 1190 376 1210 non
393 1183 547 1210 invenietur
561 1182 601 1210 eis
617 1183 712 1210 locus:

242 1219 278 1247 Et
293 1219 419 1246 transibit
431 1218 458 1245 in
474 1219 555 1245 maris
570 1218 649 1251 freto,

278 1259 306 1282 et
320 1254 455 1289 percutiet
471 1254 497 1280 in
510 1254 578 1280 mari
589 1253 705 1286 ﬂuctus;

241 1289 277 1318 Et
291 1290 494 1318 ccul‘undentur
510 1290 600 1317 omnia
618 1289 752 1324 profunda
769 1289 900 1326 ﬂuminis,

278 1330 305 1354 et
316 1325 504 1353 humiliabitur
519 1326 644 1359 superbia
658 1327 759 1361 Assur,

276 1367 305 1389 et
315 1366 453 1396 sceptrum
465 1361 577 1396 Egypti
591 1362 710 1389 recedet.

242 1397 411 1425 Conforlabo
427 1404 476 1425 eos
490 1397 516 1424 in
535 1398 647 1425 Domino
657 1419 664 1429 .

278 1439 305 1461 et
322 1434 349 1460 in
366 1434 475 1460 nomine
488 1433 548 1467 ejus
564 1434 752 1467 ambulabunt,
766 1434 833 1462 dicit
849 1433 990 1463 Dominus.

241 1468 317 1505 [Cap.
330 1469 389 1504 XL]
405 1468 628 1505 Aperi,7Libane,
641 1475 734 1504 portas
746 1478 818 1504 tuas,

278 1510 306 1532 et
317 1505 443 1532 comedat
457 1504 527 1539 ignis
542 1505 638 1532 ccdros
650 1510 719 1533 tuas.

242 1539 333 1574 Ulula,
347 1541 432 1574 abies,
450 1540 510 1575 quia
523 1541 619 1567 cecidit
635 1541 744 1575 cedrus,

278 1577 404 1611 quoniam
418 1576 553 1611 magniﬁci
570 1578 666 1604 vastati
680 1584 742 1605 sunt
757 1587 763 1605 :

243 1611 360 1645 Ululate,
373 1619 492 1648 quercus
505 1612 589 1639 Basan
603 1633 611 1645 ,

278 1650 406 1684 quoniam
421 1649 543 1675 Succisus
556 1653 597 1676 est
610 1649 698 1677 saltus
714 1650 845 1679 munitus.

242 1684 301 1711 Vox
316 1684 435 1711 ululatus
448 1689 599 1718 pastorum,

278 1721 341 1755 quia
355 1724 461 1747 vastata
475 1724 516 1747 est
531 1721 730 1755 magniﬁcentia
746 1729 857 1750 corum:

242 1755 300 1783 Vox
316 1757 420 1791 rugitus
437 1755 557 1789 leonum,

196 1820 199 1821 ν
278 1794 406 1826 quoniam
423 1797 525 1818 vastata
543 1796 584 1819 est
598 1793 725 1827 superbia
741 1793 878 1822 Jordanis.

242 1827 307 1854 Haec
321 1828 385 1854 dicit
396 1827 525 1854 Dominus
538 1828 608 1855 Deus
620 1836 717 1857 meus:

243 1862 327 1889 Pasce
343 1870 440 1897 pecora
454 1863 609 1896 occisionis,

278 1906 338 1932 quae
352 1899 396 1937 qui
409 1899 595 1937 possederant,
608 1900 781 1935 occidebant,
795 1906 822 1929 et
835 1908 889 1929 non
902 1900 1043 1937 dolebant,

279 1939 306 1961 et
322 1934 473 1961 vendebant
489 1942 534 1968 ea,
553 1935 694 1964 dicentes:

242 1968 405 1997 Benedictus
417 1969 555 2002 Dominus,

279 2005 377 2032 divites
393 2006 453 2032 iacti
469 2013 562 2033 sumus
580 2016 585 2033 :

243 2039 278 2077 Et
294 2045 416 2075 pastores
428 2048 521 2068 comm
537 2051 589 2069 non
607 2044 755 2077 parcebant
769 2045 818 2073 eis.

244 2075 279 2104 Et
293 2084 343 2118 ego
355 2085 411 2118 non
426 2085 535 2118 parcam
554 2075 624 2106 ultra
641 2088 723 2115 super
742 2082 896 2110 habitantes
917 2085 1018 2110 terram
1033 2102 1041 2118 ,

315 2112 381 2140 dicit
392 2113 522 2140 Dominus
535 2122 541 2141 :

243 2147 314 2175 Ecce
325 2156 374 2183 ego
389 2149 493 2175 tradam
507 2149 643 2183 homines,

280 2191 502 2225 unumquemque
519 2185 544 2212 in
562 2194 643 2214 manu
665 2189 783 2224 proximi
808 2190 862 2223 sul,
878 2193 906 2218 el.
919 2189 947 2218 in
961 2197 1044 2220 manu

314 2227 385 2255 regis
401 2228 442 2247 sui
457 2229 463 2246 :

243 2255 277 2282 Et
298 2255 444 2283 concident
459 2261 571 2290 terram,

278 2295 307 2318 et
318 2299 371 2319 non
381 2299 473 2319 eruam
488 2292 521 2320 de
535 2302 615 2322 manu
628 2302 735 2324 eorum.

242 2326 277 2354 Et
291 2334 401 2362 pascam
413 2335 495 2363 pecus
507 2329 651 2368 occisionis
671 2336 782 2368 prolitcr
797 2332 860 2368 hoc,

278 2370 295 2390 ο
311 2370 444 2398 pauperes
454 2364 557 2400 gregis!

244 2397 278 2425 Et
290 2397 423 2434 assumpsi
440 2397 586 2438 niihi'duas
602 2402 703 2438 virgas,

278 2442 358 2462 unam
371 2435 464 2462 vocavi
478 2436 618 2471 Det-orem,

276 2475 304 2497 et
319 2471 431 2498 alteram
447 2474 541 2501 vocavi
556 2479 568 2491 ⁸
587 2474 749 2504 Funiculum
763 2484 770 2503 :

278 2510 305 2533 et
318 2507 376 2540 pavi
392 2515 511 2542 gregem.

241 2540 277 2568 Et
291 2540 458 2570 succudi‘tre‘s
470 2547 593 2579 pastores
608 2544 633 2571 iu
651 2553 744 2574 mense
757 2555 811 2577 uno

277 2581 305 2605 et
316 2583 455 2606 contracta
465 2584 506 2607 est
518 2579 607 2606 anima
623 2587 684 2607 mea
699 2582 727 2608 in
741 2585 781 2610 eis
795 2593 801 2611 :

277 2613 411 2648 siquidem
425 2615 517 2642 anima
530 2622 625 2642 eorum
644 2616 758 2645 variavit
770 2619 796 2647 in
810 2627 865 2649 me.

239 2648 274 2676 Et
288 2649 363 2686 dixi:
378 2650 436 2678 Non
452 2658 560 2686 pascam
571 2658 638 2679 vos:

275 2685 348 2721 quod
365 2685 493 2719 moritur,
510 2687 643 2714 moriatur
658 2696 665 2715 :

275 2725 303 2749 et
315 2722 389 2757 quod
404 2722 564 2756 succiditur,
589 2723 745 2754 succidatur
759 2735 767 2754 :

273 2761 301 2785 et
308 2757 404 2794 reliqui
410 2758 544 2787 devorent
550 2760 735 2797 unusquisque
742 2769 859 2795 carnem
865 2763 981 2802 proximi
988 2764 1041 2794 sui.

270 2892 284 2910 a
302 2880 424 2910 Plurium
436 2888 552 2910 numero
566 2881 630 2917 legit
644 2882 673 2912 S.
688 2883 746 2920 ipse
759 2884 905 2925 linter-pres
919 2889 946 2919 in
960 2890 1044 2919 Com.

232 2927 366 2960 mental-io
381 2927 536 2958 Fuuiculos.
552 2927 587 2957 Et
602 2927 735 2960 Hebraice
747 2939 867 2979 quoque
880 2941 936 2971 εει,
950 2929 1041 2969 ενι-,ιη

745 155 774 184 S.
796 153 991 185 lllERONYMI
1012 152 1131 184 DIVINA
1150 153 1390 184 BlBLlOTHECA.

1055 214 1083 245 Α
1096 213 1129 242 Et
1141 213 1189 241 tuli
1205 213 1307 249 virgam
1320 220 1421 246 meam,
1435 218 1497 249 quae
1510 210 1661 241 vocabatur
1673 211 1763 241 Decus
1777 219 1785 240 :

1825 152 1897 184 1072

1129 254 1158 277 et
1173 248 1276 287 abscidi
1290 257 1368 287 eam,_
1383 255 1412 276 ut
1432 248 1671 287 irritum__facerem
1686 249 1776 287 (tedas
1790 256 1896 287 meum,

1164 285 1235 321 quod
1250 285 1370 319 percussi
1383 292 1446 313 cum
1472 285 1600 313 omnibus
1612 285 1731 321 populis.

1093 320 1129 349 Et
1143 320 1291 349 in'irritum
1304 320 1450 349 deductum
1469 326 1512 349 est
1527 320 1555 349 in
1570 321 1615 348 die
1629 320 1674 349 illa
1687 330 1695 348 ε

1130 363 1158 386 et
1164 362 1361 421 (ﬁoggogi'lunt
1385 358 1426 385 sic
1453 364 1588 394 pauperes
1613 357 1782 394 gregis,.qui
1804 361 1897 387 custo-

1184 401 1228 421 iun
1295 401 1344 421 III.

1184 393 1242 421 iunt
1265 393 1344 423 mihi.

1128 430 1191 465 quia
1207 429 1317 457 verbum
1330 427 1437 457 Domini
1453 432 1505 458 est.

1093 464 1130 493 Et
1138 464 1199 493 dixi
1211 465 1245 493 ad
1265 472 1315 493 eos
1328 473 1337 494 :

1128 500 1158 530 Si
1172 500 1274 529 bonum
1289 505 1332 530 est
1354 500 1381 529 in
1399 500 1488 531 oculis
1501 502 1611 537 vestris,
1626 501 1722 532 all'erte
1738 502 1896 533 mercedem

1167 545 1267 572 meam,
1383 543 1386 549 ‘

1130 578 1158 601 et
1173 574 1195 600 si
1210 581 1274 608 non,
1289 573 1433 608 quiescite.

1095 609 1128 647 ξι
1141 609 1329 647 appenderunt
1341 610 1495 647 mercedem
1506 618 1594 639 meam
1610 610 1719 647 triginta
1731 615 1892 647 argenteos.

1095 645 1128 672 Et
1144 646 1211 672 dixit
1226 645 1356 673 Dominus
1371 645 1404 672 ad
1415 654 1478 675 me:

1095 681 1201 718 Projice
1217 681 1281 709 illud
1298 681 1351 717 [ΑΙ.
1368 681 1438 717 illos]
1455 682 1487 710 ad
1502 683 1675 718 statuarium,

1131 717 1258 755 decorum
1273 718 1402 752 pretium.
1416 719 1487 753 quod
1498 719 1667 755 appretiatus
1679 726 1740 748 sum
1754 718 1790 747 ab
1804 718 1858 748 eis.

1095 752 1130 780 Et
1146 753 1193 780 tuli
1210 754 1318 789 triginta
1335 752 1491 789 argenteos,

1131 793 1158 816 et
1175 790 1276 823 projeci
1291 789 1351 817 illos
1364 790 1393 817 in
1410 789 1520 818 domum
1538 790 1646 818 Domini
1665 790 1699 819 ad
1717 790 1882 819 statuarium

1096 824 1129 852 Et
1145 825 1252 888 prtccigi
1269 825 1373 887 virglam
1387 833 1473 853 meant
1486 827 1647 861 secundam,
1661 834 1723 863 qua:
1735 826 1882 863 appellaba

1167 866 1209 887 lur
1247 868 1325 888 untcu
1340 869 1380 888 us.

1167 866 1209 887 lur
1223 866 1380 894 r‘untculus,

1132 896 1354 960 utldisscilverem
1369 898 1576 941 germanitatem
1591 899 1663 927 inter
1673 898 1771 927 Judam
1782 901 1810 926 et
1824 898 1897 927 inter

1180 940 1238 960 srae
1254 953 1260 959 .

1180 938 1260 960 srael.
1449 938 1453 941 ”

1096 967 1131 996 Et
1146 968 1213 996 dixit
1233 969 1363 997 Dominus
1377 970 1410 998 ad
1426 978 1469 999 me
1486 979 1493 998 :

1097 1003 1192 1041 Adhuc
1207 1012 1284 1033 sume
1300 1006 1346 1033 tibi
1361 1014 1425 1033 vasa
1439 1007 1556 1041 pastoris
1572 1006 1659 1035 stulti.

1097 1040 1165 1074 Quia
1177 1048 1240 1078 ecce
1255 1049 1304 1076 ego
1320 1042 1457 1070 suscitabo
1473 1047 1611 1077 pastorem
1626 1044 1654 1071 in
1669 1046 1753 1078 tem,

1132 1077 1177 1111 qui
1194 1077 1322 1105 derelicta
1335 1085 1389 1105 non
1404 1078 1533 1113 visitabil,

1132 1113 1285 1148 dispersum
1301 1121 1354 1141 non
1368 1119 1481 1149 qumret,

1133 1154 1160 1175 et
1171 1149 1318 1177 contritum
1330 1157 1383 1177 non
1399 1151 1518 1183 sanabit,

1132 1188 1160 1211 et
1175 1184 1201 1212 id
1217 1185 1287 1219 quod
1302 1190 1356 1213 stat
1371 1194 1424 1213 non
1440 1186 1569 1222 enutriet,

1132 1224 1160 1247 et
1174 1228 1271 1248 carnes
1285 1221 1424 1256 pinguium
1437 1222 1573 1257 comedet,

1132 1260 1160 1283 et
1175 1257 1289 1292 ungulas
1302 1264 1395 1284 eorum
1411 1257 1551 1285 dissolvet.

1098 1291 1120 1319 ο
1135 1296 1237 1329 pastor,
1253 1298 1280 1320 et
1294 1292 1408 1326 idolum,
1424 1293 1618 1329 derelinquens
1630 1299 1742 1329 gregem
1758 1300 1766 1321 :

1133 1327 1237 1362 gladius
1252 1336 1333 1364 super
1346 1329 1484 1357 brachium
1500 1327 1569 1364 ejus,

1133 1368 1160 1390 et
1170 1371 1256 1400 super
1271 1365 1378 1392 oculum
1394 1365 1519 1392 dextrum
1536 1366 1595 1400 ejus
1611 1373 1618 1392 :

1098 1398 1243 1427 Bracbium
1260 1401 1319 1435 ejus
1331 1400 1457 1428 ariditate
1472 1398 1630 1434 siccabitur,

1134 1440 1161 1461 et
1176 1436 1271 1462 oculus
1284 1436 1380 1463 dexter
1391 1436 1450 1471 ejus
1462 1437 1654 1464 tenehrescens
1665 1434 1868 1464 obscurabilur.

1110 1469 1175 1504 Cap.
1191 1470 1262 1506 Xll.]
1277 1472 1352 1499 Onus
1367 1469 1442 1499 verbi
1461 1473 1567 1500 Domini
1581 1480 1663 1506 super
1678 1471 1772 1500 Israel.

1123 1507 1171 1534 ixit
1206 1505 1337 1535 Dominus
1371 1509 1520 1536 extendens
1564 1508 1683 1542 caelum,
1709 1511 1738 1536 et
1776 1505 1896 1535 fundans

1169 1546 1268 1570 terram
1273 1563 1280 1575 ,

1133 1582 1161 1606 et
1177 1578 1281 1614 ﬁngens
1294 1579 1418 1615 spiritum
1433 1579 1553 1608 hominis
1568 1579 1595 1608 in
1607 1587 1652 1609 eo.

1059 1625 1082 1658 ρ
1098 1613 1354 1658 Ecceregouponam
1374 1616 1526 1658 Jerusalem
1542 1615 1755 1658 superliminare
1774 1613 1897 1651 crapulae

1169 1651 1295 1693 omnibus
1309 1652 1404 1693 populi
1418 1652 1450 1693 in_
1463 1652 1580 1693 circuitu
1596 1660 1603 1680 :

1097 1685 1222 1750 Ets‘taadlet
1234 1687 1247 1715 J
1252 1686 1304 1715 uda
1311 1685 1371 1716 erit
1384 1688 1413 1716 in
1425 1688 1568 1716 obsidione
1580 1693 1678 1716 contra
1690 1686 1856 1716 Jerusalem.

1160 1729 1181 1749 τι
1210 1731 1216 1749 :

1122 1722 1195 1749 terit
1210 1731 1216 1749 :

1132 1756 1162 1785 In
1175 1756 1219 1821 d|i_e
1234 1758 1282 1787 illa
1294 1767 1394 1823 plenam
1404 1759 1560 1789 Jerusalem
1576 1759 1695 1797 lapidem
1707 1758 1800 1788 oneris
1813 1764 1900 1787 cunc-

1200 1801 1222 1822 lS
1237 1802 1309 1823 nonu
1323 1803 1346 1823 Is
1359 1805 1364 1823 ζ

1188 1796 1222 1822 tis
1237 1796 1346 1830 populis
1359 1805 1364 1824 :

1133 1803 1457 1871 cmrlgsyorrtlliulzvahunt
1473 1832 1526 1869 [ΑΙ.
1542 1831 1714 1869 levaverunt]
1735 1838 1809 1866 eam,
1831 1837 1901 1859 con-

1171 1866 1278 1895 cisione
1291 1866 1483 1897 lacerabuntui‘
1500 1878 1507 1897 :

1134 1906 1162 1929 et
1171 1902 1338 1940 colligentur
1347 1904 1479 1933 adversus
1490 1912 1551 1933 eam
1563 1903 1657 1934 omnia
1671 1910 1755 1940 regna
1769 1901 1826 1939 [ΑΙ.
1840 1908 1902 1930 om-

1172 1945 1220 1975 nes
1234 1939 1339 1975 gentes]
1355 1944 1446 1968 terras.

1096 1973 1127 2002 In
1144 1973 1189 2016 die
1199 1973 1257 2016 illa,
1273 1973 1339 2003 dicit
1353 1975 1493 2011 Dominus,
1508 1976 1659 2013 percutiam
1675 1981 1785 2004 omnem
1797 1980 1900 2010 equum

1171 2014 1199 2037 iu
1214 2014 1355 2045 stuperent
1365 2032 1374 2045 ,

1135 2049 1163 2074 et
1175 2052 1349 2075 ascensorem
1360 2047 1421 2082 ejus
1435 2047 1462 2075 in
1477 2049 1625 2076 amentiam
1638 2057 1645 2075 :

1099 2081 1135 2110 Et
1148 2089 1231 2117 super
1245 2082 1360 2110 Domum
1372 2081 1440 2112 Juda
1457 2085 1576 2119 aperiam
1590 2085 1688 2113 oculos
1702 2090 1789 2117 meos,

1136 2122 1165 2156 et
1170 2125 1285 2156 omnem
1301 2126 1400 2156 equum
1414 2117 1574 2156 populorum
1591 2120 1743 2156 percutiam
1756 2117 1893 2147 czecitale.

1099 2152 1137 2181 Et
1150 2153 1241 2181 dicent
1255 2152 1341 2182 duces
1354 2152 1423 2183 Juda
1438 2152 1465 2183 in
1478 2155 1563 2184 corde
1573 2152 1623 2184 suo
1638 2165 1646 2185 :

1098 2188 1294 2218 Confortentur
1305 2190 1372 2218 mihi
1389 2191 1557 2220 habitatores
1571 2191 1725 2221 Jerusalem
1741 2191 1767 2219 in
1783 2188 1901 2219 Domino

1170 2226 1343 2254 exercituum
1361 2227 1415 2254 Deo
1430 2234 1535 2255 eorum.

1099 2260 1131 2291 In
1145 2260 1190 2324 dile
1200 2262 1246 2303 illa
1259 2270 1358 2298 ponam
1371 2262 1457 2291 duces
1467 2262 1536 2291 Juda
1548 2263 1619 2292 sicut
1630 2264 1770 2293 caminum
1786 2261 1857 2298 ignis
1872 2262 1901 2290 in

1183 2305 1263 2324 mnis.

1183 2305 1263 2333 ignis,

1058 2330 1088 2363 1)
1105 2369 1125 2371 _
1136 2330 1248 2371 et_sicut
1262 2333 1276 2371 ξι
1289 2333 1386 2371 faciem
1403 2334 1473 2371 ignis
1488 2334 1514 2363 in
1528 2334 1610 2364 leno:

1104 2369 1140 2399 Et
1158 2369 1328 2413 devorabunt
1342 2370 1376 2412 ad
1391 2369 1532 2413 dexteram
1548 2376 1575 2400 et
1593 2371 1627 2400 ad
1647 2370 1788 2400 sinistram
1803 2376 1903 2399 omnes

1176 2407 1291 2441 populos
1307 2407 1334 2434 in
1349 2407 1466 2435 circuitu
1479 2415 1487 2434 :

1139 2446 1167 2470 et
1192 2442 1357 2470 habitabitur
1377 2442 1530 2472 Jerusalem
1546 2450 1642 2471 rursus
1665 2442 1693 2470 in
1715 2442 1778 2471 loco
1801 2448 1852 2470 suo
1874 2440 1904 2469 in

1101 2513 1137 2542 Et
1162 2477 1437 2555 siggbzilflllmminus
1464 2514 1641 2544 tabernacula
1665 2513 1735 2543 Juda
1767 2513 1839 2542 sicut
1873 2511 1905 2540 in

1138 2557 1389 2622 utetgiicmptigaiﬂce
1402 2586 1535 2622 glorietur
1545 2587 1645 2615 domus
1661 2585 1758 2619 David,

1138 2626 1166 2649 et
1178 2621 1264 2657 gloria
1279 2619 1457 2650 habitantium
1472 2622 1624 2652 Jerusalem
1640 2626 1737 2650 contra
1752 2619 1864 2649 Judam.

1101 2656 1132 2685 In
1146 2656 1190 2685 die
1204 2657 1249 2697 illa
1262 2661 1385 2697 proteget
1400 2659 1531 2697 Dominus
1545 2659 1716 2697 habitatores
1732 2657 1906 2697 Jerusalem2

1137 2694 1313 2757 etntzritdqui
1335 2693 1480 2723 oll'enderit
1495 2703 1530 2724 ex
1554 2695 1594 2723 eis
1620 2694 1648 2723 in
1675 2693 1720 2722 dic
1744 2694 1802 2728 illa,
1825 2693 1906 2728 quasi

1214 2737 1239 2757 v1
1266 2737 1274 2757 :
1791 2754 1797 2757 .

1096 2764 1132 2795 Et
1143 2750 1344 2794 ddmusuDavid
1359 2766 1437 2803 quasi
1451 2766 1512 2803 Dei,

1133 2891 1147 2912 ι’
1161 2891 1278 2922 Lectum
1292 2896 1371 2921 antea
1387 2891 1560 2930 typographl,
1573 2890 1727 2927 utvidetur,
1739 2898 1846 2927 errore,
1862 2891 1909 2928 [a-

1094 2936 1162 2957 mem
1178 2937 1228 2967 pro
1242 2930 1340 2966 facem.
