2054 3180
135 3000 146 3013 0

147 3022 168 3035 ι.

164 176 235 209 1075

198 231 521 299 εῖομιρηὲριιεῗιῡοωίηἰ
536 235 550 251 ﬁ
565 230 592 259 in
607 234 756 266 conspectu
771 237 878 259 eorum.

198 277 264 299 ierit
278 279 306 299 In
339 278 386 299 ΙΘΙ
408 278 443 297 1|:

163 272 200 301 Et
211 271 264 300 erit
278 271 306 299 in
320 270 364 299 die
377 270 422 298 illa
437 279 443 296 ε
899 302 905 307 ¹

200 315 319 344 qumram
342 311 486 344 conterere
509 310 606 334 omnes
624 307 731 340 gentes,
760 310 821 339 quae
845 305 960 330 veniunt

236 348 331 372 contra
346 342 508 371 Jerusalem.

164 380 199 409 Et
218 379 354 408 effundam
373 386 454 413 super
467 377 578 406 domum
597 375 683 404 David
704 379 732 404 et
747 382 829 411 super
850 373 958 403 habita-

237 421 311 444 tores
323 414 486 447 Jerusalem,

201 451 326 487 spiritum
342 451 436 486 gratiae
450 454 478 478 et
492 456 604 485 precum
620 457 626 476 :

166 487 202 516 Et
217 484 357 522 aspicient
376 487 410 515 ad
430 484 580 525 me,’quem
601 484 775 525 confixerunt
815 518 821 525 _
881 518 887 524 _

238 529 265 551 et
272 525 399 559 plangent
408 530 471 550 eum
483 522 591 557 planctu
599 522 675 559 quasi
683 528 764 559 super
771 522 957 559 unigenitum,

202 564 230 588 et
244 556 375 588 dolebu'nt
389 566 471 593 super
484 556 556 590 eum,
581 563 609 584 ut
630 556 717 585 doleri
738 556 808 584 Solet

238 596 265 623 in
281 601 369 624 morte
385 594 567 631 primogeniti.
664 630 669 631 γ
707 628 718 631 _
734 598 737 600 '

166 632 195 661 In
209 631 254 660 die
269 632 314 660 illa
328 627 441 667 mag-nus
455 627 506 667 erit
521 629 651 667 planctus
663 630 690 656 in
704 627 867 667 Jerusalem,

202 668 273 695 sicut
289 662 412 703 platnefus
425 662 629 694 Adedremmon
645 665 673 693 in
687 671 783 700 campo
796 662 957 699 Mageddon.

166 703 201 732 Et
216 704 323 739 planget
336 709 421 731 terra:

203 738 314 767 familiae
330 743 358 767 et
373 738 482 766 familia:
496 745 639 769 seorsum;

167 775 291 803 Familia
303 775 401 802 domus
416 774 502 802 David
519 781 653 805 seorsum,

203 816 230 839 et
246 811 374 839 mulieres
387 818 482 839 eorum
497 817 621 838 seorsum
637 818 644 836 :

166 847 289 875 Familiae
304 846 403 874 domus
416 846 520 874 Nathan
535 852 670 877 seorsum,

202 887 230 910 et
245 882 372 910 mttlieres
382 890 476 910 eorum
490 889 614 909 SCOI‘SUIII
628 889 634 907 Ξ

166 918 290 946 Familia:
300 918 397 946 domus
409 918 475 946 Levi
489 924 625 950 seorsum,

201 959 228 982 et
243 954 373 982 mulieres
383 961 477 982 eormn
489 960 614 981 seorsum
630 961 638 980 :

166 989 288 1018 Familia!
301 990 391 1018 Semei
403 997 538 1021 seorsam,

201 1031 230 1053 et
246 1027 375 1054 mulieres
389 1033 486 1053 eorum
502 1030 638 1057 seorsum,

166 1061 269 1090 Omnes
284 1061 395 1089 familiae
409 1061 531 1096 reliquae,

201 1096 312 1126 familia:
326 1102 353 1125 et
366 1097 475 1125 familiae
488 1103 623 1129 seorsum,

201 1137 230 1161 et
248 1134 375 1161 mulieres
390 1141 484 1161 eorum
501 1139 637 1160 seorsum.

165 1168 243 1205 [Cap.
264 1169 346 1205 Xlll.]
362 1169 390 1196 In
405 1169 450 1197 die
470 1168 514 1205 illa
527 1167 581 1205 erit
604 1167 664 1205 fons
679 1171 776 1204 patens
791 1165 885 1194 domui
909 1165 962 1193 Da-

238 1205 294 1238 vid,
308 1204 534 1233 et’habitantibus
545 1204 707 1236 Jerusalem,

203 1240 230 1268 in
244 1240 412 1269 ablutionem
425 1240 577 1276 peccatoris
591 1243 619 1267 et
631 1243 817 1268 mcnstruatte.

167 1275 203 1304 Et
215 1276 268 1304 erit
283 1276 309 1303 in
321 1276 366 1304 die
381 1275 438 1311 illa,
454 1276 521 1304 dicit
535 1275 663 1304 Dominus
677 1276 858 1308 exercituum,

167 1312 327 1347 Disperdam
344 1312 453 1340 nomina
473 1311 606 1347 idolorum
621 1312 655 1340 de
671 1316 753 1347 terra,

202 1346 231 1375 et
246 1355 298 1375 non
311 1348 535 1375 memorabuntur
547 1346 619 1375 ultra
632 1356 639 1375 :

166 1383 201 1411 Et
214 1383 227 1402 ι)
245 1384 504 1419 pscudopmphctas.

203 1423 232 1446 et
247 1420 370 1454 Spiritum
386 1419 555 1447 iunnundnm
570 1419 692 1447 auferam
708 1418 741 1446 de
757 1422 840 1446 terra.

166 1454 201 1483 Et
215 1455 279 1487 erit,
294 1463 354 1483 cum
371 1455 544 1490 prophetarit
557 1455 691 1491 quispiam
707 1455 789 1487 ultra,

203 1490 295 1518 dicent
314 1492 338 1520 ei
354 1497 430 1526 pater
445 1491 505 1526 ejus
516 1496 543 1518 et
564 1490 652 1519 mater
663 1490 733 1526 ejus,
750 1490 796 1525 qui
810 1492 963 1525 genuerunt

239 1534 300 1555 eum
314 1536 321 1555 ἶ

166 1562 226 1591 Non
239 1563 324 1626 Igives
336 1572 346 1605 ξ
358 1563 420 1599 quia
440 1563 613 1591 mendacium
636 1562 742 1591 locutus
755 1569 785 1589 es
807 1562 835 1588 in
851 1560 962 1588 nomine

262 1606 359 1626 omini.

262 1606 359 1634 omini,

203 1638 232 1662 et
244 1632 382 1671 conligant
401 1643 463 1671 eum
480 1639 558 1670 pater
571 1635 629 1670 ejus
645 1638 673 1663 et
696 1638 783 1671 mater
802 1632 871 1668 ejus,
887 1632 962 1668 geni-
976 1632 1000 1664 C

240 1668 392 1706 tores'ejus
408 1670 463 1707 [Αι.
477 1668 522 1707 qui
543 1668 698 1707 genuerunt
711 1668 795 1705 eum],
816 1676 878 1696 cum
900 1676 963 1704 pro-

240 1706 404 1741 phetaverit.

167 1740 203 1769 Et
216 1740 267 1770 erit
280 1751 288 1770 :

168 1777 197 1805 In
212 1777 257 1806 die
270 1778 315 1806 illa
329 1778 531 1807 confundentur
551 1778 703 1814 prophetae.
721 1776 913 1812 unusquisque
930 1783 963 1804 ex

241 1815 345 1853 visione
361 1822 408 1842 sua
423 1814 730 1853 cumuproplietaverit:
785 1848 800 1853 γ’

205 1857 257 1877 nec
270 1851 429 1885 operientur
441 1850 523 1885 pallio
537 1851 658 1884 saccino,
672 1854 702 1877 ut
718 1850 884 1877 mentiantur
899 1856 906 1875 ς

170 1885 224 1914 Sed
238 1885 308 1913 dicet
324 1894 331 1913 :
348 1886 406 1914 Non
421 1894 482 1914 sutn
499 1885 642 1921 propheta,

206 1921 289 1950 homo
304 1921 421 1958 agricola
438 1929 488 1957 ego
502 1929 562 1958 smn
579 1930 586 1948 :

206 1955 334 1993 quoniam
352 1958 439 1985 Adam
452 1955 607 1993 exemplum
623 1964 715 1986 meum
733 1957 768 1985 ab
781 1955 964 1984 adolescentia

243 2001 313 2021 mea.

170 2028 204 2057 Et
217 2028 321 2058 dicetur
332 2030 357 2058 ei
371 2038 378 2058 :

171 2065 274 2128 E191nm
286 2071 349 2094 sunt
363 2066 448 2103 plagae
466 2065 524 2094 ista:
540 2066 566 2094 in
582 2065 673 2094 medio
688 2072 817 2094 manuum
839 2064 965 2092 tuarum?

235 2108 288 2128 lCel
301 2111 308 2128 ἒ

196 2103 288 2129 tdtcet
301 2111 308 2129 :

169 2135 218 2173 [iis
230 2137 350 2173 plagatus
364 2146 423 2166 sum
440 2139 466 2166 in
480 2139 561 2167 domo
572 2146 678 2172 eorum,
690 2138 735 2173 qui
748 2136 898 2173 diligebant
910 2143 963 2164 me.

173 2171 287 2200 Frainea
299 2176 433 2202 suscitare
446 2182 529 2210 super
544 2179 680 2210 pastorem
695 2171 796 2206 meum,

206 2213 234 2236 et
254 2217 337 2244 super
349 2211 437 2238 virum
452 2208 635 2239 cohaerentem
653 2210 731 2245 mihi,
747 2209 816 2237 dicit
835 2208 965 2236 Dominus

241 2247 409 2273 exercituum
420 2254 428 2273 :

170 2279 287 2308 Percute
300 2286 447 2316 pastorem,
465 2286 492 2309 et
502 2282 692 2318 dispergentur
705 2288 790 2310 oves;
810 2283 837 2308 ct
852 2286 967 2308 conver-

242 2319 296 2342 tam
313 2324 422 2343 mannm
439 2325 526 2344 meam
542 2316 575 2345 ad
590 2316 730 2352 parvulos.

170 2350 207 2378 Et
219 2356 297 2379 erunt
311 2352 337 2380 in
351 2353 425 2379 omni
437 2357 518 2386 terra,
532 2350 598 2380 dicit.
617 2353 745 2380 Dominus
761 2361 768 2378 ι

207 2394 297 2422 partes
312 2388 372 2416 dua:
388 2388 414 2415 in
429 2395 461 2416 ea
474 2388 674 2424 dispergentur,
690 2393 717 2415 et
731 2386 875 2420 deficient;

208 2428 234 2459 ct
246 2424 325 2451 tertia
341 2432 402 2459 pars
414 2424 584 2459 relinquetur
599 2425 624 2451 in
639 2432 680 2451 ea.

171 2458 207 2487 Et
220 2458 316 2487 ducam
332 2458 440 2488 tertiam
454 2464 559 2496 partem
576 2468 625 2495 per
640 2460 739 2494 ignem,

207 2500 236 2522 et.
247 2503 323 2523 uram
338 2503 386 2523 ens
402 2497 470 2523 sicut
486 2497 572 2523 uritur
586 2499 737 2530 argentum,

208 2536 236 2558 et
248 2532 370 2566 probabo
384 2539 433 2559 eos
447 2532 518 2559 sicut
533 2532 664 2567 probatur
676 2537 783 2559 aurum.

172 2566 233 2603 Ipse
243 2568 352 2596 vocabit
365 2575 464 2595 nomen
478 2575 579 2602 meum,

209 2607 237 2630 et
246 2611 296 2638 ego
308 2603 451 2631 exaudiam
465 2611 538 2632 eum.

173 2638 266 2667 Dicam
281 2649 287 2667 :
309 2640 427 2674 Pepulus
439 2647 516 2667 meus
530 2647 559 2667 es
573 2648 580 2667 :

209 2679 237 2702 ct
251 2675 310 2709 ipse
322 2675 405 2708 dicet,
420 2675 551 2702 Dominus
564 2675 634 2703 Dens
648 2682 734 2703 meus.

174 2710 250 2747 [Cap.
267 2710 349 2747 XlV.j
365 2711 433 2738 Ecce
450 2711 561 2739 venient
572 2711 625 2747 [ΑΙ.
641 2710 765 2747 veniunt]
777 2710 835 2738 dies
846 2710 966 2743 Domini,

211 2772 224 2786 α
242 2768 413 2802 Exemplaria
427 2764 556 2801 Canonis,
572 2769 598 2795 in
614 2768 825 2803 conspectuejus.
842 2768 933 2795 MART.

208 2802 223 2823 ιι
239 2803 324 2831 Vocat
343 2812 407 2832 vero
423 2803 510 2834 ἁπλῶς
526 2805 551 2831 itt
573 2802 775 2831 Commentario
805 2802 949 2839 Prop/ictos
963 2811 971 2830 :

175 2840 281 2874 hocque
309 2840 396 2874 ipsum
422 2847 522 2867 nomen
550 2839 705 2867 edisserens
733 2847 766 2866 ex
782 2838 900 2867 Graeco:
919 2838 972 2866 Pro

174 2875 418 2913 pseudoprophetis,
433 2876 531 2908 inquit,
547 2876 573 2902 in
582 2875 712 2913 ffebrttico
725 2874 842 2913 absolute
854 2875 973 2913 leguntur

176 2910 362 2947 prophetat,“
385 2917 432 2946 est,
449 2920 538 2945 usam,
555 2912 598 2947 qui
622 2917 645 2939 et
659 2911 708 2947 ipsi
734 2910 973 2945 pseudopi'o'phctas

177 2946 341 2985 Signiﬁcant;
356 2948 400 2975 sed
416 2953 501 2976 tamen
517 2952 540 2975 et
559 2947 591 2975 ab
607 2947 714 2976 ethnicis
728 2946 972 2975 sacerdotcsidofo-

716 173 818 202 LIBER
836 172 1024 204 ZACHARLE
1043 173 1252 204 PROPIIETJE.

969 232 997 263 Α
1010 265 1030 267 _
1045 234 1073 258 et
1085 230 1243 259 dividentur
1254 232 1342 267 spolia
1354 236 1398 261 tua
1412 233 1440 262 in
1456 234 1548 263 medio
1559 234 1609 263 tui.

1743 179 1811 209 1071

1009 265 1045 294 Et
1057 268 1228 310 congregabo
1235 265 1330 310 omnes
1337 275 1431 305 gentes
1438 270 1471 299 ad
1479 270 1632 300 Jerusalem
1640 270 1666 299 in
1674 270 1808 307 prmlium.

1045 307 1072 330 et
1087 307 1210 337 capietur
1222 307 1331 338 civitas,

1045 343 1073 365 et
1087 339 1265 376 vastabuntur
1275 340 1385 376 domus,

1047 378 1075 402 et
1089 375 1219 403 mulieres
1236 375 1409 406 \‘iolabttntur
1424 387 1431 405 :

1010 409 1045 437 Et
1064 410 1220 450 egredietur
1239 412 1329 450 media
1347 421 1409 448 pars
1425 413 1545 442 civitatis
1564 414 1591 442 in
1609 413 1809 450 captivitatem,

1045 450 1073 474 et
1087 447 1220 482 reliquum
1238 448 1329 482 populi
1346 447 1399 477 non
1418 450 1558 478 auferetur
1573 458 1606 478 ex
1622 447 1699 478 urbe.

1010 481 1044 510 Et
1057 481 1214 545 egfleadﬁtetur
1229 481 1368 519 Dominus,
1380 490 1408 513 et
1421 487 1590 521 pra-habitur
1604 490 1698 514 contra
1712 491 1809 522 gentes

1083 527 1089 545 Ι
1132 540 1137 545 .
1155 539 1162 545 .

1083 526 1144 545 tuas
1155 539 1162 552 ,

1046 554 1117 581 sicut
1135 555 1272 590 prteliatus
1285 560 1327 584 est
1342 557 1368 584 in
1384 558 1429 585 die
1444 558 1612 586 certaminis.

1011 589 1047 617 Et
1061 589 1173 618 stabunt
1188 592 1271 627 pedes
1283 593 1344 628 ejus
1358 595 1385 621 in
1401 593 1446 622 die
1459 594 1505 621 illa
1521 601 1604 630 super
1615 597 1737 622 montem
1752 593 1811 622 Oli-

1082 633 1177 654 varum
1190 648 1197 661 ,

1047 663 1150 703 quiest
1165 668 1259 691 contra
1272 663 1423 703 Jerusalem
1440 665 1474 693 ad
1490 666 1625 703 orientem
1639 675 1646 693 ς

1011 698 1046 727 Et
1060 698 1201 740 scindetur
1216 708 1294 728 mons
1307 701 1443 740 Qlivarum
1460 709 1494 729 cx
1508 702 1597 730 media
1616 706 1694 737 parte
1716 701 1760 730 sui
1774 701 1809 729 ad

1083 738 1217 763 orientem
1235 740 1263 764 et
1274 738 1458 772 occidentem,

1048 778 1136 806 prmru
1142 777 1187 806 pto
1205 772 1298 806 grandi
1315 774 1392 801 valde
1405 782 1412 800 :

1012 805 1046 833 Et
1060 805 1234 840 separabitur
1250 814 1260 827 ο
1277 816 1355 836 mons
1375 809 1408 836 ad
1424 808 1590 843 aquilonem,

1048 847 1075 878 et
1088 842 1205 870 medium
1221 843 1280 878 ejus
1293 845 1325 871 ad
1340 842 1492 873 meridiem.

1013 877 1046 904 Et
1060 876 1168 913 fugietis
1181 878 1214 906 ad
1229 876 1326 907 vallem
1339 882 1473 908 montium
1490 889 1595 913 eorum.

976 933 1001 964 Β
1049 912 1182 964 quoniam
1200 915 1380 951 conjungetur
1403 916 1483 944 vallis
1508 912 1640 945 montium
1665 923 1752 952 usque
1776 916 1809 945 ad

1086 956 1238 983 proxumum
1253 960 1259 978 :

1013 984 1049 1012 Et
1062 984 1170 1026 fugietis
1184 986 1252 1026 sicut
1263 986 1369 1026 fugistis
1380 996 1396 1015 a
1409 988 1479 1017 facie
1493 993 1664 1017 terraemotus
1676 989 1703 1017 iu
1716 988 1811 1016 diebus

1085 1022 1157 1048 Ozia:
1173 1022 1244 1056 regis
1259 1022 1327 1050 Juda
1344 1033 1351 1051 :

1049 1059 1077 1084 et
1097 1056 1188 1085 veniet
1208 1057 1340 1087 Dominus
1359 1059 1433 1088 Deus
1452 1067 1540 1096 meus,
1557 1068 1708 1097 omnesque
1722 1060 1812 1089 sancti

1086 1100 1147 1120 cum
1163 1101 1209 1121 eo.

1013 1127 1048 1156 Et
1061 1128 1113 1155 erit
1126 1129 1152 1156 in
1169 1129 1212 1156 die
1225 1129 1289 1158 illa:

1048 1163 1107 1205 Non
1127 1165 1179 1205 erit
1194 1165 1256 1199 lux,
1272 1166 1320 1195 sed
1340 1168 1424 1203 frigus
1436 1171 1462 1195 et
1473 1168 1545 1203 gelu.

1013 1199 1047 1227 Et
1061 1199 1113 1228 erit
1124 1201 1182 1239 dies
1196 1209 1259 1235 una,
1271 1210 1332 1237 qua:
1345 1199 1408 1231 nota
1427 1199 1606 1239 cstVDomino,

1049 1243 1102 1262 non
1118 1237 1176 1264 dies
1191 1244 1279 1272 neque
1291 1246 1343 1266 nox
1360 1248 1366 1266 :

1048 1276 1076 1299 et
1087 1271 1114 1310 in
1123 1271 1254 1310 tempore
1268 1275 1373 1310 vesperi
1389 1275 1441 1302 erit
1454 1275 1511 1302 lux.

1013 1307 1047 1335 Et
1059 1308 1111 1335 erit
1122 1308 1148 1335 itt
1163 1307 1207 1336 die
1228 1309 1271 1336 illa
1284 1319 1290 1336 :

1050 1343 1167 1372 Exibunt
1182 1351 1259 1379 aqua:
1271 1345 1338 1373 vivae
1351 1346 1385 1373 de
1403 1345 1554 1375 Jerusalem
1572 1357 1579 1375 :

1013 1378 1130 1411 Medium
1142 1378 1235 1407 earum
1251 1381 1284 1408 ad
1300 1389 1375 1409 mare
1388 1383 1521 1410 orientale
1533 1403 1541 1415 .

1049 1420 1077 1453 et
1090 1415 1208 1443 medium
1222 1423 1314 1453 earum
1327 1418 1359 1445 ad
1373 1425 1448 1445 mare
1462 1419 1648 1453 novissimum,

1049 1451 1076 1478 in
1091 1455 1186 1479 testate
1196 1456 1223 1479 et
1238 1452 1264 1480 in
1285 1452 1374 1481 hieme
1387 1458 1474 1481 erunt.

1014 1485 1117 1524 Eterit
1126 1488 1256 1524 Dominus
1267 1497 1313 1516 rex
1330 1496 1411 1524 super
1424 1497 1531 1517 omnem
1547 1495 1646 1517 terram
1663 1499 1669 1517 :

1049 1522 1077 1550 in
1092 1522 1137 1550 die
1149 1523 1195 1550 illa
1211 1522 1400 1553 eritDomitius
1413 1533 1481 1553 unus
1493 1546 1501 1560 ,
1527 1532 1553 1554 et
1568 1526 1620 1554 erit
1643 1533 1741 1554 nomen
1756 1525 1815 1561 ejus

1086 1566 1181 1586 unum.

1013 1594 1047 1622 Et
1062 1599 1214 1632 revertetur
1225 1597 1314 1624 omnis
1330 1601 1399 1624 terra
1416 1604 1501 1632 usque
1527 1597 1559 1624 ad
1573 1597 1722 1632 desertum,

1052 1631 1086 1658 de
1101 1632 1170 1658 colle
1184 1631 1319 1659 ltemmon
1335 1632 1368 1659 ad
1379 1631 1502 1660 austrum
1526 1633 1679 1661 Jerusalem
1695 1642 1701 1659 :

1015 1667 1048 1694 Et
1063 1667 1235 1699 exaltabitur,
1257 1672 1284 1695 et
1297 1668 1428 1695 habitabit
1441 1670 1466 1695 in
1480 1669 1540 1696 loco
1554 1677 1614 1702 suo,

1051 1710 1065 1729 a
1081 1708 1158 1737 porta
1174 1703 1314 1740 Benjamin
1330 1711 1414 1739 usque
1430 1705 1463 1731 ad
1480 1705 1567 1732 locum
1589 1709 1674 1740 porta:
1690 1704 1789 1740 prioris
1802 1724 1810 1738 ,

1052 1743 1173 1773 etusque
1186 1739 1219 1766 ad
1233 1745 1338 1773 portam
1355 1740 1514 1774 angulorum
1532 1748 1539 1766 :

1051 1779 1079 1811 et
1090 1781 1107 1811 a_
1121 1779 1194 1811 turre
1208 1775 1326 1803 Ananeel
1341 1782 1424 1810 usque
1439 1776 1473 1803 ad
1486 1775 1633 1804 toreularia
1647 1775 1728 1811 regis.

1016 1810 1051 1839 Et
1065 1809 1226 1837 liabitabunt
1241 1810 1266 1837 in
1279 1818 1327 1843 ea,

1052 1849 1080 1873 et
1095 1845 1243 1882 anathema
1254 1854 1308 1874 non
1323 1846 1376 1874 erit
1389 1847 1504 1882 amplius
1519 1856 1526 1875 :

1053 1881 1099 1908 sed
1111 1881 1218 1909 sedebit
1233 1881 1383 1910 Jerusalem
1399 1881 1506 1910 secura.

1017 1918 1051 1946 Et
1061 1917 1119 1944 haec
1129 1917 1180 1944 erit
1191 1917 1278 1952 plaga.
1294 1926 1345 1953 qua
1358 1919 1489 1953 percutiet
1502 1918 1633 1947 Dominus
1642 1925 1737 1946 omnes
1750 1926 1814 1954 gen-

1088 1956 1130 1980 tes
1143 1961 1203 1988 qua:
1218 1959 1403 1988 pugnaverunt
1417 1955 1546 1982 adversus
1567 1954 1719 1982 Jerusalem
1735 1962 1742 1981 :

1054 1989 1174 2017 tabescet
1190 1996 1254 2016 caro
1271 1989 1482 2026 uniuscujusque
1510 1991 1607 2018 stantis
1622 1997 1704 2026 Super
1732 1990 1815 2026 pedes

1087 2032 1151 2053 suos
1163 2045 1171 2058 ,

1054 2067 1082 2091 et
1095 2061 1165 2089 oculi
1179 2060 1238 2096 ejus
1252 2061 1446 2089 contabescent
1459 2062 1485 2089 in
1500 2062 1678 2090 foraminibus
1693 2061 1759 2095 suis,

1053 2101 1081 2126 et
1096 2098 1186 2131 lingua
1201 2104 1296 2124 eorum
1310 2099 1486 2125 contabescet
1499 2098 1525 2125 in
1540 2106 1588 2125 ore
1602 2105 1707 2125 eorum.

1018 2135 1046 2163 In
1064 2133 1108 2161 die
1124 2133 1168 2160 illa
1182 2132 1233 2160 erit
1251 2133 1382 2160 tumultus
1394 2133 1500 2161 Domini
1516 2141 1628 2168 magnus
1644 2134 1670 2160 iit
1685 2133 1741 2164 eis;

1054 2175 1082 2198 et
1096 2168 1281 2204 apprehendet
1293 2169 1333 2195 vir
1344 2177 1453 2196 manum
1470 2169 1584 2204 proximi
1601 2169 1653 2201 sui,

1053 2211 1079 2234 et
1090 2203 1349 2232 cotisercturmanns
1360 2204 1417 2239 ejus
1428 2212 1509 2239 super
1517 2212 1624 2231 manutn
1637 2203 1814 2238 proximisui.

1019 2242 1074 2271 Sed
1092 2245 1117 2268 et
1134 2240 1217 2267 Judas
1233 2240 1359 2274 pugnabit
1374 2240 1505 2267 adversus
1516 2239 1665 2267 Jerusalem
1684 2247 1691 2266 :

1055 2282 1082 2306 et.
1096 2273 1334 2317 congregabuntur
1347 2275 1449 2302 divitia:
1459 2276 1579 2302 omnium
1591 2274 1709 2311 gentium
1725 2274 1752 2302 in
1763 2273 1816 2302 cir-

1090 2317 1163 2339 cuttu

1055 2334 1209 2381 auruni,’et
1221 2352 1362 2383 argenturm
1378 2351 1402 2374 et
1417 2352 1508 2375 vestes
1519 2346 1613 2374 multae
1627 2346 1705 2374 satis.

1020 2385 1053 2413 Et
1067 2385 1107 2411 sic
1119 2383 1172 2411 erit
1184 2383 1262 2411 ruina
1279 2383 1341 2418 equi
1353 2387 1381 2410 et
1393 2383 1471 2417 muli,

1054 2419 1151 2448 cameli
1162 2424 1189 2446 et
1203 2419 1282 2452 asini,
1753 2434 1758 2438 .

1055 2460 1082 2483 et
1105 2457 1227 2483 omnium
1247 2455 1432 2490 jumentorum
1447 2476 1454 2490 ,
1470 2462 1532 2492 qua:
1555 2454 1659 2483 fuerint
1679 2453 1707 2481 in
1721 2452 1818 2481 castris

1090 2492 1155 2525 illis,

1056 2528 1126 2556 sicut
1138 2527 1216 2555 ruina
1230 2527 1298 2555 hare.

1021 2565 1055 2593 Et
1068 2571 1163 2593 omnes
1174 2564 1219 2599 qui
1235 2562 1330 2598 reliqui
1354 2563 1454 2591 fuerint
1472 2563 1505 2591 de
1524 2562 1658 2591 universis
1678 2561 1817 2598 gentibus,

1092 2607 1153 2634 quae
1166 2600 1288 2627 venerint
1299 2606 1391 2627 contra
1403 2600 1563 2633 Jerusalem,

1058 2636 1206 2664 ascenderit
1222 2636 1257 2663 ab
1271 2643 1343 2663 anno
1356 2636 1383 2663 in
1399 2643 1516 2669 annum,
1540 2639 1571 2662 ut
1592 2634 1706 2662 adorent
1727 2639 1820 2668 regem

1095 2672 1238 2699 Dominum
1253 2672 1391 2699 exercitui:
1398 2679 1422 2698 m
1434 2693 1441 2705 ,
1635 2686 1638 2687 ν

1061 2713 1088 2736 et
1101 2707 1241 2735 celebrent
1257 2707 1431 2735 festivitatem
1447 2707 1695 2735 tabernaculorum.

1024 2775 1082 2793 νωιι
1096 2770 1221 2793 vocantur
1234 2765 1377 2801 prophetw.

1063 2807 1073 2821 ε
1087 2801 1197 2828 Rectius
1212 2799 1326 2837 vulgati,
1343 2807 1423 2837 atque
1438 2801 1505 2835 ipse,
1524 2805 1552 2828 ut
1562 2801 1679 2833 videtur,
1695 2800 1724 2827 S.
1746 2799 1826 2826 Pater

1025 2837 1149 2874 pra-legit
1174 2837 1201 2864 in
1223 2836 1385 2864 Comment.’
1400 2838 1511 2865 medium
1538 2838 1651 2869 montis,
1678 2844 1726 2871 pro
1741 2843 1825 2862 mons.

1025 2885 1108 2947 (ἔστιῇ
1121 2885 1147 2912 in
1158 2884 1309 2921 archetypo
1317 2892 1423 2921 quoque
1434 2884 1549 2913 Hebraeo
1560 2888 1602 2913 est
1611 2875 1704 2914 055m
1715 2881 1826 2909 medium

1026 2929 1085 2947 mon
1100 2930 1131 2947 ιε.

1026 2929 1131 2949 111011118-
