4050 6356
398 322 537 382 10⁸15
1397 321 1455 376 S.
1503 318 1886 379 lllEllONYlli
1927 317 1993 375 Dl

2098 318 2162 375 lA
2202 317 2681 374 BIBLIOTIIECA.
3559 319 3697 378 1076

393 441 462 497 Et
491 442 597 498 erit
625 460 637 495 :
1293 507 1318 508 77
2020 440 2071 499 Α
2169 453 2289 508 qua:
2321 452 2426 491 non
2458 435 2804 492 ascenderint
2829 436 2896 492 ad
2927 434 3313 492 celebrandam
3349 434 3691 494 festivitatem

469 516 559 586 qui
585 529 690 580 non
718 512 1020 571 ascenderit
1045 512 1113 586 tle
1138 507 1355 586 familiis
1381 515 1540 566 terra:
1566 510 1633 563 ad
1663 508 1989 579 Jerusalem,
2097 581 2118 586 _
2188 507 2740 586 ’77tabemac7ulorm7u.

539 599 596 642 ut
628 585 815 642 adoret
845 601 1024 657 regem
1057 584 1344 640 Dominum
1371 587 1738 648 exercituum,
2063 591 2068 596 ‘
2097 581 2156 637 In
2187 581 2277 657 die
2307 583 2401 657 it|a7
2420 583 2521 635 erit
2550 580 2691 652 quod
2721 595 2887 650 super
2910 580 3122 636 frenum
3153 581 3278 651 equi
3308 591 3414 647 est,
3444 590 3690 638 sanctum

471 674 576 712 non
598 660 702 713 erit
731 652 1014 728 superveos
1044 657 1236 728 imber.
1588 727 1596 728 7
1673 727 1679 728 7
2251 652 2522 728 Dotnin_o_:

397 729 549 797 Quod
578 740 631 784 et
663 729 707 784 si
737 723 934 783 familia
981 727 1204 801 Egypti
1249 739 1357 781 non
1399 727 1732 797 ascenderit,
1783 739 1836 783 et
1887 737 1992 784 non
2170 733 2226 780 et
2255 724 2646 801 eruntlebetes
2674 724 2729 779 in
2761 723 2926 779 domo
2954 724 3166 780 Domini
3192 723 3346 795 quasi
3378 725 3577 796 phiala:
3607 740 3698 781 co-

543 801 750 856 vcnerit
777 817 790 852 :
1061 797 1067 798 “
1093 797 1107 801 ⁷
1130 797 1143 800 ⁷
2244 810 2357 849 ram
2390 797 2563 850 altari.

471 890 571 926 nec
597 889 758 941 super
787 886 880 926 eos
907 873 1032 936 erit,
2105 870 2170 924 lit
2197 870 2302 920 erit
2327 868 2502 941 omnis
2537 867 2684 941 lebes
2715 869 2766 924 in
2798 869 3102 926 Jerusalem
3128 877 3183 924 et
3211 871 3264 923 iu
3291 869 3427 924 Juda
3457 867 3696 924 sanctiﬁ-

467 945 563 1000 sed
617 939 722 1000 crit
771 946 962 1012 ruina,
1010 943 1135 1015 quia
1183 941 1449 1017 percutiet
1495 941 1757 998 Dominus
1806 957 2000 1000 omnes
2249 952 2401 1017 catus
2429 939 2660 994 Domino
2689 945 3067 1017 exercituum:

487 1049 492 1052 -
540 1027 755 1085 gentes,
950 1011 953 1012 ⁷
1028 1011 1040 1015 ’
1184 1011 1202 1017 “
1756 1083 1762 1085 7
2173 1021 2227 1066 et
2259 1013 2474 1064 venient.
2503 1025 2694 1085 omnes
2727 1013 3068 1068 innnolautes
3095 1053 3110 1078 ,
3152 1019 3207 1067 et
3241 1021 3461 1069 sument
3491 1027 3558 1068 ex
3588 1011 3701 1080 eis,

468 1083 586 1157 qufc
617 1102 725 1142 non
758 1085 1102 1142 asecuderint
1129 1085 1196 1142 ad
1232 1085 1614 1143 celebrandam
1649 1083 1994 1142 festivitatem
2244 1091 2299 1136 et
2327 1091 2562 1157 coqnenl
2593 1084 2644 1137 in
2677 1085 2797 1139 eis:

540 1159 1041 1212 tabernaculorum.
2171 1162 2226 1210 et
2263 1169 2368 1208 non
2400 1155 2504 1208 erit
2536 1166 2805 1211 mercator
2827 1159 2966 1214 ultra
3001 1158 3053 1212 in
3077 1156 3241 1213 domo
3285 1155 3500 1213 Domini
3541 1169 3698 1212 exer-

398 1229 513 1285 Hoc
539 1232 639 1303 erit.
673 1241 950 1298 peccatum
983 1229 1199 1303 Algypti
1219 1270 1234 1295 ,
1405 1302 1408 1303 7
2240 1227 2444 1282 cituum
2475 1228 2526 1282 in
2554 1227 2642 1282 die
2669 1226 2782 1282 illo.

466 1313 519 1356 et
553 1301 656 1356 hoc
687 1314 968 1371 peccatum
997 1301 1237 1358 omnium
1266 1302 1509 1374 gentium
1528 1341 1544 1368 ,

401 1394 404 1396 ⁷
1557 1391 1788 1465 Explicit
1812 1391 1941 1449 liber
1968 1391 2243 1448 Zacharice
2272 1390 2564 1464 praphetw.

407 1540 915 1555 _—~"

1850 1631 2288 1718 INCIPIT

497 1789 1101 1937 LIBER
1179 1707 3607 2021 MALACHiAdPROPHET/E.

407 2159 562 2235 [ϐαρἲ
595 2155 655 2235 1.]
678 2156 836 2235 70nus
863 2159 1019 2216 verbi
1040 2160 1258 2217 Domini
1286 2161 1351 2216 ad
1382 2161 1549 2218 Israel
1588 2161 1640 2216 in
1686 2174 1849 2215 manu
1892 2157 2005 2214 Μει-
2037 2162 2086 2223 Β
2256 2174 2378 2235 meo
2408 2157 2612 2215 oblatio
2643 2159 2864 2226 munda,

552 2227 712 2304 laclii.
786 2303 813 2304 77
930 2303 935 2304 7
2183 2230 2307 2304 quia
2344 2246 2595 2300 magnum
2621 2241 2928 2304 estnomen
2959 2247 3141 2288 meum
3185 2232 3238 2288 in
3282 2232 3560 2304 gentibus,
3591 2233 3726 2289 dicit

408 2303 583 2360 Dilexi
615 2319 735 2367 vos,
767 2303 899 2357 dicit
925 2303 1210 2360 Dominus.
2257 2303 2517 2357 Dominus
2546 2302 2908 2359 exercituum.

481 2384 534 2429 el
561 2374 812 2430 dixistis:
850 2376 902 2430 in
931 2389 1041 2444 quo
1069 2375 1307 2432 dilexisti
1331 2376 1468 2432 nos?
2116 2372 2182 2427 Et
2209 2388 2304 2427 vos
2331 2374 2573 2443 polluisti
2608 2375 2740 2428 illud
2772 2376 2824 2428 iu
2855 2391 2921 2429 eo
2949 2375 3091 2442 quod
3120 2375 3298 2430 dicitis
3330 2392 3344 2430 :

407 2445 602 2502 Nonne
627 2444 796 2500 frater
822 2458 938 2501 erat
970 2447 1110 2500 Esau
1141 2447 1330 2514 .Iacob,
1363 2449 1494 2502 dicit
1526 2447 1822 2513 Dominus,
2183 2444 2366 2499 Mensa
2405 2446 2614 2500 Domini
2653 2448 3020 2501 contaminata
3050 2458 3136 2502 est
3163 2466 3175 2499 :

481 2526 537 2574 et
565 2518 726 2590 dilexi
755 2516 944 2582 Jacob,
964 2519 1122 2590 Esau
1142 2527 1322 2572 autem
1359 2519 1485 2573 od=o
1517 2519 1722 2573 habui?
2185 2526 2240 2572 et
2261 2517 2404 2587 quod
2427 2521 2836 2588 superponitur.
2872 2518 3286 2588 contemptibile
3316 2524 3418 2584 est,
3441 2533 3566 2573 cum
3596 2519 3720 2590 igne

410 2589 477 2644 Et
504 2589 657 2658 po-ui
686 2598 900 2643 montes
926 2589 1043 2658 ejus
1073 2591 1124 2643 in
1154 2591 1542 2649 solitudinem.
2259 2592 2346 2655 qui
2380 2590 2506 2643 illud
2537 2590 2776 2644 devorat.

480 2669 536 2715 et
566 2661 934 2715 Ilil‘l‘t'tlilalelll
969 2662 1087 2730 ejus
1117 2661 1167 2714 in
1208 2663 1479 2716 dracones
1507 2661 1733 2716 deserti.
2116 2659 2180 2713 Et
2211 2659 2424 2715 dixistis
2455 2675 2470 2716 :
2505 2662 2639 2715 Ecce
2671 2663 2740 2716 de
2771 2662 2981 2726 labore,

409 2731 563 2800 Quod
595 2733 637 2784 si
668 2731 865 2786 dixerit
895 2731 1122 2785 ldumzea
1151 2749 1165 2788 :
1205 2733 1468 2788 lieSIructi
1498 2747 1707 2794 sumus,
2186 2744 2240 2786 et
2267 2732 2592 2787 exsufﬂastis
2627 2733 2778 2794 illud,
2811 2732 2950 2787 dicit
2978 2731 3237 2786 Dominus
3257 2733 3639 2798 exercituum;

481 2803 575 2858 sed
604 2812 946 2858 revertentes
970 2802 1384 2870 :edilicabimus,
1403 2820 1524 2874 quae
1543 2803 1815 2860 destructa
1839 2811 1968 2860 sunt
1995 2820 2010 2859 :
2117 2802 2180 2856 Et
2208 2803 2466 2857 intulistis
2495 2803 2564 2859 de
2595 2805 2799 2872 rapinis
2823 2803 3099 2872 claudum,
3135 2811 3190 2859 et
3213 2803 3547 2872 languidum,

411 2874 542 2929 Haec
567 2875 701 2927 dicit
730 2874 989 2928 Dominus
1017 2877 1358 2930 exercituum
1389 2893 1400 2928 :
2187 2885 2238 2927 et
2275 2874 2529 2929 intulistis
2559 2891 2755 2930 munus
2789 2894 2800 2929 ε

407 2945 504 3002 Isti
535 2945 905 3013 arditicabunt,
934 2954 989 3000 et
1009 2960 1110 3014 ego
1139 2947 1422 3002 destruam
1458 2965 1469 3001 :
2114 2944 2388 3016 Numquid
2420 2949 2715 3016 suscipiam
2749 2946 2877 3002 illud
2907 2945 2977 3002 de
3005 2961 3168 3000 manu
3200 2945 3429 3001 vestra?
3452 2944 3587 3001 dicit
3610 2945 3726 3002 Do-

483 3026 540 3071 el.
569 3016 908 3072 Vocabuulur
940 3017 1154 3072 termini
1187 3019 1509 3083 impietatis,
2259 3020 2459 3072 minus.

481 3097 538 3144 et
570 3089 801 3158 populus
832 3086 918 3143 cui
950 3088 1120 3143 iratus
1143 3099 1230 3144 est
1268 3090 1530 3145 Dominus
1555 3103 1730 3161 usque
1766 3089 1819 3144 in
1847 3098 2007 3146 :eter-
2117 3097 2145 3126 ι
2176 3087 2496 3144 Maledictus
2526 3088 2770 3153 dolusus,

557 3176 704 3232 ltlttll.
832 3231 839 3232 7
913 3229 959 3232 __
1004 3231 1012 3232 7
1642 3159 1655 3161 “
2187 3161 2277 3231 qui
2310 3162 2471 3215 habet
2514 3161 2567 3215 in
2599 3177 2766 3232 grege
2813 3176 2911 3216 suo
2966 3159 3292 3226 masculum,
3326 3167 3382 3214 et
3425 3169 3615 3213 votum
3649 3160 3731 3213 la-

414 3229 483 3287 Et
511 3230 651 3285 oculi
677 3231 843 3286 vestri
875 3229 1136 3287 videbunt
1169 3250 1182 3286 :
2210 3229 2220 3231 “
2259 3232 2412 3287 ciens
2442 3229 2684 3287 immolat
2706 3229 2888 3288 debile
2924 3235 3151 3287 Domino
3177 3248 3191 3286 :

487 3313 542 3357 et
565 3317 660 3375 vos
690 3303 884 3357 dicetis
915 3320 964 3375 :7
1629 3374 1642 3375 7
1781 3374 1786 3375 7
2116 3301 2254 3371 Quia
2285 3320 2379 3358 rex
2423 3321 2650 3371 magnus
2695 3321 2821 3375 ego,
2871 3305 3003 3360 dicit
3047 3305 3312 3358 Dominus
3356 3302 3728 3371 exercituum,

415 3372 772 3444 Magnificam
814 3373 1077 3432 Dominus
1106 3389 1272 3444 super
1303 3377 1596 3432 terminum
1623 3374 1817 3430 Israel.
2189 3384 2243 3428 et
2269 3390 2465 3432 nomen
2494 3393 2675 3431 minim
2709 3372 2970 3432 horribile
3000 3377 3051 3435 in
3084 3377 3356 3442 gentibus.

415 3442 585 3500 Filius
616 3446 841 3517 honorat
872 3455 1104 3515 patrem,
1180 3442 1189 3444 ⁷
2119 3444 2268 3518 [ϐαρ.
2302 3445 2390 3518 ΙΙ.]
2425 3449 2489 3502 Et
2520 3463 2661 3502 nunc
2709 3446 2775 3502 ad
2817 3462 2912 3503 vos
2958 3447 3267 3503 mandatum
3321 3446 3442 3510 hoc,
3479 3459 3514 3502 0
3540 3460 3733 3502 sacer-

489 3525 542 3614 et
564 3519 1058 3614 servitsndontinum
1091 3533 1247 3614 sutim
1286 3536 1329 3614 ε.
1363 3588 1432 3614 L7
1690 3590 1751 3614 Α
2039 3552 2085 3614 c
2116 3587 2171 3614 Ω.
2243 3519 2441 3614 “dotes,

417 3586 476 3643 Si
503 3602 632 3656 ergo
663 3589 819 3643 Pater
843 3605 942 3658 ego
969 3606 1110 3649 sum.
1136 3589 1227 3644 ubi
1250 3599 1333 3642 est
1363 3588 1539 3646 honor
1562 3590 1751 3645 meus?
2039 3586 2085 3614 υ
2116 3587 2172 3644 Si
2203 3590 2486 3646 nolueritis
2524 3592 2736 3656 audire,
2778 3601 2835 3647 et
2877 3593 2922 3646 si
2975 3590 3259 3646 nolueritis
3304 3602 3511 3658 ponere
3557 3603 3731 3659 super

488 3669 542 3712 et
572 3661 615 3712 si
648 3659 910 3730 Dominus
940 3676 1039 3730 ego
1066 3676 1208 3725 sum,
1242 3663 1330 3714 ubi
1357 3673 1440 3716 831
1474 3662 1638 3716 timor
1677 3660 1872 3716 meus?
2261 3677 2381 3726 cor,
2827 3663 2836 3670 ’

492 3730 622 3805 dicit
645 3729 1278 3805 Dominusexcrcitnnm
1316 3750 1328 3784 :
1364 3803 1370 3805 7
1415 3803 1421 3805 7
1462 3804 1468 3805 7
2191 3741 2252 3787 ut
2281 3734 2421 3789 detis
2449 3733 2674 3805 gloriam
2705 3735 2912 3791 nomini
2938 3749 3082 3801 meo,
3113 3733 3190 3788 ait
3216 3732 3480 3787 Dominus
3506 3731 3736 3788 exerci-

418 3794 502 3855 Ad
531 3816 713 3875 vos,_o
734 3801 1072 3875 sacerdotes,
1101 3805 1191 3871 qui
1226 3803 1505 3871 deSpicitis
1537 3819 1732 3862 i-omen
1765 3819 1943 3858 meum
1962 3850 1976 3875 ,
2264 3814 2413 3860 tuum
2440 3794 2455 3860 Ξ

490 3882 544 3945 et
570 3871 785 3929 dixistis
813 3889 828 3927 :
860 3873 912 3927 in
943 3889 1049 3941 quo
1073 3875 1421 3943 despeximus
1449 3892 1646 3930 nomen
1680 3876 1872 3930 tuum?
1963 3871 1972 3875 ’
2193 3875 2402 3932 Mittam
2436 3879 2489 3932 in
2522 3893 2623 3933 vos
2655 3887 2970 3945 egestatem,

420 3940 640 4015 Oﬂ'ertis
666 3940 1028 4015 superalta’re
1059 3940 1238 3999 meum
1273 3963 1463 4014 panem
1499 3948 1798 4015 pollutum,
2192 3956 2250 4004 et
2280 3949 2598 4005 maledicam
2632 3940 3102 4006 benedictionibus
3135 3945 3360 4014 vestris,

493 4027 547 4070 et
573 4011 754 4086 dicitis
783 4032 798 4072 :
832 4014 885 4069 In
915 4032 1023 4086 quo
1058 4011 1345 4085 polluiuius
1377 4019 1468 4073 te?
1500 4011 1509 4015 ⁷
1634 4052 1638 4055 -
1786 4011 1791 4013 ⁷
2194 4030 2248 4074 et
2275 4022 2592 4076 maledicam
2623 4022 2733 4075 illis
2766 4041 2777 4075 :

418 4085 576 4162 loco
607 4085 748 4162 quod
779 4085 956 4162 dicitis
980 4105 1002 4162 7:
2125 4159 2161 4162 _
2193 4092 2450 4162 quoniam
2482 4108 2590 4149 non
2621 4094 2874 4162 posuisus
2903 4107 3067 4160 super
3095 4105 3211 4146 cor.

495 4157 676 4234 Mens:
714 4157 926 4234 Domini
959 4159 1210 4234 despecta
1242 4169 1348 4234 est.
1428 4231 1439 4234 7
2124 4157 2264 4218 Ecce
2294 4179 2393 4234 ego
2423 4157 2702 4234 projiciam
2732 4165 2886 4218 vobis
2913 4157 3218 4228 brachium,

422 4228 479 4284 Si
510 4228 758 4307 otferatis
786 4245 989 4286 caecum
1034 4230 1101 4284 ad
1153 4231 1562 4303 immolandum,
1610 4246 1790 4288 nonne
1819 4233 2020 4290 malum
2201 4245 2255 4289 et
2281 4228 2589 4307 dispergam
2622 4252 2791 4305 super
2823 4237 3031 4290 vultum
3064 4245 3302 4288 vestrum

563 4304 680 4358 eo?
2197 4316 2405 4362 stercus
2433 4304 2842 4364 solemnitatum
2872 4317 3176 4364 vestrarum
3201 4347 3217 4371 ,

495 4382 550 4428 et
574 4373 816 4449 offeratis
846 4375 1123 4443 claudum,
1155 4384 1212 4433 et
1238 4379 1572 4449 languidum,
1608 4392 1786 4434 nonne
1817 4377 2020 4432 rnatum
2128 4447 2163 4449 ῃ
2195 4389 2251 4434 et
2276 4390 2518 4434 assumet
2543 4395 2642 4434 vos
2665 4394 2873 4436 secum.

561 4445 677 4522 etii?
711 4518 722 4522 _
775 4517 787 4522 _
870 4518 881 4522 _
1093 4520 1100 4522 Α
1176 4519 1186 4522 _
1331 4445 1372 4522 ’λ
1470 4521 1477 4522 7
1560 4445 1563 4446 ν
2126 4447 2194 4503 Et
2222 4450 2408 4506 scietis
2435 4453 2557 4522 quia
2586 4451 2709 4506 misi
2733 4452 2798 4506 ad
2832 4466 2927 4505 vos
2959 4447 3272 4522 mandatum
3302 4445 3469 4522 istud,

418 4514 563 4572 Olfer
593 4517 722 4573 illud
757 4517 884 4574 duci
914 4528 1031 4590 tuo,
1059 4520 1104 4576 si
1141 4519 1403 4586 placuerit
1432 4521 1507 4586 ei,
2198 4529 2259 4576 ut
2278 4531 2428 4577 esset
2453 4514 2678 4590 'paetum
2723 4539 2904 4578 meum
2947 4537 3070 4578 cum
3116 4519 3269 4590 Levi,
3297 4519 3434 4575 dicit
3463 4517 3737 4574 Dominus

488 4600 579 4643 aut
603 4590 644 4643 si
678 4589 980 4660 susceperit
1009 4593 1198 4647 faciem
1228 4602 1396 4659 tuam,
1423 4591 1553 4646 dicit
1580 4590 1840 4646 Dominus
1864 4605 2022 4647 exer-
2267 4589 2624 4649 exercituum.

565 4661 792 4718 cituum.
2127 4662 2350 4718 Pactum
2382 4681 2560 4721 meum
2597 4666 2698 4720 fuit
2726 4681 2847 4722 cum
2882 4680 2952 4721 eo
2987 4665 3111 4718 vitae
3139 4671 3195 4719 et
3219 4662 3368 4733 pacis
3397 4677 3414 4720 :

423 4729 489 4785 Et
543 4749 686 4787 nunc
716 4733 1112 4808 7deprecamini
1153 4737 1366 4792 vultum
1412 4736 1549 4808 Dei,
1597 4745 1655 4791 ut
1699 4734 2026 4791 misereatur
2199 4744 2255 4790 et
2281 4735 2402 4791 dedi
2431 4738 2481 4793 ei
2513 4737 2786 4805 timorem,
2809 4748 2863 4793 et
2889 4736 3066 4792 timuit
3099 4751 3209 4801 me,

563 4804 730 4858 vestri
877 4876 888 4880 7
1194 4878 1205 4880 7
1535 4804 1542 4808 ⁷
1641 4878 1646 4880 7
2134 4873 2152 4880 _
2201 4816 2256 4860 et
2283 4822 2313 4861 a
2346 4809 2486 4863 facie
2517 4810 2751 4864 nominis
2773 4804 2881 4865 mei
2906 4809 3158 4880 pavebat.

490 4874 584 4950 (de
614 4876 948 4950 manuenim
980 4887 1160 4950 vestra
1184 4878 1386 4935 factum
1415 4887 1500 4936 est
1530 4878 1680 4948 hoc),
1762 4948 1772 4950 _
2048 4948 2071 4950 _
2132 4873 2248 4933 Lex
2284 4881 2533 4933 veritatis
2565 4879 2665 4935 fuit
2691 4882 2743 4936 in
2777 4895 2876 4936 ore
2905 4873 3049 4950 ilius.

493 4949 538 5001 si
569 4949 844 5021 quomodo
869 4949 1130 5020 suscipiat
1156 4951 1322 5008 facies
1345 4963 1575 5019 vestras,
1601 4946 1733 5006 dicit
1759 4948 2018 5006 Dominus
2046 4948 2098 5009 Ι)
2127 5019 2139 5021 _
2195 4959 2249 5004 et
2281 4951 2542 5021 iniquitas
2574 4967 2678 5005 non
2707 4961 2791 5007 est
2820 4946 3042 5007 inventa
3073 4950 3126 5006 in
3159 4948 3322 5004 labiis
3351 4946 3472 5017 ejus
3505 4964 3520 5001 :

565 5020 920 5092 exercituum.
1020 5019 1031 5020 7
2123 5019 2181 5075 In
2215 5036 2346 5091 pace
2371 5019 2426 5077 et
2458 5023 2510 5076 in
2540 5023 2797 5092 :equitate
2826 5023 3122 5077 ambulavit
3145 5034 3382 5085 mecum,

422 5087 554 5156 Quis
572 5097 669 5164 est
697 5091 761 5164 in_
780 5091 959 5159 vobis,
1001 5093 1090 5162 qui
1114 5093 1330 5150 claudat
1360 5094 1520 5161 ostia,
2124 5162 2143 5164 Α
2195 5087 2250 5164 et
2278 5093 2479 5148 multos
2509 5087 2711 5149 avertit
2736 5096 2805 5148 ab
2838 5094 3146 5164 iniquitate.

489 5169 543 5213 et
572 5160 825 5236 incendat
847 5160 1030 5219 altare
1049 5180 1230 5220 meum
1259 5166 1537 5236 gratuito?
2122 5162 2289 5219 Labia
2316 5165 2459 5219 enim
2490 5165 2798 5221 sacerdotis
2825 5160 3136 5222 custodierit
3165 5161 3481 5228 scientiam,

419 5228 536 5286 Non
568 5240 652 5313 est
685 5231 818 5288 mihi
847 5236 1094 5292 voluntas
1122 5237 1173 5292 in
1202 5228 1378 5304 vobis,
1410 5237 1543 5292 dicit
1567 5236 1831 5292 Dominus
1854 5250 2015 5292 exer-
2193 5247 2248 5291 et
2274 5236 2448 5313 legem
2482 5238 2764 5313 requirent
2785 5253 2848 5313 ex
2882 5252 2979 5293 ore
3006 5239 3121 5313 ejus
3149 5253 3163 5290 :

563 5308 764 5357 cituum
797 5321 811 5359 :
2123 5377 2165 5379 7_
2195 5309 2318 5378 quia
2351 5310 2576 5379 angelus
2607 5308 2818 5362 Domini
2846 5310 3186 5364 exercituum
3216 5313 3324 5361 est.

488 5381 545 5428 et
566 5389 762 5451 munus
791 5391 896 5433 non
930 5380 1221 5451 suscipiam
1244 5380 1313 5438 de
1335 5396 1495 5437 manu
1526 5388 1727 5436 vestra.
2122 5377 2233 5434 Vos
2261 5377 2445 5435 autem
2476 5381 2786 5436 recessistis
2812 5380 2880 5435 de
2903 5381 3013 5445 via,

415 5442 500 5498 Ab
527 5456 648 5500 ortu
678 5448 822 5502 enim
865 5451 1009 5524 solis
1039 5442 1212 5523 usque
1240 5454 1304 5508 ad
1337 5468 1616 5518 occasum,
1641 5467 1894 5524 magnum
1930 5458 2014 5506 est
2123 5521 2142 5524 _
2191 5461 2246 5506 et
2272 5451 2687 5524 scandalizastis
2712 5452 2974 5524 plurimos
3001 5442 3054 5507 in
3085 5451 3205 5522 lege
3234 5465 3246 5502 :

559 5533 755 5595 nomen
791 5536 970 5595 meum
997 5522 1051 5577 in
1081 5521 1333 5594 gentibus
1369 5544 1381 5579 :
1737 5521 1753 5524 ’
2001 5594 2004 5595 7
2123 5521 2338 5595 lrritum
2360 5522 2565 5579 fecistis
2593 5532 2808 5595 pactum
2843 5522 2994 5591 Levi,

485 5597 542 5646 et
592 5593 644 5646 in
697 5592 847 5648 omni
887 5595 1008 5649 loco
1051 5592 1391 5652 sacriﬁcatur
1437 5605 1492 5653 et
1534 5595 1758 5652 otl‘crtur
1805 5594 2013 5652 nomini
2191 5594 2326 5652 dicit
2355 5592 2616 5652 Dominus
2642 5599 3011 5652 exercituum.

455 5755 512 5827 7-
561 5745 617 5802 In
658 5751 1068 5810 commentariis
1112 5753 1303 5826 incipit
1343 5755 1413 5812 ab
1446 5754 1553 5814 hoc
1591 5770 1749 5812 versu
1790 5754 2009 5812 alterum

410 5815 762 5877 dissentiunt.

2125 5763 2214 5832 put
2251 5773 2264 5812 :
2304 5772 2334 5813 a
2365 5771 2469 5835 qua
2521 5765 2701 5816 tamen
2748 5755 3015 5817 divisione
3064 5764 3242 5814 textus
3280 5751 3380 5814 alii
3427 5747 3724 5825 Originales
