2054 3180
158 155 239 185 107⁵1⁵

705 155 806 184 LIBER
828 155 1018 186 MALACHIIE
1037 157 1243 186 PROPHETA‘I.

1732 164 1801 192 1078

158 215 273 251 Propter
286 212 357 248 quod
371 218 402 251 et
413 219 464 247 ego
478 212 604 251 dedivos
615 214 850 249 contemptibiles,
863 218 892 242 et
903 214 950 242 liu-
966 216 992 246 Α
1006 214 1182 243 Revertimini
1194 216 1227 243 ad
1244 224 1298 251 me,

230 249 307 277 miles
321 249 447 276 omnibus
463 249 582 284 populis,

195 285 267 313 sicut
281 293 333 312 nnn
348 286 476 312 servastis
493 285 550 312 vias
566 292 657 318 meas,

195 327 221 349 et
237 321 381 355 accepistis
392 320 487 348 facient
502 321 528 347 in
541 321 609 357 lege.

159 357 296 391 Numquid
314 364 368 384 non
385 362 460 391 pater
476 363 547 383 unus
559 356 679 384 omnium
694 357 837 385 nostrum?

193 392 329 427 Numquid
345 399 398 419 non
415 392 485 420 Dens
500 400 568 419 unus
582 393 686 420 creavit.
699 395 768 421 nos?
889 425 891 427 ἱ

157 428 250 462 Quare
263 436 330 463 ergo
348 428 463 463 despicit
485 429 672 464 unusquisque
694 434 818 457 nostrum
841 429 953 458 fratrem

229 471 309 491 stium

193 485 421 536 vimen-sipulum
438 499 544 536 patrum
560 501 735 528 nostrarum?

160 530 360 571 Transgressus
374 539 416 563 est
432 530 511 568 Iuda,
603 562 605 564 .

193 576 221 598 et
232 568 398 599 abominaiin
415 571 485 598 facta
501 576 542 598 est
557 571 583 599 in
600 571 682 599 Israei
697 576 724 599 et
739 572 766 599 in
780 573 931 601 Jerusalem
947 583 953 600 ε

158 607 226 641 Quia
241 607 436 645 contaminavit
456 607 541 635 Judas
561 607 803 637 sanctificationem
826 609 953 645 Domini,

230 651 310 677 quam
327 643 421 670 dilexit
436 652 442 670 :

195 683 222 707 el
236 679 329 706 habuit
344 679 426 706 tiliam
441 679 484 706 dei
501 679 593 707 alieni.

161 714 307 750 Disperdet
332 715 462 753 Dominus
483 716 571 753 virum
595 715 639 753 qui
663 715 766 753 fecerit
780 717 842 749 hoc.
870 717 955 753 magi-

230 754 317 787 strum
332 755 360 778 et
373 750 538 787 discipulum
553 751 585 779 de
602 750 783 780 tabernaculis
794 753 889 787 Jacob,

196 790 224 813 et
239 785 401 813 offerentem
418 793 515 813 munus
529 786 643 815 Domino
657 789 837 816 exercituum.

161 821 195 849 Et
209 821 381 859 h0c_l‘t.ll‘§llﬂ_t
398 821 511 859 fecistis,
530 858 536 859 ί
612 856 629 859 κη
681 858 686 859 γ
713 848 715 859 λ

194 856 358 894 operiebatis
369 856 500 894 lac'rytn'is
513 858 599 886 altare
611 856 728 893 Domini,
739 856 815 894 Heiu,
829 861 856 888 ct
872 863 884 879 ι
897 858 956 888 inii:

249 893 301 927 itu,

249 901 285 919 llu

195 901 277 955 itagut
291 914 362 956 ultra
380 937 433 957 non
450 929 596 962 respiciam
613 930 645 957 ad
662 930 838 963 sacrificium,

194 971 245 992 nec
257 965 388 1000 accipiam
403 965 537 1000 placabile
552 965 616 1000 quid
636 966 669 994 de
686 974 766 994 manu
781 971 881 995 vestra.

158 999 193 1027 Et
208 999 337 1028 dixistis:
354 999 440 1035 Quam
456 1001 491 1028 ob
505 999 633 1029 causam?

194 1036 255 1070 quia
272 1035 407 1063 Dominus
420 1036 583 1064 testificatus
596 1042 638 1064 est
652 1036 723 1065 inter
736 1042 762 1066 te
772 1059 780 1072 ,

192 1076 221 1099 et
236 1079 348 1111 uxorem
360 1072 511 1111 pubertatis
528 1077 591 1106 tuae,
609 1080 688 1111 quam
704 1078 732 1111 tu
745 1074 895 1111 despexisti
911 1084 918 1103 :

192 1112 220 1135 et
236 1107 294 1134 htec
310 1109 446 1143 particeps
463 1112 519 1142 tua,
537 1113 565 1136 et
580 1116 648 1136 uxor
661 1109 773 1137 foederis
788 1107 837 1138 t'ui.

157 1142 254 1171 Nonne
270 1151 340 1171 unus
352 1144 425 1175 fecit.

194 1182 222 1205 et.
235 1179 373 1215 residuum
390 1180 503 1213 Spiritus
516 1179 575 1215 ejus
590 1180 649 1208 est?

158 1213 191 1251 [Si
206 1214 268 1248 quid
282 1222 351 1242 unus
365 1215 473 1251 quaerit,
489 1213 540 1243 nisi
553 1223 647 1244 semen
659 1216 728 1245 Dei?

157 1249 297 1278 Custodite
311 1249 381 1286 ergo
391 1252 517 1285 spiritum
537 1258 670 1285 vestrum,

193 1291 220 1313 et
234 1287 556 1325 uxorenvadolescentizc
569 1292 622 1315 tuae
638 1288 694 1316 noli
709 1288 861 1325 despicere.

157 1320 223 1357 Cum
240 1322 302 1349 odio
315 1322 454 1355 habueris,
471 1323 588 1357 dimitte,

193 1356 259 1384 dicit
275 1357 406 1385 Dominus
422 1359 490 1385 Deus
505 1358 584 1386 Israel
602 1368 608 1389 :

158 1392 376 1432 OpetielAauletn
394 1394 519 1432 iniquitas
531 1396 724 1424 vestimentum
738 1394 810 1432 ejus,

193 1428 260 1456 dicit
276 1429 406 1458 Dominus
421 1428 590 1458 exercituum
610 1440 615 1458 :

157 1462 299 1493 Custodite
314 1466 439 1501 spiritqu
453 1473 571 1494 vestrum
581 1488 588 1500 ,

193 1505 220 1536 et
235 1501 318 1528 nolite
332 1502 485 1536 despicere.

159 1534 298 1574 Laborare
313 1534 416 1574 fecistis
432 1537 575 1565 Dominum
592 1538 618 1565 in
636 1538 809 1567 sermonibus
834 1540 934 1568 vestris
948 1560 956 1574 ,

192 1577 220 1599 et
234 1572 362 1601 dixistis:
377 1573 404 1600 In
414 1581 468 1607 quo
481 1582 543 1601 eum
561 1574 673 1601 fecimus
688 1575 834 1603 laborare?

158 1606 186 1634 In
196 1615 233 1646 eo
247 1615 307 1646 cum
324 1606 453 1646 diceretis
466 1609 520 1645 [AL
535 1610 606 1644 quod
623 1610 723 1646 dicitis]
737 1619 743 1638 :

193 1642 287 1682 omnis
299 1644 345 1682 qui
361 1642 572 1682 facit‘nialumij
587 1646 675 1673 bonus
703 1642 745 1673 e'st
765 1645 790 1673 in
805 1652 953 1682 conspectu

231 1680 349 1713 Domini,
364 1684 391 1707 et
406 1680 472 1708 tales
487 1682 510 1708 ei
533 1682 660 1716 placent:

193 1719 241 1741 aut
251 1716 388 1753 fier_te_ubi
404 1720 447 1743 est
462 1717 530 1743 Deus
543 1717 657 1753 judicii?

158 1749 234 1793 [ϐαρ.
250 1751 306 1787 111.]
325 1751 394 1793 Ecce
406 1759 456 1793 ego
473 1749 550 1780 mitto
565 1753 690 1793 angelum
709 1761 811 1788 meum,

193 1790 221 1813 et
234 1788 396 1821 praeparabit
407 1788 475 1814 viain
491 1793 554 1816 ante
570 1788 665 1817 faciem
678 1797 778 1816 meam.

159 1820 193 1848 Et
216 1822 306 1849 statim
335 1824 426 1851 veniet
448 1824 481 1850 ad
509 1825 638 1859 templum
672 1832 750 1853 suum
779 1825 950 1859 Dominalor,

229 1865 310 1893 quem
321 1866 368 1886 vos
381 1859 500 1892 quaeritis
518 1868 524 1887 :

194 1899 222 1920 et
235 1895 348 1929 angelus
364 1897 528 1930 testamenti,
544 1903 623 1930 quem
640 1904 689 1924 vos
710 1896 801 1925 vultis.

158 1928 229 1957 Ecce
240 1928 325 1963 venit,
342 1930 407 1958 dicit
419 1928 729 1960 Duminus’exercituunt
747 1941 752 1959 :

195 1970 223 1992 et
238 1965 297 2004 quis
312 1968 411 2004 poterit
426 1968 546 2004 cogitare
562 1967 633 1995 diem
648 1968 783 1996 adventus
796 1968 867 2004 ejus,

195 2005 221 2027 et
233 2002 293 2035 quis
306 2002 388 2029 stabit
401 2002 434 2029 ad
450 2002 595 2030 videudttm
607 2004 690 2031 eum?

157 2036 217 2071 Ipso
232 2038 302 2064 enim
319 2038 398 2072 quasi
415 2039 483 2072 ignis
497 2038 628 2072 conflatis,

195 2076 222 2099 et
233 2073 309 2106 quasi
321 2074 401 2101 herba
414 2074 543 2102 fullonum
557 2083 563 2101 :

161 2108 194 2135 Et
209 2109 312 2136 sedebit
327 2110 458 2143 conflatis,
482 2114 510 2138 et
534 2110 685 2139 emundans
713 2110 766 2149 [ΑΙ.
780 2111 844 2140 add.
861 2111 950 2148 quasi]

229 2149 381 2179 argentum,

195 2184 222 2207 et
235 2181 357 2214 pnrgabit
372 2181 442 2208 lllios
453 2181 528 2215 Levi,

195 2222 221 2242 et
232 2216 334 2243 celabit
349 2223 397 2254 eos
411 2218 487 2254 quasi
501 2225 597 2245 aurum
612 2221 640 2246 et
656 2218 731 2252 quasi
747 2223 900 2254 argentum,

196 2253 288 2289 eterit
300 2253 420 2289 Domitio
435 2253 581 2281 offerentes
593 2255 724 2282 sacrificia
740 2253 894 2289 iniustitia.

1041 255 1207 291 etrevertar
1217 253 1249 280 ad
1265 260 1325 284 vos,
1337 252 1405 281 dicit
1419 253 1548 282 Dominus
1564 255 1746 291 exercituum.

1006 286 1039 324 Et
1053 287 1160 324 dixistis
1173 296 1180 315 :
1198 288 1226 315 in
1241 297 1293 324 quo
1307 290 1501 317 revertemur?

1007 321 1036 350 Si
1049 322 1140 357 aftlget
1154 323 1235 352 homo
1248 321 1343 360 Deum,

1041 359 1106 399 quia
1118 367 1165 399 vos
1180 360 1314 399 cgnﬁgitis
1326 361 1389 388 me?

1006 394 1159 432 Et_dixistis
1176 404 1182 424 :
1199 396 1227 424 In
1241 394 1296 432 q’uo
1310 396 1470 424 confiximus
1488 397 1532 425 te?

1042 429 1071 457 In
1084 430 1209 465 decimis,
1226 429 1256 460 et
1269 433 1293 459 in
1313 432 1467 466 primitivis.

1006 464 1042 494 Et
1057 468 1081 509 in
1100 467 1209 509 penuria
1225 475 1273 509 vqs
1288 464 1424 509 maledicti
1438 470 1516 500 estis,

1042 505 1069 542 et
1082 503 1130 530 viis
1143 506 1184 542 me
1195 503 1357 542 confixisﬁs,
1371 510 1439 542 gens
1450 508 1515 542 tota.

1006 535 1107 565 Interte
1123 539 1231 566 omnem
1247 535 1386 567 decimaui
1410 540 1439 567 in
1467 539 1607 572 horreum,
1628 545 1655 567 ct
1675 540 1710 568 sit
1725 540 1804 568 cilus

1078 574 1103 601 in
1119 574 1200 601 domo
1215 583 1283 607 mea,

1042 613 1070 635 et
1087 612 1200 644 probate
1215 619 1256 638 uie
1267 619 1349 646 super
1365 611 1428 644 hoc,
1445 611 1510 638 dicit
1526 612 1659 639 Dominus
1675 620 1682 639 :

1006 639 1033 673 Si
1050 639 1103 672 non
1120 653 1254 680 aperuere
1268 639 1344 674 vobis
1355 639 1507 674 cataractas
1519 649 1593 681 emit,

1043 686 1070 708 et
1081 681 1206 718 effudere
1230 682 1307 710 vobis
1331 682 1547 711 benedicdouem
1569 691 1654 718 usque
1668 683 1701 710 ad
1717 683 1803 710 abun-

1077 717 1207 751 dantiam,

1007 752 1040 780 Et
1057 753 1202 788 increpabo
1218 762 1267 790 pro
1293 754 1370 782 vobis
1391 754 1583 788 devorantem,
1610 759 1638 783 et
1666 762 1720 782 non
1743 761 1804 781 ror-

1079 796 1184 823 rumpet
1199 790 1315 819 fruetum
1334 795 1413 818 terra:
1428 795 1527 817 vestrae
1544 801 1550 817 :

1042 831 1094 852 nec
1110 820 1162 853 erit
1191 825 1294 854 sterilis
1316 827 1398 854 vinea
1427 826 1453 854 in
1479 833 1557 862 agro,
1583 824 1649 854 dicit
1673 820 1805 853 Dominus

1079 862 1258 889 exercituum.

1009 895 1042 923 Et
1056 895 1152 923 beatos
1165 904 1213 925 vos
1228 897 1320 925 dicent
1331 904 1426 925 omnes
1437 902 1533 932 gentes
1545 905 1552 924 :

1043 931 1119 959 erilis
1134 932 1206 960 enim
1221 941 1269 961 vos
1282 939 1354 961 terra
1371 931 1571 967 desiderabilis,
1591 933 1659 961 dicit
1672 932 1803 960 Dominus

1078 968 1256 996 exercituum.

1006 1002 1181 1040 [evaluerunt
1201 1011 1283 1040 super
1296 1011 1339 1032 me
1350 1005 1434 1033 verba
1445 1008 1547 1039 vestra,
1560 1004 1627 1033 dicit
1640 1003 1781 1031 Dominus.

1007 1038 1042 1066 Et
1054 1038 1162 1066 dixistis
1174 1046 1182 1066 :

1006 1074 1075 1108 Quid
1087 1074 1170 1102 locuti
1184 1082 1277 1103 sumus
1290 1080 1385 1104 contra
1397 1075 1440 1103 te?

1008 1109 1117 1137 Dixisiis
1132 1120 1138 1137 :

1007 1145 1099 1173 Vanus
1110 1151 1163 1180 est,
1180 1146 1224 1180 qui
1236 1148 1319 1174 servit
1332 1146 1388 1174 Deo
1401 1155 1408 1175 :

1007 1181 1040 1209 Et
1050 1181 1122 1222 quod
1133 1183 1347 1211 emolumentum
1368 1182 1431 1218 quia
1446 1182 1645 1211 custodivimus
1667 1186 1800 1218 praecepta

1077 1225 1147 1250 ejus,

1107 1226 1136 1244 IIS

1042 1226 1147 1294 etiiuia
1159 1254 1356 1316 anjbulavimus
1374 1254 1466 1282 tristes
1480 1262 1570 1282 coram
1588 1253 1704 1282 Domino
1724 1261 1803 1282 exer-

1078 1294 1178 1316 Clltlum
1192 1292 1197 1298 '

1078 1290 1178 1317 ciuium
1192 1292 1197 1316 'i

1007 1324 1079 1360 Ergo
1092 1333 1164 1353 nunc
1174 1326 1268 1353 beatos
1283 1326 1399 1353 dicimus
1413 1330 1572 1360 arrogantes
1585 1333 1591 1352 :

1042 1360 1176 1395 siquidem
1192 1362 1318 1389 :udilicati
1332 1367 1395 1389 sunt
1410 1362 1538 1389 facientes
1550 1362 1734 1396 impietatem;

1043 1401 1070 1424 et
1086 1400 1257 1424 ientaverunt
1273 1397 1368 1429 Deum,
1384 1401 1410 1425 et
1425 1397 1493 1424 salii
1505 1397 1567 1424 facti
1583 1401 1655 1424 sunt.

1006 1432 1082 1459 Tunc
1102 1433 1256 1461 locuiisunt
1267 1433 1394 1461 timentes
1413 1432 1553 1460 Dominum
1570 1432 1623 1469 [ΑΙ.
1643 1432 1738 1469 ῡοηιηι

1043 1469 1227 1504 unu5qnisque
1241 1477 1301 1497 cum
1315 1471 1436 1503 proximo
1449 1477 1498 1496 suo
1514 1478 1520 1496 :

1008 1503 1041 1531 Et
1054 1504 1168 1544 attendit
1185 1503 1324 1545 Dominus,
1338 1509 1365 1532 et
1379 1505 1482 1532 audivit
1498 1514 1503 1530 :
1520 1541 1526 1545 _
1717 1539 1723 1545 θ

1043 1545 1070 1568 et
1086 1541 1205 1574 scriptus
1218 1547 1260 1568 est
1274 1541 1342 1568 liber
1358 1541 1527 1568 mOuumenti
1539 1548 1632 1568 coram
1647 1547 1680 1567 eo
1706 1541 1804 1568 limen-

1080 1575 1151 1603 tibus
1168 1576 1320 1611 Dominum,

1040 1615 1069 1639 et
1083 1613 1265 1646 cogitantibus
1279 1620 1376 1640 nomen
1392 1611 1462 1646 ejus.

1004 1647 1039 1674 Et
1049 1648 1217 1681 eruntnuhi,
1240 1649 1277 1675 ait
1305 1648 1435 1675 Dominus
1455 1648 1635 1680 exercituum,
1653 1648 1678 1674 iu
1694 1647 1738 1675 die
1750 1655 1802 1683 qua

1077 1690 1127 1718 ego
1142 1684 1221 1718 facio,
1238 1684 1265 1711 iti
1277 1684 1411 1718 peculium
1427 1692 1433 1709 :

1040 1726 1147 1754 paream
1160 1720 1210 1751 cis,
1227 1720 1295 1746 sicut
1310 1721 1395 1754 parcit
1409 1720 1448 1746 vir
1465 1719 1519 1746 filio
1531 1726 1581 1746 suo
1596 1718 1727 1746 servienti
1737 1719 1800 1746 sibi.

1004 1753 1260 1787 Et’convertentini,
1284 1753 1315 1782 et.
1333 1755 1460 1782 videbitis
1474 1755 1539 1790 quid
1562 1755 1598 1783 sit
1613 1755 1684 1782 inter
1696 1755 1800 1789 justum

1076 1796 1101 1817 et
1114 1791 1236 1824 impium,

1039 1831 1067 1854 et
1081 1826 1151 1853 inter
1166 1828 1329 1854 servientem
1351 1826 1417 1861 Deo,
1432 1831 1458 1854 et
1473 1835 1526 1853 non
1547 1826 1712 1854 servientem
1729 1825 1763 1852 ei.

1004 1861 1081 1899 [Cap.
1099 1862 1155 1899 ΙΨ]
1169 1862 1238 1890 Εςσθ
1252 1863 1324 1890 enim
1337 1862 1396 1890 dies
1411 1863 1501 1890 veniet
1514 1870 1646 1890 succensa
1662 1862 1740 1897 quasi
1756 1869 1802 1889 ca-

1076 1906 1165 1926 tntnus
1180 1907 1187 1926 ἒ

1039 1938 1067 1961 et
1079 1939 1264 1962 eruntomnes
1288 1935 1410 1969 superbi,
1434 1939 1460 1962 et
1475 1941 1570 1962 onmes
1599 1933 1731 1961 facientes
1747 1933 1800 1960 im-

1075 1970 1365 2010 pietatettt_._stipnia:__
1478 2005 1484 2010 _
1668 2005 1687 2010 Ἄ
1740 2004 1747 2010 _

1005 2006 1037 2034 Et
1063 2006 1244 2034 inﬂammabit
1270 2014 1317 2034 eos
1340 2006 1398 2034 dies
1424 2005 1550 2039 veniens,
1575 2005 1641 2033 dicit
1668 2005 1802 2032 Dominus

1076 2042 1255 2073 exercituum,

1039 2085 1099 2118 qum
1111 2086 1164 2105 non
1180 2079 1313 2118 relinquet
1329 2079 1370 2118 eis
1385 2077 1503 2105 radicem
1516 2083 1543 2105 et
1557 2084 1681 2118 germen.
1698 2113 1704 2118 I
1722 2113 1728 2118 _
1769 2112 1784 2118 γ’

1004 2113 1037 2142 Ει
1050 2114 1151 2141 orietur
1162 2114 1406 2142 Voliistimeulibus
1433 2121 1532 2141 nomen
1554 2121 1644 2141 meum
1658 2113 1706 2141 Sol
1719 2113 1800 2148 justi-

1077 2156 1139 2183 inae,

1040 2191 1065 2213 et
1083 2188 1182 2213 stillilds
1197 2186 1223 2213 in
1237 2187 1332 2221 pennis
1348 2186 1408 2219 ejus
1422 2194 1428 2211 :

1039 2228 1066 2249 et
1091 2222 1281 2257 egrediemiui,
1308 2226 1334 2249 et
1361 2221 1467 2248 salietis
1490 2224 1560 2248 Sicut
1588 2220 1668 2248 vituli
1695 2220 1728 2248 de
1760 2229 1803 2248 ar-

1077 2264 1178 2285 ιιιεηιυ.

160 2286 319 2333 Etpl‘acebit
336 2287 450 2333 Domino
463 2289 626 2333 sacrificium
642 2289 752 2333 .tudaﬂet
769 2286 933 2332 Jerusalem,
968 2302 993 2333 ι)
1007 2294 1039 2320 Et
1053 2295 1192 2333 calca-initis
1221 2294 1328 2328 impius,
1360 2300 1420 2319 cum
1439 2291 1539 2321 fuerint
1557 2291 1627 2319 cinis
1642 2292 1694 2320 sub
1710 2292 1801 2328 planta

196 2321 266 2349 sicut
277 2322 336 2361 dies
349 2323 452 2361 smeuli,
463 2328 498 2361 _et
508 2325 581 2361 sicut
595 2325 659 2352 anni
673 2326 777 2361 antiqui
795 2334 802 2353 :

162 2357 197 2385 Et
210 2358 337 2384 accedam
353 2359 385 2394 ad
400 2366 448 2386 vos
463 2359 488 2386 in
502 2360 618 2394 judicio,

197 2398 283 2434 et_ero
298 2393 376 2421 testis
391 2395 469 2422 velox
483 2393 624 2430 ntaletlcis,
641 2400 669 2424 et
688 2396 833 2432 adulteris,
851 2401 877 2425 et
894 2405 956 2433 per-

227 2430 308 2464 juris,

196 2469 223 2503 et
235 2465 280 2503 qui
295 2465 496 2494 calumniantur
510 2467 664 2497 mercedem
679 2469 853 2503 mercenarii,

197 2501 303 2533 viduas,
319 2506 347 2529 et
360 2502 489 2537 pupillus.

196 2541 224 2564 et
236 2537 393 2575 opprimunt
404 2539 587 2575 peregrinum,

197 2579 247 2600 nec
261 2573 408 2601 timuerunt
424 2573 481 2608 me,
490 2574 559 2603 dicit
575 2576 704 2604 Dominus
719 2577 899 2606 exercituum.

161 2608 219 2644 Ego
235 2609 306 2636 enim
319 2608 461 2645 Dominus,
478 2614 505 2638 et
516 2620 568 2640 non
584 2616 693 2640 mutor:

197 2650 223 2683 e_t_
235 2652 282 2683 vos
300 2645 443 2683 filii_Jacoh
457 2654 510 2673 non
527 2648 591 2675 estis
606 2649 771 2683 consutnpti.

161 2680 185 2708 Δ
199 2680 294 2743 ditibus
310 2681 381 2744 enini)
393 2686 498 2717 patrum
512 2689 668 2712 vestrorum
685 2680 839 2714 recessistis
859 2694 873 2714 a
889 2686 957 2723 legi-

246 2724 307 2744 lmls
321 2724 364 2744 me
376 2723 400 2744 8.

246 2724 307 2744 tmts
321 2723 400 2749 mets,

197 2755 225 2779 et
240 2759 293 2780 non
309 2752 468 2782 custodistis
484 2763 489 2780 :

1082 2329 1179 2364 pedum
1195 2334 1357 2360 veslt'tiium,

1048 2363 1129 2392 indie
1144 2374 1193 2400 qua
1211 2374 1258 2398 ego
1271 2366 1348 2395 facio,
1366 2364 1431 2391 dicit
1447 2363 1578 2391 Dominus
1589 2364 1770 2391 exercituum.

1010 2402 1173 2429 Mementote
1186 2402 1251 2435 legis
1268 2401 1351 2433 Mosi,
1368 2400 1437 2427 servi
1452 2400 1513 2432 mei,

1048 2444 1125 2471 quant
1143 2437 1266 2463 mandavi
1281 2437 1304 2463 ei
1320 2437 1345 2463 in
1360 2436 1448 2463 liorcb
1464 2435 1497 2463 ad
1511 2443 1619 2464 omttctn
1632 2435 1724 2470 Israel,
1736 2444 1805 2473 pra:-

1084 2479 1161 2507 ccpta
1176 2478 1202 2499 et
1214 2473 1324 2506 judicia.

1014 2508 1082 2536 Ecce
1098 2517 1147 2543 ego
1164 2511 1265 2548 mittam
1283 2509 1357 2548 vobis
1373 2508 1643 2548 Eiiampraphetam,

1049 2549 1193 2577 antequam
1206 2545 1295 2572 veniat
1310 2545 1367 2572 dies
1393 2545 1500 2571 Domini
1527 2552 1651 2579 magnus,
1669 2550 1697 2575 et
1715 2546 1803 2575 horri-

1085 2581 1156 2610 bilis.

1013 2617 1047 2645 Et
1058 2622 1200 2646 convertet
1209 2626 1257 2646 eor
1272 2624 1377 2653 patrum
1391 2617 1424 2646 ad
1438 2617 1521 2650 filios,

1048 2658 1076 2681 et.
1089 2661 1136 2682 cor
1152 2655 1268 2683 filiorum
1283 2655 1316 2682 ad
1331 2660 1422 2690 patres
1435 2661 1529 2682 eorum
1547 2662 1554 2681 :

1013 2689 1052 2718 Ne
1062 2690 1131 2717 forte
1145 2690 1262 2725 veniam,

1050 2731 1078 2754 et
1092 2727 1238 2761 percutiam
1255 2732 1354 2755 terram
1369 2726 1552 2754 anathemate.

198 2820 269 2864 fAl.
287 2821 382 2864 gemitu
398 2828 409 2864 ς
425 2822 451 2849 in
467 2822 581 2864 ltebraeo
608 2827 665 2859 est,
681 2829 766 2859 nam,
790 2825 864 2861 quod
883 2826 994 2863 quidem
1015 2827 1075 2863 plus
1097 2835 1178 2863 quam
1192 2827 1322 2863 gemitum
1344 2831 1435 2862 sonat,
1458 2835 1489 2856 ac
1514 2827 1622 2864 proprie
1642 2833 1683 2857 est
1707 2828 1811 2858 clamor

162 2856 386 2892 intermorientis,
398 2863 448 2887 aeu
465 2858 601 2888 fremitus.

741 2930 855 2967 Explicit
876 2931 939 2959 liber
953 2930 1091 2959 Malacth
1104 2929 1246 2966 prop/tene.
