4108 6360
367 247 500 307 1081

1310 241 1684 302 I'RASFATIO
1722 240 2105 302 orsaorsth
2144 241 2210 300 IN
2250 200 2510 302 LIBRUM
2551 242 2691 301 JOB.

3440 196 3445 201 δ
3513 246 3653 306 loss

362 364 640 423 veteribus
671 373 697 402 α
726 362 975 435 sequitur
1004 362 1400 436 interpretem;
1446 361 1542 419 sed
1579 378 1646 420 ex
1688 362 1807 433 ipso
1837 362 1948 419 He-
1974 375 2028 435 Α
2054 361 2280 417 solutis:
2309 361 2455 433 quod
2500 361 2713 417 metrici
2762 360 2954 433 magis,
2996 376 3159 435 quam
3204 362 3439 434 simplex
3482 364 3656 421 lector

360 460 573 526 braico,
591 457 936 527 Arahicoqne
957 471 1232 525 sermone,
1257 464 1313 512 et
1333 454 1606 512 interdum
1622 454 1782 528 Syro,
1809 470 1951 511 nunc

362 554 551 620 verba,
583 568 730 609 nunc
750 566 966 619 sensus,
991 567 1135 607 nunc
1155 550 1316 606 simul
1338 558 1628 622 utrumque
1649 536 1983 606 resonabitT)

360 646 621 718 Obliquus
643 644 790 702 enim
823 644 986 701 etiam
1026 643 1167 716 apud
1202 643 1462 700 llebrmos
1501 651 1647 699 tctus
1683 641 1822 703 liber
1844 640 1952 698 fer-

362 753 450 798 tur
478 750 534 797 et
562 739 803 796 lubricus
837 757 851 794 :
898 748 957 797 et
984 738 1126 810 quod
1152 735 1181 776 δ
1210 737 1399 794 Graece
1430 736 1677 793 rhetores
1708 745 1906 792 vocant
1931 777 1946 804 ,

362 833 813 909 ἐσχηματισμένος
838 875 853 901 ,
887 830 1125 903 dumque
1154 829 1299 886 aliud
1329 830 1587 901 loquitur,
1619 829 1763 884 aliud
1794 829 1946 900 agit:

358 942 420 990 ut
450 934 498 990 si
524 932 662 990 velis
689 930 981 1004 anguillam
1026 936 1121 985 aut
1153 941 1173 968 ο
1205 927 1568 984 murtenulam
1622 925 1824 987 strictis
1870 934 1949 982 le-

358 1044 489 1085 nere
518 1027 791 1094 manibus,
821 1032 1027 1098 quanto
1054 1024 1245 1080 fortius
1276 1020 1542 1093 presseris
1563 1066 1577 1091 ,
1608 1030 1759 1077 tanto
1787 1019 1948 1077 citius

355 1122 614 1180 elabitur.
653 1120 873 1177 Memini
917 1135 1005 1175 me
1040 1118 1109 1174 ob
1148 1115 1568 1188 intelligentiam
1601 1115 1759 1185 hujus
1788 1113 1946 1168 volu-

355 1218 544 1285 minis,
561 1216 588 1255 ἀ
616 1214 910 1290 ιγάἀωυω
934 1213 1223 1283 quemdam
1249 1220 1670 1282 praeceptorem,
1691 1208 1781 1279 qui
1805 1206 1947 1279 apud

356 1314 621 1371 llebrazos
646 1311 857 1383 primus
878 1307 1068 1365 haberi
1101 1306 1411 1378 putabatur,
1443 1319 1549 1360 non
1581 1302 1759 1374 parvis
1787 1301 1948 1359 rede-

354 1409 522 1464 misse
542 1404 808 1463 nummis:
829 1403 986 1475 cujus
1007 1401 1255 1458 doctrina
1277 1415 1344 1453 an
1367 1397 1569 1470 aliquid
1596 1396 1943 1468 profecerim,

352 1500 541 1555 nescio
571 1516 586 1553 :
617 1497 721 1554 hoc
747 1513 913 1552 unum
942 1496 1058 1552 scio
1080 1538 1095 1563 ,
1136 1510 1242 1549 non
1280 1491 1523 1565 potuisse
1550 1507 1635 1547 me
1671 1490 1948 1574 interpre-

352 1592 477 1658 tari,
507 1590 612 1646 nisi
636 1589 783 1662 quod
814 1598 941 1645 ante
969 1587 1366 1643 intellexeram.
1393 1590 1439 1642 A
1465 1585 1733 1655 principio
1760 1585 1946 1654 itaque

349 1682 644 1739 voluminis
668 1722 685 1749 ,
732 1696 908 1753 usque
944 1679 1013 1736 ad
1056 1678 1221 1735 verba
1250 1678 1353 1734 Job
1378 1720 1393 1746 ,
1439 1677 1581 1748 apud
1622 1677 1883 1732 Hebraeos
1915 1686 1938 1715 ο

2054 454 2385 526 intelligunt.
2410 455 2456 511 A
2482 454 2790 525 supradicto
2812 463 2992 511 autem
3019 471 3179 512 versu
3203 470 3371 528 usque
3391 457 3459 514 ad
3490 457 3652 516 ﬁdem

2053 549 2200 616 libri,
2234 566 2461 622 parvum
2491 565 2706 606 comma
2736 550 2880 621 quod
2906 560 3173 619 remanet,
3207 567 3371 622 prosa
3407 553 3655 610 oratione

2052 645 2377 700 contexitur.
2425 642 2584 713 Quod
2613 644 2659 699 si
2697 644 2783 699 cui
2828 644 3041 701 videtur
3069 644 3437 715 incredulutn,
3483 657 3655 704 metra

2051 739 2263 795 scilicet
2312 752 2434 794 esse
2481 738 2621 809 apud
2676 738 2961 806 llebrzeos,
3013 749 3069 796 et
3116 740 3170 795 in
3220 755 3428 797 morem
3479 741 3655 798 nostri

2051 832 2257 896 Flacci,
2305 831 2592 903 Graecique
2622 830 2863 900 Pindari,
2912 840 2967 887 et
3012 831 3205 899 Aletei,
3256 843 3312 890 et
3346 831 3375 870 ιι
3404 832 3646 905 Sappho,

2049 927 2136 983 vel
2167 926 2512 995 Psalterium,
2538 927 2626 984 vel
2650 926 3092 984 Lamentationes
3114 930 3387 999 Jeremiae,
3422 929 3506 986 vel
3532 945 3651 986 om-

2049 1022 2137 1076 nia
2164 1021 2336 1077 ferme
2357 1021 2760 1093 Scripturarum
2782 1021 2993 1078 cantica
3023 1022 3434 1092 comprehendi,
3467 1021 3643 1094 legatl

2050 1114 2352 1183 Philonem,
2386 1114 2705 1186 Josephum,
2751 1115 3066 1187 Origenem,
3109 1114 3508 1173 Cmsariensem
3543 1119 3652 1173 Eu-

2048 1209 2282 1276 sebium,
2310 1218 2365 1264 ct
2391 1223 2580 1265 eorum
2615 1208 2929 1265 testimonio
2954 1225 3041 1266 me
3072 1224 3262 1266 verum
3291 1210 3475 1268 dicere
3502 1227 3644 1267 com-

2038 1304 2321 1375 probabit.
2354 1303 2590 1361 Audiant
2620 1314 2955 1375 quapropter
2981 1318 3145 1361 canes
3172 1305 3302 1375 mei,
3336 1305 3537 1362 idcirco
3560 1319 3650 1362 me

2049 1396 2104 1452 in
2129 1396 2233 1454 hoc
2261 1398 2537 1455 volumine
2568 1399 2869 1468 laborasse,
2905 1414 3013 1455 non
3046 1408 3103 1454 ut
3132 1399 3648 1471 interpretationem

2044 1494 2323 1563 antiquam
2345 1493 2828 1564 reprehenderem,
2861 1492 2956 1549 sed
2989 1503 3045 1548 ut
3076 1508 3161 1561 ea,
3192 1508 3312 1564 quae
3346 1491 3401 1548 in
3436 1493 3524 1549 illa
3552 1502 3649 1550 aut

2047 1589 2284 1646 obscura
2312 1598 2475 1658 sunt,
2521 1598 2614 1646 aut
2643 1591 2657 1641 i
2690 1589 2926 1656 omissa,
2983 1597 3077 1644 aut
3120 1599 3270 1646 certe
3317 1588 3643 1659 scriptorum

2047 1684 2181 1738 vitio
2212 1683 2527 1755 depravata,
2561 1684 2933 1740 manifestiora
2974 1693 3158 1739 nostra
3191 1684 3645 1754 interpretatione

347 1792 509 1852 prosa
536 1776 714 1833 oratio
739 1786 844 1833 est.
875 1775 1048 1831 Porro
1076 1789 1106 1829 a
1138 1773 1322 1829 verbis
1346 1772 1471 1840 Job,
1503 1773 1555 1827 in
1580 1772 1776 1843 quibus
1802 1772 1901 1841 ait,
1967 1774 2017 1837 B
2044 1774 2234 1832 tierent
2267 1794 2278 1829 :
2311 1777 2403 1849 qui
2446 1785 2500 1833 et
2528 1777 2813 1834 Hebraeum
2843 1776 2971 1849 [Αἰ.
3016 1784 3075 1832 ut
3112 1776 3202 1847 qui
3250 1776 3596 1833 llebrmorum
3623 1776 3642 1850 ]

562 1917 742 1967 Pereat
757 1910 881 1974 dies,
906 1908 1076 1975 inqua
1097 1914 1238 1960 natus
1260 1922 1385 1971 sum,

522 1992 527 2001 κ
624 1983 670 2029 et
692 1989 810 2040 nox,
833 1968 885 2026 in
904 1968 1001 2040 qua
1022 1972 1207 2025 dictum
1229 1979 1316 2035 est,
1342 1968 1597 2035 conceptus
1614 1974 1685 2021 est
1706 1968 1867 2035 homo,

342 2120 515 2176 usque
537 2104 603 2161 ad
625 2119 747 2162 eum
775 2104 979 2172 locum,
1001 2101 1093 2158 ubi
1116 2110 1243 2157 ante
1268 2099 1431 2156 finem
1451 2098 1745 2157 voluminis
1766 2100 1939 2173 scrip-

340 2208 455 2259 tum
484 2207 569 2257 εει
596 2216 611 2256 1

553 2310 757 2365 Idcirco
778 2311 880 2378 ipse
895 2324 971 2378 me
992 2308 1352 2378 reprehendo,“
1505 2372 1516 2378 _
1544 2358 1549 2359 ,

594 2388 595 2391 ‘
620 2383 666 2428 et
683 2388 775 2441 ago
797 2371 1125 2441 ﬁenitentiam
1146 2374 1197 2424 in
1216 2371 1382 2437 favilla
1404 2378 1449 2423 et
1471 2372 1633 2424 cinere
1660 2383 1678 2423 :

337 2518 690 2578 hexametri‘
720 2534 914 2577 versus
951 2528 1099 2585 sunt,
1147 2517 1363 2590 dactylo
1402 2517 1770 2589 spondazoque
1808 2532 1935 2574 cur-

333 2622 520 2671 rentes
547 2630 561 2668 :
591 2624 648 2671 et
672 2623 900 2686 propter
923 2614 1123 2684 lingua:
1153 2612 1375 2681 idioma,
1423 2613 1618 2668 crebro
1661 2612 1933 2683 recipien-

339 2717 423 2764 tcs
450 2718 503 2765 et
529 2708 666 2765 alios
696 2708 893 2779 pedes,
944 2722 1051 2763 non
1091 2706 1404 2762 earumdem
1436 2705 1789 2776 syllabarum,
1834 2705 1931 2762 sed

336 2800 655 2857 eorumdem
708 2810 1035 2871 temporum.
1085 2801 1362 2856 interdum
1394 2815 1610 2871 quoque
1641 2800 1932 2873 rhythmus

332 2892 450 2965 ipse
475 2893 653 2951 dulcis
691 2902 749 2951 et
794 2893 1036 2950 tinnulus
1084 2892 1257 2950 fertur
1298 2893 1543 2949 numeris
1573 2893 1691 2965 iege
1720 2902 1746 2942 ε
1770 2894 1932 2951 metri

2049 1882 2360 1925 sermonem
2390 1884 2457 1925 ex
2490 1878 2644 1939 parte
2671 1869 2980 1938 didicimus,
3016 1878 3070 1924 et
3100 1870 3153 1923 in
3187 1869 3382 1924 Latino
3414 1884 3553 1939 pene
3580 1869 3650 1925 ab

2048 1962 2182 2032 ipsis
2222 1961 2570 2017 incunabulis
2611 1961 2754 2017 inter
2778 1960 3164 2033 grammaticos
3203 1968 3262 2016 et
3299 1960 3549 2015 rhetores
3593 1967 3651 2017 et

2049 2030 2404 2125 philosophos
2434 2053 2620 2111 detriti
2669 2030 3075 2122 sumusnrQuod
3125 2052 3170 2108 si
3213 2051 3355 2123 apud
3401 2052 3647 2119 Graecos,

2045 2157 2170 2222 post
2207 2148 2559 2221 Septuaginta
2590 2147 2913 2214 editionem,
2956 2146 3070 2217 jam
3100 2144 3305 2203 Christi
3346 2147 3648 2216 Evangelio

2044 2250 2391 2309 coruscante,
2423 2241 2645 2297 Judzeus
2673 2238 2891 2310 Aquila,
2927 2237 3327 2310 Symmachus,
3384 2246 3441 2294 et
3466 2237 3646 2295 Theo-

2040 2333 2216 2400 dotio,
2253 2333 2595 2404 judaizantes
2627 2331 2890 2397 haeretici,
2940 2343 3065 2386 sunt
3094 2331 3323 2401 recepti,
3354 2332 3447 2403 qui
3476 2330 3647 2386 multa

2038 2427 2297 2499 mysteria
2325 2424 2626 2481 Salvatoris
2647 2424 2874 2481 subdola
2896 2423 3350 2494 interpretatione
3373 2423 3643 2492 celarunt,

2035 2530 2092 2577 et
2138 2528 2316 2575 tamen
2361 2520 2413 2574 in
2443 2518 2715 2585 Ἐξαπλοῖς
2736 2563 2749 2586 ,
2785 2517 3054 2573 habentur
3092 2517 3232 2588 apud
3262 2517 3557 2584 Ecclesias,
3589 2526 3648 2573 et

2035 2614 2397 2686 explanantur
2418 2613 2488 2668 ab
2508 2610 2896 2671 ecclesiasticis
2920 2610 3054 2666 viris
3079 2629 3091 2664 :
3118 2620 3320 2682 quanto
3345 2609 3515 2680 magis
3539 2624 3642 2680 ego

2037 2706 2417 2773 Christianus,
2468 2704 2537 2761 de
2579 2703 2896 2775 parentibus
2934 2702 3261 2759 Christianis
3285 2700 3313 2740 ιε
3350 2710 3540 2769 natus,
3588 2710 3645 2758 et

2038 2800 2301 2857 vexillum
2331 2798 2510 2855 crucis
2559 2797 2613 2853 in
2659 2813 2779 2854 mea
2824 2796 2999 2853 fronte
3048 2804 3294 2868 portans,
3341 2794 3499 2866 cujus
3528 2804 3645 2851 stu-

2042 2895 2190 2953 dium
2221 2896 2320 2953 fuit
2345 2897 2549 2955 omissa
2579 2906 2853 2970 repetere,
2885 2895 3184 2967 depravata
3209 2890 3229 2932 1
3263 2890 3563 2963 corrigere,
3586 2896 3644 2946 et

407 3136 433 3165 ⁸
472 3124 710 3181 Verbum
730 3165 744 3185 ,
772 3122 1034 3195 sequitur,
1073 3121 1127 3177 in
1172 3120 1417 3196 Palatino
1458 3136 1562 3196 rus.
1596 3121 1685 3178 hic
1715 3130 1905 3196 tacet”:
1937 3124 1987 3192 (τ,
2012 3127 2231 3195 simplex
2259 3127 2418 3183 lector
2444 3125 2707 3196 intelligit.
2736 3125 2910 3181 MART.

332 3214 463 3255 mox
494 3197 757 3251 renovavit
789 3193 985 3265 legitur
1011 3210 1108 3262 pro
1136 3193 1417 3265 resonabit.
1446 3193 1716 3265 Caeterum
1758 3204 1812 3249 et
1851 3195 1909 3251 S.

333 3269 629 3341 Gregorius
652 3264 878 3337 Magnus
900 3265 1023 3341 Jobi
1038 3266 1243 3341 librum
1265 3280 1337 3320 ex
1366 3264 1595 3320 Hebraeo
1619 3275 1673 3322 et
1692 3264 1929 3323 Arabico

332 3336 590 3398 sermone
620 3347 877 3394 constare
907 3336 1093 3392 tradit.

404 3411 433 3453 δ
474 3411 708 3467 Palatio.
742 3426 845 3465 ms.
879 3407 1049 3463 Graeci
1076 3407 1324 3462 rhetores.

411 3495 435 3523 ο
476 3482 834 3538 Restituimus
865 3481 1207 3535 murwnulam
1234 3519 1248 3541 ,
1290 3493 1454 3549 quam
1492 3494 1681 3535 vocem
1714 3489 1765 3535 et
1797 3495 1927 3536 mss.

333 3570 548 3621 omnes,
581 3562 637 3609 et
662 3552 991 3607 vetustiores
1014 3551 1284 3607 editiones
1312 3550 1624 3617 praeferunt.
1652 3551 1741 3607 Sic
1768 3555 1931 3607 etiam

333 3628 481 3682 Beda
506 3667 520 3690 ,
553 3636 717 3697 atque
743 3624 835 3678 alii
866 3624 1059 3697 media:
1091 3621 1263 3676 astatis
1294 3623 1593 3689 scriptores
1624 3623 1764 3693 apud
1796 3623 1930 3680 llie-

335 3694 862 3769 ronyuium'legunt.
892 3694 1237 3769 Martianaaus
1266 3703 1445 3769 autem
1478 3710 1760 3769 murranum
1780 3738 1794 3761 ,
1842 3712 1935 3769 re-

334 3766 501 3824 scribi
549 3766 762 3831 voluit,
807 3766 909 3822 hac
944 3767 1138 3820 ductus
1177 3766 1387 3819 ratione
1413 3806 1426 3827 .
1456 3766 1599 3833 quod
1642 3767 1936 3821 murtenula

335 3842 759 3919 tinochta'ﬂxég
781 3837 1033 3919 catenula
1050 3836 1328 3919 diceretur
1348 3851 1376 3888 a
1399 3836 1755 3919 similitudine
1774 3838 1935 3919 piscis

337 3918 414 3967 sic
447 3906 609 3967 di'cta.
645 3906 818 3978 ’ρυειεί
853 3911 1035 3964 minus
1061 3908 1128 3962 de
1145 3906 1302 3978 pisce
1327 3948 1340 3971 ,
1383 3921 1543 3975 quam
1570 3907 1634 3962 de
1665 3906 1935 3978 ejusmodi

336 3984 589 4039 catenula
617 4024 632 4049 ,
675 3977 798 4053 quae
828 3991 883 4036 et
914 3979 966 4033 in
998 3977 1239 4053 Canticis
1270 3979 1614 4053 Canticorum
1661 3995 1935 4053 memora-

342 4065 429 4110 tur
459 4097 472 4119 ,
514 4071 583 4110 ex
624 4050 865 4110 nominis
894 4051 1146 4125 analogia
1190 4057 1371 4119 posset
1415 4050 1741 4107 diminutivo
1773 4051 1937 4108 modo

344 4126 630 4197 appellari.

414 4194 541 4253 ὲ-Ιη
569 4196 750 4266 editis,
784 4197 948 4268 inque
964 4194 1233 4268 pluribus,
1266 4207 1398 4268 mss.
1423 4208 1520 4263 pro
1550 4210 1937 4268 niurazna,cor-

341 4282 499 4339 rupte
538 4266 874 4325 murenulam'
896 4270 1145 4339 legimus.
1181 4266 1245 4319 Et
1274 4267 1393 4339 quis
1427 4267 1632 4320 nesciat
1656 4283 1938 4339 mammam

342 4337 464 4397 esse
496 4344 697 4410 piscem
723 4358 829 4396 non
854 4337 1169 4394 dissimilem
1184 4337 1460 4410 anguillas,
1483 4338 1825 4410 niurienalam
1846 4355 1940 4393 au-

343 4425 449 4469 tem
473 4408 597 4468 colli
618 4427 806 4467 aurum
826 4414 968 4481 quod
989 4412 1061 4464 ita
1085 4416 1358 4478 nuncupat
1377 4408 1590 4481 vulgus,
1610 4408 1939 4481 Hieronymo

342 4485 621 4538 tradente:
643 4484 767 4552 quia
792 4479 1001 4552 scilicet
1019 4480 1234 4534 metallo
1257 4480 1310 4532 in
1343 4479 1580 4552 virgulas
1606 4479 1939 4535 lenteseeute

341 4554 589 4623 qumdatn
614 4549 825 4609 ordinis
846 4551 1070 4623 ﬂexuosi
1095 4561 1293 4623 catena
1316 4549 1650 4623 contexitur,
1681 4567 1752 4605 ex
1778 4552 1942 4620 piscis

343 4620 420 4679 uti
444 4641 530 4692 lue
562 4624 795 4694 imagine
836 4622 1104 4694 vocabulo
1123 4620 1482 4694 conformata.
1513 4621 1642 4676 Vide
1680 4623 1842 4692 epist.
1871 4624 1940 4679 dc

343 4697 594 4752 laudibus
624 4691 820 4752 Asellus
842 4694 907 4748 ad
939 4691 1273 4747 Marcellam.
1305 4691 1485 4745 Mans.

416 4766 441 4808 ἀ
486 4768 584 4823 Ms.
619 4766 851 4823 Palatio.
886 4763 1129 4818 Jnda’um
1153 4763 1451 4833 quemdam,
1481 4770 1587 4827 etc,
1610 4762 1852 4818 Dicimus
1873 4778 1940 4820 eo

345 4839 415 4896 de
444 4839 669 4895 homine
699 4838 751 4894 in
786 4838 844 4894 S.
877 4836 1130 4891 Doctoris
1165 4833 1303 4887 Vita.

424 4923 446 4949 θ
478 4912 604 4967 Mss.
638 4911 863 4982 aliquot,
891 4907 1131 4982 prosaica
1160 4908 1325 4959 oratio
1351 4914 1473 4982 est._
1507 4905 1687 4982 M_Atrr.

424 4982 441 5022 ί
476 4984 554 5040 De
577 4977 743 5040 istius"
763 4977 907 5038 modi
932 4980 1205 5040 versibus,
1228 4992 1291 5031 ac
1318 4977 1505 5031 metris
1533 4977 1936 5046 Scripturarum

344 5056 648 5111 divinarum
694 5055 907 5123 plenius
943 5052 1278 5119 disputatum
1319 5060 1403 5103 eSt
1438 5064 1491 5103 m
1529 5048 1938 5120 Prolegomenis

348 5130 507 5196 huius
532 5127 907 5182 Bibliothecm.
935 5123 1117 5177 MART.

343 5188 486 5269 af—
525 5199 663 5267 Quid
694 5199 849 5253 nobis
888 5198 1143 5269 videatur
1176 5194 1245 5247 de
1281 5191 1470 5249 metris
1517 5191 1668 5250 hisce
1724 5188 1936 5250 Hebraei

346 5266 563 5339 textus,
581 5272 632 5324 in
661 5269 980 5339 praefatione
1003 5266 1360 5337 explicamus.

417 5353 443 5391 ε
497 5336 572 5397 Ita
612 5336 720 5397 ms.
775 5340 1078 5395 Bibliorum
1126 5352 1405 5391 sacrorum
1452 5336 1625 5391 codex
1677 5336 1937 5394 Ecclesia:

343 5411 743 5477 Narbonensis,
777 5410 868 5465 alii
906 5426 1013 5465 non
1047 5408 1247 5463 habent
1273 5409 1497 5463 verbum
1529 5409 1699 5475 metri,
1731 5409 1827 5464 sed
1849 5424 1938 5465 so-

344 5485 643 5551 lummodo,
680 5482 909 5538 numeris
950 5483 1060 5552 lege
1102 5479 1304 5552 solutis.
1355 5480 1633 5534 Diversam
1662 5481 1820 5536 valde
1854 5481 1935 5537 le-

344 5555 580 5611 ctionem
611 5556 813 5611 retinet
838 5550 1429 5623 exemplarnlliblicuni
1475 5567 1576 5606 nis.
1612 5554 1927 5609 monasterii

344 5629 516 5682 nostri
545 5626 605 5681 Β.
634 5626 814 5683 Mariae
837 5622 1115 5681 Deauratae
1138 5622 1443 5687 Tolosaum,
1469 5624 1519 5678 in
1536 5638 1638 5693 quo
1661 5624 1919 5690 scriptum

343 5698 523 5768 reperi
559 5716 573 5752 :
619 5697 893 5754 Interdum
931 5712 1128 5768 quoque
1168 5694 1436 5764 rliytlmtus
1486 5695 1596 5763 ipse
1638 5694 1827 5768 dulcis,
1870 5707 1919 5752 et

2106 3228 2174 3242 ——
2212 3199 2347 3254 Illud
2376 3199 2525 3253 metri
2548 3198 2598 3252 in
2618 3195 2856 3253 Palatio.
2884 3211 2990 3254 ms.
3015 3195 3381 3261 desideratur,
3412 3202 3473 3251 ut
3495 3203 3550 3251 et
3583 3195 3638 3251 in

2034 3270 2309 3341 plerisque
2330 3270 2456 3325 aliis
2494 3270 2665 3341 codd.
2688 3270 3002 3324 Martianmo
3034 3269 3321 3338 inspectis.
3365 3268 3503 3323 Olim
3541 3282 3640 3337 pro

2034 3340 2185 3396 metri
2214 3352 2355 3407 erat,
2403 3343 2612 3410 pedum.
2641 3340 2941 3395 Prmstahat
2966 3355 3098 3395 vero
3128 3349 3416 3408 utramque
3444 3354 3636 3394 vocem

2035 3413 2329 3477 inducere;
2364 3423 2554 3482 aperte
2581 3414 2726 3467 enim
2756 3412 2814 3467 S.
2845 3411 3049 3467 Doctor
3083 3411 3279 3466 a!ludit
3311 3410 3441 3464 illttd
3473 3410 3644 3464 Hora-

2037 3485 2242 3539 tianuin
2268 3484 2334 3539 de
2368 3485 2603 3539 Pindaro
2628 3503 2640 3536 :
2669 3484 2993 3554 numerisque
3022 3488 3187 3555 fertur
3212 3482 3348 3555 Lege
3370 3484 3572 3555 solutis.

2110 3556 2139 3590 ιι
2176 3555 2266 3612 Sic
2298 3554 2536 3610 ellcrunt
2581 3555 2695 3625 pari
2738 3552 3175 3610 consensu'editi
3211 3552 3440 3625 ac'mss.
3490 3552 3638 3608 libri.

2036 3625 2203 3682 Jubet
2235 3643 2367 3682 vero
2393 3626 2637 3682 Clericus
2669 3627 2733 3680 ad
2765 3627 3137 3698 grammatij
3176 3626 3323 3697 leges
3346 3666 3362 3692 ,
3392 3624 3641 3698 Sapphus

2038 3700 2288 3764 rescribi,
2321 3710 2412 3753 aut
2442 3699 2760 3768 Sapphonis.

2118 3768 2133 3807 ί
2172 3770 2244 3824 De
2288 3770 2476 3823 metris
2526 3771 2860 3837 llymnorum
2895 3778 2990 3825 aut
3027 3769 3370 3824 Psalmorum
3420 3768 3635 3824 locutus

2039 3850 2122 3897 est
2146 3841 2300 3896 Philo
2325 3841 2417 3896 ubi
2447 3840 2516 3895 de
2549 3841 2768 3895 Essenis
2809 3856 3115 3896 sermonem
3150 3840 3384 3895 instituit
3417 3857 3430 3894 :
3482 3840 3640 3895 Jose-

2038 3912 2181 3984 phns
2211 3921 2391 3967 autem
2422 3926 2612 3967 versus
2637 3913 2691 3984 in
2726 3911 3432 3984 Scripturishexametros
3466 3927 3635 3984 agno:

2042 3982 2147 4038 Scit
2189 3984 2585 4055 Antiquitatum
2612 3982 2969 4055 ,Juilaicarum
3003 3983 3097 4038 ιιι).
3147 3998 3205 4055 rt,
3239 3998 3363 4053 cap.
3404 3983 3458 4036 7.
3490 3982 3639 4037 Nihil

2040 4055 2094 4110 id
2133 4070 2302 4125 genus
2329 4053 2433 4125 legi
2484 4054 2626 4121 apud
2658 4053 2949 4122 Origenem
2982 4070 3152 4121 usque
3184 4054 3236 4109 in
3269 4068 3550 4124 praesens:
3582 4062 3639 4108 at

2041 4124 2182 4196 apud
2211 4124 2500 4185 Eusebium
2528 4127 2920 4182 Caesariensem
2948 4126 3226 4193 conceptis
3262 4124 3446 4196 verbis
3489 4125 3631 4179 scri-

2042 4195 2129 4267 pta
2162 4199 2409 4267 leguntur
2437 4199 2624 4252 isthch
2637 4197 3053 4268 Praeparatiouis
3076 4197 3410 4268 Evangelicac
3438 4195 3536 4250 lib.
3558 4211 3635 4263 xi,

2043 4284 2161 4340 cap.
2198 4270 2252 4325 5.
2286 4271 2466 4326 MART.

2113 4337 2183 4380 l—
2203 4342 2401 4398 Recole
2431 4338 2809 4396 Praefationem
2835 4343 2887 4395 in
2916 4340 3244 4396 Chronicum
3278 4337 3519 4403 Eusebii,
3547 4352 3640 4394 ea-

2043 4428 2149 4484 que
2185 4411 2236 4467 in
2258 4413 2443 4481 primis
2465 4411 2624 4484 verba
2656 4428 2669 4465 :
2695 4415 2821 4484 quid
2844 4414 3120 4483 perfectius
3141 4410 3243 4464 Job
3267 4412 3294 4484 ξ
3316 4409 3443 4484 Quae
3464 4411 3639 4464 omnia

1968 4515 2017 4576 1)
2042 4479 2376 4576 Ιξςαξαηιεῑνὶδ,
2418 4495 2467 4576 et
2504 4479 2853 4576 P‘entametJris
2881 4479 3131 4545 versibus,
3180 4479 3541 4576 ut‘JoSepItus,
3589 4489 3636 4576 et

2052 4555 2299 4627 Origenes
2335 4556 2595 4618 scribunt,
2641 4556 2782 4627 apud
2829 4571 2949 4627 suos
2998 4555 3279 4622 composita
3328 4552 3635 4627 decurrunt.

2048 4623 2386 4696 Scriptorum
2420 4640 2634 4696 quoque
2659 4623 2990 4692 testimonia,
3015 4641 3081 4681 ex
3105 4638 3338 4694 quorum
3367 4623 3636 4679 sententia

2044 4695 2133 4751 hic
2163 4697 2401 4764 loquitur
2429 4695 2487 4752 S.
2520 4696 2703 4761 Pater,
2733 4697 2806 4752 ibi
2835 4707 3186 4752 annotautur.

2119 4769 2132 4816 i
2186 4766 2358 4823 Voces
2382 4776 2473 4839 aut
2496 4766 2709 4831 omissa,
2735 4770 2910 4825 nescit
2936 4769 3166 4825 Palatio.
3194 4782 3296 4822 ms.
3314 4766 3405 4839 qui
3428 4775 3483 4824 et
3513 4780 3637 4822 mox

2044 4838 2191 4910 legit,
2222 4841 2344 4910 quia
2369 4838 2711 4893 Hebraeorum
2740 4856 3048 4903 sermonem,
3076 4850 3181 4895 etc.
3338 4838 3341 4839 ⁷
3400 4862 3405 4869 ί

2116 4908 2143 4947 ¹ί
2180 4908 2377 4966 lterum
2410 4912 2622 4981 ignorat
2650 4911 2789 4965 idem
2817 4929 2919 4967 ms.
2948 4912 3037 4967 hic
3063 4926 3249 4966 vocem
3275 4918 3451 4965 natus.
3480 4908 3633 4977 Quod

2046 4997 2208 5052 porro
2236 4983 2308 5038 ait
2330 4982 2390 5040 S.
2416 4984 2597 5045 Pater,
2628 4983 2885 5038 vexillum
2918 4999 2977 5039 se
3006 4982 3183 5039 crucis
3214 4983 3266 5036 in
3300 4982 3480 5037 fronte
3508 4997 3633 5047 por-

2045 5064 2179 5127 tare,
2227 5054 2356 5109 illud
2406 5052 2623 5127 proprie
2669 5053 2846 5108 innuit
2879 5054 3061 5111 Crucis
3094 5056 3320 5127 signum,
3345 5052 3484 5127 quod
3514 5068 3633 5106 cum

2043 5125 2202 5199 odore
2230 5127 2523 5181 chrismatis
2550 5124 2819 5199 signantus
2847 5128 2903 5179 in
2927 5129 3116 5199 fronte,
3142 5124 3201 5179 in
3239 5126 3539 5194 baptismo,
3574 5134 3633 5179 ut

2043 5198 2283 5268 loquitur
2328 5199 2504 5268 justus
2549 5195 2937 5268 Urgelitanusﬁ
2969 5199 3023 5253 Id
3065 5198 3239 5266 ipsum
3291 5205 3439 5251 nctat
3484 5209 3632 5268 smpe

2040 5266 2191 5331 alibi,
2222 5280 2277 5324 et
2303 5266 2355 5323 in
2384 5284 2506 5339 cap.
2534 5283 2590 5321 ix
2628 5267 2928 5325 Ezechielis
2959 5270 3028 5325 de
3056 5268 3248 5325 Crucis
3278 5268 3456 5339 signa,
3489 5266 3631 5339 quod

2041 5339 2097 5393 in
2117 5338 2529 5396 Christianorum
2550 5339 2806 5411 frontibus
2828 5341 3077 5417 pingitur.
3103 5341 3171 5396 Et
3195 5338 3473 5396 EnnOdius
3499 5338 3631 5409 Epi-

2041 5426 2211 5483 gram.
2231 5427 2342 5468 xvrt
2363 5430 2375 5466 :

2334 5530 2434 5583 Nos
2456 5530 2626 5583 frontis
2648 5533 2789 5596 signo
2813 5530 3057 5582 credimur
3082 5541 3194 5581 esse
3219 5528 3332 5580 Dei.

2103 5636 2121 5676 1
2156 5639 2286 5714 Hice
2318 5655 2531 5714 quoque
2560 5641 2749 5714 verba,
2778 5642 3035 5714 corrigere
3067 5647 3114 5696 et
3139 5644 3488 5714 sacramenta,
3523 5632 3635 5714 ab-

2018 5721 2144 5787 sunt
2176 5727 2214 5787 _a
2253 5705 2500 5771 Palatino
2543 5705 2751 5780 codice,
2798 5705 3227 5780 ama'nuensium,
3276 5720 3358 5787 ut,
3389 5705 3630 5768 videtur,

343 5770 576 5826 tinnulas
606 5772 767 5843 fertur
803 5767 1065 5838 numerus,
1112 5769 1248 5839 quod
1289 5768 1527 5823 metricus
1572 5767 1736 5837 magis
1763 5784 1916 5839 quam
2013 5782 2245 5844 incuria,
