4108 6360
457 232 602 292 1088

1471 227 1530 285 S.
1578 176 1954 283 ΙΙΙΕΒΟΝῨΜΙ
1996 218 2227 283 ΒΙΥΙΝᾹ
2270 220 2750 285 ιιιιιιιυτιιιέοιι.

3628 231 3782 291 1084

453 358 797 411 sacramenta
822 349 1085 410 Ecclesia:
1113 362 1250 422 puro
1270 361 1334 405 ac
1360 345 1504 403 fideli
1532 345 1747 417 aperire
1774 348 2052 408 sermone,
2082 355 2131 418 Α
2160 342 2405 415 meisque
2436 342 2752 413 permlttant
2781 352 3049 414 pauperes
3099 341 3302 400 habere
3347 345 3650 404 sclieduias
3671 392 3687 416 ,
3723 356 3784 403 et

456 445 543 502 vel
569 454 599 500 ί
631 443 948 513 fastidiosis,
978 453 1005 483 α
1037 445 1117 499 vel
1147 458 1177 497 a
1208 439 1458 512 malignis
1489 437 1785 494 lectoribus
1815 448 1923 491 non
1952 435 2054 492 de;

457 539 562 596 beo
586 540 902 610 reprobari?
953 537 1196 593 l-labennt
1239 535 1329 605 qui
1372 533 1557 588 volunt
1604 539 1819 587 veteres
1859 531 2052 598 libros,

2161 446 2268 492 non
2298 445 2407 492 tam
2435 435 2693 508 pulchros
2722 436 2971 522 codices,
3020 452 3181 508 quam
3223 439 3566 499 emendatos.
3606 436 3785 499 Utra-

2161 548 2266 602 que
2291 531 2487 594 editio,
2527 540 2584 587 et
2610 530 2961 601 Septuaginta
2992 530 3018 569 ιι
3045 532 3200 603 juxta
3230 534 3480 606 Grzccos,
3533 545 3608 593 et
3651 551 3784 593 mea

456 629 547 686 vel
587 630 641 685 in
676 629 1008 686 membranis
1053 624 1386 699 purpureis”
1417 641 1552 681 auro
1592 634 1924 695 argentoque
1961 622 2056 677 de—
2158 625 2313 694 juxta
2347 624 2628 692 llebrtens,
2658 626 2709 678 in
2741 624 2985 681 Latinum
3010 642 3131 682 meo
3155 627 3340 686 labore
3367 633 3641 687 translata
3666 640 3780 687 est.

463 723 728 796 scriptos,
760 724 849 779 vel
884 732 908 764 ο
940 722 1276 789 nncialibus,
1310 729 1369 776 ιιι
1421 720 1585 790 vulgo
1626 718 1797 784 aiunt,
1837 718 2052 783 litteris,

461 831 630 875 onera
660 819 832 890 magis
855 822 1100 886 exarata,
1124 829 1285 888 quam
1315 811 1876 870 eodices:dummodo
1899 811 2053 879 milii,

2165 717 2343 788 Ellgat
2379 719 2753 789 unusquisque
2800 718 2942 789 quod
2986 721 3135 776 vult:
3168 730 3224 777 et
3262 722 3570 781 studiosum
3625 734 3654 764 θ
3688 738 3783 783 me

2166 809 2356 881 magis,
2389 816 2552 880 qtiam
2580 809 2904 867 malevolum
2934 794 3199 883 probet.7

535 1008 561 1038 α
590 1000 754 1059 Solus
789 997 978 1056 Cancri
1014 999 1123 1056 San
1160 997 1588 1062 Germanensis,
1626 1011 1659 1050 ιι
1685 993 1953 1049 maledicis
1982 994 2059 1049 le-
2160 992 2322 1071 quasi
2343 992 2409 1048 ad
2438 992 2604 1048 cubiti
2632 994 2869 1071 speciem
2900 1006 3212 1071 exarantnr.
3243 997 3378 1071 Illud
3406 1012 3538 1057 vero
3570 1010 3790 1071 aperte

462 1071 707 1128 claribus.
742 1071 920 1129 Mur.

538 1140 567 1181 δ
598 1141 881 1213 Ejusmodi
906 1141 1156 1201 codicum
1191 1140 1603 1213 inmembranis
1629 1134 1939 1213 purpureis,
1971 1134 2061 1190 lito

469 1208 707 1285 terisque
738 1230 808 1270 ex
831 1224 1056 1286 argento
1084 1212 1395 1284 descriptus
1420 1228 1559 1286 unus
1581 1208 1721 1280 apud
1758 1222 1856 1286 nos
1874 1222 2063 1277 super-

467 1293 553 1341 est
582 1280 637 1340 in
671 1280 1005 1343 Veronensis
1034 1280 1286 1343 Ecclesize
1319 1285 1673 1348 bibliotheca,
1700 1280 1791 1347 qui
1821 1280 2064 1348 Evange-

467 1357 664 1414 liorum
690 1360 993 1414 versionem
1017 1359 1260 1415 Latinam
1283 1367 1409 1412 ante
1433 1353 1905 1425 llieronymianam
1932 1366 2063 1407 cou-

472 1427 626 1501 tinet,
659 1429 726 1484 de
756 1446 861 1501 quo
892 1440 946 1485 et
974 1430 1325 1497 subsequeuti
1361 1438 1524 1501 tonio
1547 1427 1809 1501 dicemus.

545 1510 568 1539 ο
597 1500 714 1555 Duo
746 1495 837 1556 aut
875 1512 984 1557 tres
1012 1518 1143 1558 mss.
1163 1495 1267 1569 'pro
1311 1497 1622 1564 uncialibus,
1649 1495 1837 1568 legunt
1869 1495 2062 1552 eodem

472 1585 660 1634 sensu,
691 1573 998 1628 initiulibus.
1033 1572 1213 1628 Mam.
1480 1630 1489 1641 ,

541 1641 867 1716 —Unciales
887 1661 1022 1716 quas
1043 1652 1200 1699 vocat
1215 1638 1620 1716 llieronymusL
1620 1640 1850 1710 litteras,
1863 1638 2060 1716 Glossa

473 1714 526 1768 iit
550 1713 675 1770 cod.
702 1710 963 1771 Vaticano
993 1716 1095 1772 135
1109 1716 1333 1785 exponit
1358 1710 1559 1785 longas.
1587 1712 1817 1768 Βιιᾱεειιε
1844 1710 2069 1785 ἀιῖᾼξειι

473 1784 569 1840 lib.
600 1800 641 1854 t,
673 1785 795 1842 illas
825 1788 938 1842 vult
971 1782 1572 1856 pollicis'crassitudine
1597 1795 1869 1842 exaratos.
1902 1782 2070 1856 Mulio

477 1864 777 1946 aptem‘est
822 1854 1213 1946 ver-osiniilius,
1258 1858 1337 1939 sic
1377 1855 1550 1946 dictas
1596 1866 1768 1946 perite
2104 1887 2150 1946 Β

476 1925 621 1983 diois
665 1928 904 2001 litteras,
939 1931 1168 2001 qumratl
1219 1929 1392 1984 unciae
1435 1928 1803 2001 grniiditatem
1845 1936 2067 2001 prepar-

475 1999 893 2069 tiouequadam
923 1997 1271 2061 accederent,
1302 2015 1534 2069 quarum
1562 1997 1841 2069 Specintep
1875 1997 1927 2050 in
1973 2011 2072 2049 an—

476 2017 628 2069 tione
658 2017 893 2069 quatiam
923 2017 1271 2061 accederent,
1345 2017 1534 2053 uarum
1562 2017 1841 2065 specmiei
1876 2017 1927 2050 ιιι
1973 2017 2069 2049 an-

476 2068 804 2149 tiqiiioribus
834 2074 1108 2149 nonnullis
1134 2017 1417 2149 codicﬂius
1446 2069 1765 2149 videre-est.
1802 2017 1882 2147 ἐς)
1912 2076 2069 2149 pacto

445 2134 727 2213 'cuBlwles
747 2156 840 2198 eas
864 2142 1026 2213 vulgo
1047 2143 1302 2208 dicimus,
1329 2154 1452 2211 qum
1470 2140 1521 2196 in
1545 2138 1811 2210 lapidibus
1837 2134 2073 2213 s’uficrne

476 2211 726 2268 locandis
751 2223 806 2269 et
853 2211 1071 2286 longius
1114 2215 1185 2269 ab
1235 2216 1517 2270 oculorum
1564 2214 1705 2278 acie,
1751 2211 2073 2283 grandiores

2164 1065 2484 1140 mendosum
2506 1073 2610 1129 est,
2641 1066 2788 1137 quod
2820 1065 3119 1140 pra-ferunt
3160 1070 3382 1140 quidam
3413 1084 3545 1130 mss.
3583 1065 3783 1128 initia-

2163 1136 2296 1214 libiti
2327 1152 2433 1195 :ac
2461 1135 2951 1214 friistra‘sunt’tum
2985 1135 3356 1210 Martianzeus,
3388 1144 3480 1214 qni
3503 1146 3637 1214 ejus
3667 1161 3779 1199 no-

2168 1206 2329 1263 minis
2357 1209 2606 1286 eumdem
2638 1223 3007 1286 essesensnm
3046 1216 3313 1282 autumat,
3343 1206 3472 1269 'tn'iu
3514 1206 3644 1280 alii,
3696 1217 3789 1286 gni

2166 1292 2282 1355 eas_
2306 1289 2495 1350 putant
2526 1283 2733 1336 litteras
2763 1280 3010 1355 indicari,
3059 1296 3181 1354 quae
3214 1280 3371 1340 initio
3421 1285 3643 1355 periodi
3690 1280 3789 1343 aut

2167 1353 2362 1420 capitis
2402 1354 2723 1425 grandiores
2752 1353 3149 1425 scriberentur,
3203 1353 3533 1425 minusculo,
3583 1366 3656 1415 ut
3678 1374 3787 1415 vo-

2168 1433 2314 1503 c:_int.
2346 1426 2664 1503 charactere
2686 1423 2794 1503 join
2830 1423 3174 1503 iutioducln’:
3204 1429 3346 1495 quod
3377 1423 3788 1503 llieronymia-

2171 1491 2265 1573 nis_
2283 1495 2618 1573 temporibus
2643 1491 2808 1573 probe
2839 1496 3017 1552 sciunt
3045 1502 3150 1554 non
3178 1491 3495 1571 convenire,
3528 1491 3630 1573 qu'i
3665 1502 3789 1573 ejus

2170 1566 2268 1637 aevi
2299 1569 2626 1637 Scripturam
2663 1567 2885 1623 callent.

2242 1635 2269 1676 ά
2310 1635 2461 1694 nmo
2503 1637 2626 1695 lobi
2661 1640 2967 1695 versionem
3014 1640 3264 1697 Latinam
3312 1657 3378 1698 ex
3427 1643 3644 1710 Grarco,
3683 1642 3785 1699 ab:

2176 1708 2509 1786 liieronqu
2556 1721 2908 1786 anomalam,
2967 1722 3115 1786 tonio
3165 1714 3418 1786 sequenti
3465 1730 3596 1773 cum
3640 1708 3789 1773 aliis

2173 1776 2416 1852 ejusdem
2446 1776 2604 1836 libris
2630 1796 2729 1837 suo
2759 1785 2876 1838 loco
2898 1776 3242 1840 exhibemus.

2249 1862 2272 1890 ι’
2306 1853 2601 1923 Utrumque
2627 1853 2907 1923 exemplar
2928 1853 3165 1913 Cononis
3183 1868 3307 1913 cum
3332 1856 3630 1917 duodecim
3659 1858 3789 1913 aliis

2179 1938 2310 1987 mss.
2333 1926 2613 1981 codicibus
2639 1929 2900 1986 aerii-tum
2932 1927 3092 1981 liabet
3118 1944 3175 1982 se
3208 1944 3306 1993 prii
3351 1946 3451 1995 me,
3485 1940 3533 1985 et
3558 1928 3782 1985 studio-

2177 2012 2287 2049 sum
2314 2012 2367 2050 se
2393 1995 2576 2072 magis.
2617 2012 2774 2072 quam
2819 1997 3117 2072 maliuolum
3155 1999 3355 2068 probet.
3395 2000 3575 2072 bligat
3618 2000 3793 2072 igitur

2182 2067 2556 2194 unusg'uisquc
2581 2066 2724 2137 quod
2772 2067 2887 2124 vult
2929 2069 3074 2124 inter
3112 2066 3389 2129 variantes
3419 2066 3553 2128 istas
3592 2066 3795 2128 lectio.

2182 2152 2295 2194 nes.
2381 2154 2508 2194 Αιιτ.

2179 2152 2295 2194 nes.
2326 2152 2508 2194 MART.

1899 2483 2336 2568 INCIPIT
2404 2518 2417 2523 -

1550 2664 2149 2815 LIBER
2235 2658 2710 2811 JOB”.

553 3008 709 3082 [Cap.
744 3007 811 3081 l.]
839 3007 936 3063 Vir
962 3016 1080 3064 erat
1119 3007 1170 3064 in
1226 3018 1368 3063 terra
1400 3007 1535 3073 Hus,
1586 3007 1803 3065 nomine
1850 3008 1976 3075 Job,
2033 3015 2087 3063 et
2114 3005 2161 3069 C
2191 3005 2299 3063 Sed
2330 3004 2571 3062 extende
2598 3004 2873 3077 paululum
2895 3019 3116 3060 manum
3143 3012 3312 3072 tuam,
3337 3011 3391 3060 et
3414 3011 3572 3074 tange
3601 3012 3797 3059 cuneta
3837 2989 3843 2995 ⁷

479 3112 601 3159 erat
629 3102 714 3159 vir
740 3101 833 3159 ille
864 3101 1122 3174 simplex,
1152 3111 1206 3158 et
1232 3112 1438 3171 rectus,
1469 3117 1533 3159 ac
1562 3102 1760 3158 timens
1795 3098 1997 3170 Deum,
2035 3111 2091 3158 ct

481 3193 745 3253 recedens
785 3194 816 3251 ἑ
862 3195 1006 3251 malo
1039 3213 1051 3249 :
1085 3189 1311 3268 batique
1341 3208 1466 3252 sunt
1514 3197 1566 3254 ei
1611 3206 1821 3268 septem
1855 3197 1987 3261 lilii,
2034 3207 2090 3254 et

484 3296 595 3345 tres
653 3287 800 3344 lilite.
853 3287 921 3349 Et
974 3286 1074 3344 fuit
1128 3290 1405 3359 possessio
1455 3284 1594 3361 ejus,
1655 3300 1865 3361 septem
1918 3290 2089 3346 millia

488 3384 695 3450 ovium,
728 3391 784 3449 et
811 3384 911 3440 tria
952 3384 1119 3439 millia
1149 3384 1510 3450 camelorum,
1542 3383 1843 3456 quingenta
1874 3398 2091 3456 quoque

480 3473 607 3547 juga
654 3473 840 3544 boum,
889 3484 943 3529 et
987 3473 1297 3546 quingenta:
1332 3476 1521 3542 asinm,
1574 3492 1638 3531 ac
1685 3475 1887 3531 familia
1923 3476 2089 3532 multa

490 3564 654 3622 nimis
681 3585 693 3621 :
726 3573 953 3638 eratque
994 3567 1078 3622 vir
1108 3566 1200 3624 ille
1242 3583 1471 3639 magnus
1504 3568 1646 3623 inter
1675 3583 1866 3625 omnes
1906 3568 2090 3625 orien-

489 3655 649 3713 tales.
687 3656 756 3711 Et
785 3657 934 3712 ibant
964 3657 1062 3711 lilii
1090 3659 1229 3728 ejus,
1280 3668 1329 3711 et
1364 3656 1636 3715 faciebant
1661 3660 1967 3715 convivium
1998 3675 2094 3730 per

489 3748 712 3818 domos,
743 3750 1116 3822 unusquisque
1148 3754 1197 3805 in
1230 3750 1321 3806 die
1348 3764 1469 3807 suo.
1506 3751 1574 3807 Et
1606 3753 1886 3809 mittentes
1931 3769 2092 3810 voca-

492 3840 625 3897 bant
653 3850 764 3899 tres
794 3836 1015 3900 sorores
1058 3860 1217 3915 suas,
1268 3855 1343 3913 ut,
1371 3847 1727 3903 comederent
1763 3856 1817 3904 et
1846 3848 2096 3909 biberent

489 3951 613 3995 cum
639 3937 738 3994 eis.
780 3941 1022 4011 Cumque
1045 3941 1097 3996 in
1125 3941 1314 3997 orbem
1342 3942 1665 3999 transissent
1690 3942 1808 3999 dies
1832 3945 2088 4014 convivii,

501 4029 753 4086 mittebat
784 4030 850 4086 ad
880 4046 976 4088 eos
1004 4034 1129 4099 Job,
1162 4041 1218 4089 et
1255 4031 1623 4088 sanctiﬂcnbat
1666 4035 1807 4104 illos,
1859 4050 2091 4092 consur-

492 4136 735 4192 gensque
777 4123 1019 4181 diluculo
1060 4124 1324 4181 offerebat
1357 4124 1672 4181 holocausta
1718 4142 1817 4197 per
1851 4127 2094 4199 singulos

494 4212 605 4288 [Αι.
640 4232 739 4285 pro
768 4216 1041 4291 singulis].
1077 4218 1302 4273 Dicebat
1323 4218 1467 4274 cnim
1495 4236 1507 4272 :
1542 4218 1620 4275 Ne
1653 4219 1793 4281 forte
1824 4236 2091 4290 peccave-

496 4309 607 4365 rint
634 4309 728 4366 lllii
773 4312 902 4376 mel.
936 4321 993 4368 et
1028 4311 1410 4369 benedixerint
1443 4313 1551 4369 Deo
1591 4314 1645 4367 in
1673 4313 1929 4374 cordibus
1953 4315 2087 4370 suis.

2191 3108 2310 3169 quae
2342 3099 2608 3173 possidet,
2646 3098 2748 3179 nisi
2774 3099 2826 3153 in
2857 3097 2993 3153 facie
3021 3106 3110 3152 tua
3140 3096 3246 3169 [ΑΙ.
3281 3096 3472 3177 faciem
3507 3092 3684 3165 tuam]
3717 3097 3799 3150 hc-

2193 3195 2461 3253 nedixerit
2487 3194 2602 3252 tibi.
2636 3188 2787 3252 Dixit
2816 3209 2947 3264 ergo
2985 3190 3245 3249 Dominus
3275 3190 3341 3247 ad
3372 3190 3540 3248 Satan
3574 3207 3592 3247 :
3639 3190 3794 3252 Ecce,

2192 3289 2445 3347 universa
2485 3306 2605 3362 qnte
2637 3289 2822 3358 habet,
2858 3292 2907 3344 in
2953 3304 3115 3345 manu
3147 3297 3237 3344 tua
3275 3296 3405 3342 sunt
3438 3307 3452 3342 :
3500 3293 3717 3341 tantum
3746 3283 3795 3341 in

2194 3400 2316 3439 eum
2364 3398 2432 3438 ne
2483 3383 2747 3440 extendas
2794 3394 3011 3438 manum
3069 3391 3239 3436 tuam.
3294 3380 3677 3450 Egrt-ssusque
3718 3387 3797 3433 est

2193 3475 2357 3532 Satan
2405 3490 2433 3530 a
2472 3472 2605 3532 facie
2638 3470 2867 3531 Domini.
2904 3476 3039 3530 Cum
3080 3482 3261 3532 autem
3309 3476 3544 3544 quadam
3570 3472 3666 3527 die
3708 3472 3795 3525 lilii

2194 3579 2249 3626 et
2279 3567 2407 3626 lilire
2434 3570 2553 3639 ejus
2576 3568 2928 3625 eomederent
2958 3575 3016 3623 et
3047 3567 3303 3623 biberent
3328 3567 3515 3621 vinum
3548 3565 3601 3621 in
3638 3564 3797 3619 domo

2197 3660 2381 3718 fratris
2420 3663 2504 3719 sui
2550 3661 2937 3733 primogeniti,
2987 3659 3208 3714 nuntius
3238 3659 3391 3714 venit
3424 3657 3492 3712 ad
3532 3657 3665 3724 Job,
3707 3656 3793 3727 qui

2194 3754 2401 3811 diceret
2430 3772 2443 3808 :
2476 3750 2651 3812 Boves
2678 3753 2927 3818 arabant,
2963 3766 3013 3809 et
3045 3753 3216 3808 asina:
3252 3752 3623 3824 pascebantur
3646 3750 3794 3821 juxta

2194 3864 2312 3917 eos,
2337 3859 2393 3905 et
2417 3847 2917 3913 irrtteruntSaluei,
2951 3848 3302 3918 tuleruntque
3332 3845 3537 3911 omnia,
3580 3855 3637 3899 et
3671 3859 3795 3914 puc-

2196 3959 2287 3998 ros
2316 3952 2700 4011 percusserunt
2727 3940 2932 4012 gladio,
2969 3952 3025 3996 et
3055 3941 3203 3995 evasi
3233 3953 3336 4009 ego
3364 3938 3538 4006 solus,
3572 3946 3633 3992 ut
3664 3952 3797 3991 nun-

2196 4037 2388 4092 tiarem
2430 4034 2553 4092 tibi.
2606 4033 2853 4103 Cumque
2892 4033 3071 4089 adhuc
3111 4032 3207 4089 ille
3250 4033 3595 4102 loqueretur,
3654 4025 3797 4087 venit

2194 4133 2354 4198 alter,
2383 4140 2440 4188 et
2487 4130 2625 4186 dixit
2663 4129 2848 4201 :Ignis
2895 4127 2995 4184 Dei
3038 4126 3237 4184 cecidit
3265 4142 3295 4182 e
3325 4127 3492 4194 creto,
3539 4128 3595 4181 et
3629 4133 3795 4180 tactas

2194 4240 2324 4281 oves
2351 4223 2657 4295 pueroSque
2691 4222 3052 4291 consumpsit,
3096 4230 3150 4277 et
3179 4219 3343 4289 ellugi
3391 4233 3494 4290 ego
3535 4218 3713 4285 solus,
3742 4224 3794 4268 ut

2197 4316 2504 4373 nuntiarem
2540 4315 2660 4372 tibi.
2711 4313 2815 4368 Sed
2859 4321 2913 4368 et
2960 4313 3056 4367 illo
3099 4310 3278 4366 adhuc
3322 4302 3607 4379 loquente,
3653 4306 3795 4364 venit

494 4402 585 4463 Slc
617 4404 849 4462 faciebat
879 4405 982 4462 Job
1012 4408 1221 4464 cunctis
1245 4407 1455 4465 diebus.
1489 4407 1730 4476 Quadam
1764 4417 1945 4464 autem
1978 4409 2085 4477 die,
2116 4403 2166 4463 Ι)
2195 4408 2356 4477 alius,
2388 4417 2445 4464 et
2470 4404 2605 4463 dixit
2635 4423 2651 4465 :
2685 4403 2923 4463 Chaldmi
2957 4402 3206 4460 fecerunt
3235 4412 3347 4458 tres
3376 4410 3606 4467 turmas,
3639 4406 3697 4455 et
3720 4401 3793 4450 iu-

494 4512 618 4553 cum
639 4498 915 4555 venissent
937 4499 1032 4556 lilii
1058 4500 1175 4569 Dei,
1203 4510 1259 4556 ut
1281 4501 1603 4559 assistereut
1626 4516 1808 4557 coram
1836 4500 2088 4567 Domino,

496 4590 674 4647 adfuit
702 4590 847 4648 inter
881 4606 981 4650 eos
1015 4594 1177 4650 etiam
1211 4593 1399 4651 Satan.
1449 4592 1546 4649 Cui
1591 4593 1737 4648 dixit
1778 4592 2039 4648 Domitius
2076 4609 2088 4644 :

502 4684 653 4742 Unde
682 4688 874 4744 venis?
898 4687 1001 4758 Qui
1050 4689 1407 4760 respondens,
1454 4688 1531 4745 ait
1553 4706 1567 4744 :
1593 4688 1834 4745 Circuivi
1869 4698 2091 4758 terram,

496 4784 550 4835 et
582 4783 955 4852 perambulavi
1006 4797 1149 4840 eam.
1202 4782 1452 4855 Dixitque
1503 4782 1761 4841 Dominus
1805 4783 1873 4839 ad
1928 4799 2092 4840 eum:

499 4871 771 4944 Numquid
793 4872 1150 4930 considerasti
1182 4890 1400 4931 servum
1432 4891 1614 4931 meum
1640 4875 1763 4943 Job,
1796 4874 1942 4947 quod
1986 4890 2093 4930 non

499 4969 571 5024 sit
594 4968 645 5024 ei
675 4968 869 5025 similis
898 4969 951 5024 in
987 4977 1156 5035 terra,
1207 4969 1370 5025 homo
1397 4970 1624 5039 simplex
1647 5013 1662 5036 ,
1706 4980 1760 5024 et
1806 4978 2008 5032 rectus.
2040 4976 2097 5025 et

502 5056 703 5113 timens
732 5058 927 5127 Deum,
951 5073 1015 5115 ac
1044 5058 1307 5118 recedens
1346 5076 1375 5117 a
1409 5059 1591 5117 malo?
1620 5058 1716 5116 Cui
1756 5059 2097 5132 respondens

503 5148 702 5215 Satan,
756 5150 835 5207 ait
880 5170 892 5206 :
940 5151 1212 5225 Numquid
1263 5153 1466 5215 frustra
1519 5154 1676 5211 timet
1728 5152 1831 5210 Job
1895 5152 2099 5209 Deum?

504 5256 685 5298 nonne
713 5251 768 5299 tu
796 5245 1008 5302 vallasti
1035 5258 1182 5309 eum,
1225 5262 1290 5301 ac
1316 5244 1537 5301 domum
1578 5244 1719 5314 ejus,
1756 5244 2096 5301 universam-

503 5349 612 5405 que
641 5336 995 5395 substantiam
1031 5355 1129 5410 per
1172 5338 1492 5407 circuitum,
1543 5339 1800 5412 operibus
1841 5354 2096 5397 manuum

503 5426 623 5498 ejus
649 5428 997 5500 benedixisti,
1023 5441 1080 5489 et
1108 5431 1383 5501 possessio
1417 5432 1565 5489 illius
1604 5432 1778 5488 crevit
1818 5429 1871 5488 in
1907 5424 2101 5490 terra?

573 5622 601 5655 α
642 5614 888 5671 Palatino
928 5615 1193 5671 hactenus
1243 5613 1460 5671 laudato
1510 5630 1613 5670 ms.
1659 5614 1891 5670 alterum
1944 5626 2089 5671 nunc

498 5685 775 5757 jungimus
804 5702 872 5742 ex
910 5686 1098 5744 eadem
1124 5687 1385 5743 Vaticana
1434 5686 1783 5752 bibliotheca,
1831 5686 1925 5754 qui
1955 5686 2085 5741 olim

491 5760 693 5838 regina:
735 5760 1037 5816 Succorum
1068 5759 1201 5832 fuit,
1248 5774 1399 5815 num.
1437 5760 1468 5813 7
1514 5766 1912 5839 prienotatum,
1953 5771 2087 5827 sane

2199 4510 2458 4559 vasernnt
2487 4500 2749 4565 camelos,
2777 4508 2834 4556 et
2863 4499 3106 4555 tulerunt
3136 4512 3252 4564 eos,
3284 4511 3496 4553 necnon
3520 4503 3577 4550 et
3600 4506 3795 4566 pueros

2199 4603 2586 4669 percusserunt
2612 4592 2811 4665 gladio,
2837 4602 2894 4649 et
2929 4607 3032 4665 ego
3059 4592 3166 4656 fugi
3206 4594 3356 4649 solus
3393 4601 3456 4648 ut
3492 4592 3791 4648 nuntiarem

2199 4688 2319 4744 tibi.
2353 4686 2544 4744 Adhuc
2568 4686 2891 4756 loquebatur
2917 4685 3033 4752 ille,
3060 4686 3117 4741 et
3146 4700 3274 4743 ecce
3296 4685 3436 4741 alius
3467 4683 3715 4751 intravit,
3745 4689 3794 4737 et

2202 4783 2375 4840 dixit:
2406 4782 2560 4839 Filiis
2589 4783 2696 4837 tuis
2719 4791 2772 4834 et
2796 4779 3009 4838 ﬁliabus
3037 4781 3383 4838 vescentibus
3408 4790 3463 4837 et
3486 4778 3793 4836 bibentibus

2204 4876 2387 4931 vinum
2418 4875 2471 4931 in
2501 4874 2664 4929 demo
2689 4873 2873 4929 fratris
2899 4874 2983 4929 sui
3017 4873 3386 4943 primogeniti,
3417 4883 3645 4944 repente
3669 4886 3792 4925 ven-

2203 4976 2288 5024 tus
2316 4967 2612 5024 vebemens
2648 4966 2808 5021 irruit
2847 4980 2875 5019 a
2908 4964 3127 5036 regione
3157 4964 3384 5035 deserti,
3431 4974 3486 5022 et
3521 4961 3790 5020 concussit

2199 5068 2431 5133 quatuor
2459 5059 2684 5130 angulos
2715 5058 2932 5121 domus.
2978 5073 3099 5130 qua:
3126 5074 3389 5114 corruens
3432 5058 3705 5129 Oppressit
3735 5054 3793 5110 li-

2198 5155 2363 5212 beros
2395 5162 2542 5221 tuos,
2561 5164 2620 5210 et
2649 5153 2849 5209 mortui
2883 5161 3044 5220 sunt,
3091 5162 3148 5209 et
3185 5152 3348 5223 eti'ugi
3386 5167 3487 5223 ego
3518 5150 3696 5220 solus,
3739 5156 3792 5202 ut

2201 5247 2516 5303 nuntiarem
2549 5245 2671 5303 tibi.
2704 5245 2860 5302 Tunc
2889 5243 3128 5301 surrexit
3156 5244 3283 5311 Joh,
3330 5253 3384 5300 et
3424 5242 3631 5299 sciditb
3658 5240 3791 5297 tuui-

2199 5355 2321 5396 eam
2348 5355 2526 5406 suam,
2558 5347 2615 5395 et
2644 5326 2803 5395 tonso
2832 5339 3010 5408 capite
3037 5351 3306 5394 corruens
3336 5339 3388 5393 in
3422 5345 3647 5402 terram,
3670 5334 3811 5389 allo»

2202 5434 2360 5503 ravit,
2389 5446 2445 5492 et
2466 5434 2643 5491 dixit:
2678 5434 2863 5491 Nudus
2892 5446 3155 5506 egressus
3189 5446 3308 5489 sum
3331 5432 3402 5490 de
3431 5440 3592 5489 utero
3610 5428 3788 5487 matris

2194 5615 2579 5688 perantiquum
2606 5622 2768 5688 atque
2794 5614 3172 5688 emendatum.

2264 5684 2293 5727 ι’
2320 5684 2529 5745 Palatin
2563 5684 2818 5745 msfcum
2850 5686 3104 5771 vulgatis,
3138 5686 3438 5751 vestimenta
3463 5702 3578 5743 sua.
