4108 6360
292 331 430 394 1085

293 511 472 600 minus
505 535 676 597 dedit,
702 531 965 588 Dominus
992 525 1218 582 abstulit
1243 540 1258 576 :
1285 531 1310 559 ιι
1337 520 1409 592 _sit
1436 532 1634 572 nomen
1669 511 1883 568 Domini

293 634 662 692 benedictum.
695 628 751 682 lu
792 622 1044 678 uiitnibus
1077 619 1159 674 his
1191 628 1298 671 non
1329 611 1570 684 peccavit
1603 607 1704 664 Job
1732 605 1758 643 δ
1794 599 1886 658 ne.

294 745 399 802 que
427 726 652 781 stultum
685 720 814 791 quid
846 724 1037 772 contra
1067 712 1234 767 Deum
1261 707 1470 764 locutus
1496 710 1597 758 est.

366 820 519 894 [ϐαρ.
552 814 643 888 ΙΙ.)
674 813 894 870 Factum
927 817 1011 864 est
1039 816 1243 869 autem,
1273 817 1397 856 cum
1426 797 1654 868 quadam
1684 793 1770 848 die
1796 806 1888 847 ve-

296 889 497 970 nissent
535 909 628 964 lilii
661 905 787 970 Dei,
819 914 874 959 et
902 906 1314 956 stareutcoram
1345 891 1582 947 Domino
1602 928 1617 955 ,
1648 889 1888 941 venisset

295 1020 512 1079 quoque
537 1003 702 1059 Satan
737 1000 879 1053 inter
904 1009 1031 1060 eos,
1061 998 1118 1046 et
1139 995 1308 1044 staret
1337 986 1390 1041 in
1412 991 1706 1053 conspectu
1738 978 1886 1049 ejus,

299 1074 356 1154 ut
382 1098 593 1154 diceret
625 1094 888 1148 Dominus
929 1090 994 1142 ad
1039 1085 1204 1142 Satan
1234 1100 1248 1138 :
1277 1080 1433 1138 Unde
1453 1076 1641 1133 venis?
1670 1074 1770 1142 Qui
1804 1088 1890 1129 re-

299 1191 577 1262 spondens
603 1187 677 1239 ait
703 1180 974 1238 :Circuivi
1003 1188 1229 1243 terram,
1263 1182 1318 1229 et
1347 1169 1716 1244 perambulavi
1745 1181 1886 1221 eam.

299 1258 369 1342 Et
391 1282 524 1340 dixit
556 1279 816 1335 Dominus
859 1274 927 1328 ad
964 1273 1168 1328 Satan:
1211 1265 1482 1337 Numquid
1532 1258 1888 1319 considerasti

298 1394 518 1435 servum
551 1389 729 1430 meum
758 1369 861 1428 Job
894 1387 906 1424 :
937 1367 1076 1439 quod
1110 1381 1214 1419 non
1247 1363 1382 1418 sitei
1412 1358 1671 1416 similisin
1711 1362 1852 1411 terra
1873 1397 1888 1422 ,

298 1472 383 1527 vir
410 1469 644 1539 simplex
674 1474 728 1520 et
758 1471 963 1526 rectus,
996 1474 1061 1512 ao
1094 1459 1292 1513 timens
1322 1453 1524 1519 Deum,
1555 1459 1610 1506 et
1628 1449 1893 1506 recedens

299 1583 330 1621 a
368 1565 534 1625 malo.
569 1559 822 1616 etadbuc
852 1555 1098 1610 retinens
1131 1547 1541 1606 innocentiam?
1586 1544 1666 1598 Tu
1707 1551 1893 1597 autem

298 1653 645 1716 commovisri
677 1667 764 1706 me
804 1649 1070 1704 adversus
1099 1661 1222 1701 cum
1247 1687 1262 1713 ,
1302 1650 1360 1698 ut
1397 1641 1696 1711 aflligerem
1740 1638 1894 1693 illum

299 1746 636 1807 iru5tra.Cui
667 1741 1005 1815 respondens
1029 1740 1219 1804 Satan,
1241 1737 1348 1792 ait:
1371 1735 1574 1790 Pellem
1601 1748 1698 1803 pro
1729 1732 1892 1802 pelle,

228 1865 238 1868 -
300 1855 356 1900 et
377 1851 571 1901 cuncta
605 1855 723 1910 qua:
754 1837 918 1892 habet
947 1836 1143 1898 homo,
1175 1831 1326 1887 dabit
1375 1844 1476 1899 pro
1524 1829 1702 1882 anima
1746 1841 1839 1881 sua
1873 1841 1886 1881 :
1926 1815 1968 1875 Β

300 1937 542 2004 alioquin
570 1933 727 1989 mitte
749 1943 968 1986 manum
1003 1937 1172 1993 tuam,
1199 1934 1253 1980 et
1286 1934 1446 1993 tange
1465 1937 1526 1977 os
1544 1920 1662 1991 ejus
1684 1929 1737 1976 et
1767 1933 1892 1975 car-

299 2048 450 2097 nem,
480 2040 532 2083 et
566 2040 694 2083 tunc
723 2022 935 2081 videbis
963 2017 1106 2093 quod
1144 2018 1198 2074 in
1245 2028 1264 2057 ε
1299 2017 1434 2072 facie
1480 2025 1569 2070 tua
1607 2013 1894 2070 benedicat

300 2125 422 2180 tibi.
457 2122 745 2190 Dixitergo
791 2114 1062 2170 Dominus
1103 2111 1169 2166 ad
1224 2110 1421 2167 Satan:
1465 2107 1606 2162 Ecce
1639 2106 1690 2160 in
1731 2120 1892 2160 manu

299 2232 388 2276 tua
421 2227 533 2282 est,
571 2219 944 2270 verumtamen
977 2207 1213 2262 animam
1238 2204 1382 2258 illius
1412 2217 1594 2257 serva.
1624 2199 1892 2269 EgresSus

299 2314 464 2384 igitur
505 2311 674 2366 Satan
709 2323 737 2361 a
779 2305 915 2360 fstt'ie
957 2300 1202 2370 Domini,
1254 2296 1523 2367 percussit
1561 2295 1663 2351 .lol)
1705 2295 1890 2350 ulcere

299 2405 558 2476 pessimo,
586 2416 613 2454 a
635 2401 818 2470 planta
843 2396 998 2465 pedis
1028 2409 1197 2462 usque
1220 2391 1287 2447 ad
1322 2390 1578 2445 verticem
1612 2387 1729 2456 ejus
1761 2387 1890 2456 :qul

296 2506 443 2553 testa
477 2494 684 2548 saniem
716 2490 939 2547 radebat
962 2529 977 2554 ,
1001 2486 1198 2542 sedens
1235 2486 1288 2538 in
1331 2480 1695 2551 sterquilinio.
1751 2479 1891 2536 Dixit

293 2590 577 2646 autemilli
604 2602 742 2642 uxor
773 2600 910 2641 sua:
953 2581 1145 2638 Adhuc
1176 2591 1230 2634 tu
1273 2592 1563 2651 permanes
1614 2574 1721 2649 [AL
1769 2592 1893 2645 per-

296 2698 528 2738 manens
557 2677 637 2752 tu]
668 2681 719 2734 in
761 2678 1118 2748 simplicitate
1169 2673 1306 2731 tua?
1345 2670 1576 2726 benedic
1634 2670 1745 2723 Deo
1775 2709 1791 2733 ,
1836 2676 1894 2723 et

293 2793 532 2836 morere.
564 2775 664 2844 Qui
703 2775 778 2828 ait
809 2773 872 2825 ad
907 2771 1052 2826 illam
1078 2768 1278 2836 πριιοεί
1309 2781 1416 2820 una
1450 2765 1518 2820 de
1548 2763 1729 2818 stultis
1756 2761 1783 2798 ιι
1813 2762 1891 2816 Ιο-

297 2883 424 2928 cuta
458 2888 537 2926 es.
570 2869 628 2926 Si
673 2869 812 2924 bona
867 2865 1211 2934 suscepimus
1244 2859 1312 2916 de
1357 2873 1519 2914 manu
1572 2856 1700 2924 Dei,
1749 2856 1888 2910 mala

291 2979 464 3035 quare
506 2979 612 3016 non
636 2954 1104 3029 suscipiamus?ln
1132 2952 1387 3010 omnibus
1409 2951 1491 3005 Itis
1517 2966 1622 3004 non
1650 2947 1893 3018 peccavit

290 3059 396 3114 Job
425 3057 585 3114 labiis
617 3055 936 3124 suis.lgitur
967 3051 1256 3106 audientes
1283 3057 1392 3102 tres
1420 3045 1578 3102 amici
1601 3043 1705 3100 Job
1727 3057 1890 3098 omne

291 3152 498 3206 malum
529 3147 672 3221 quod
706 3147 996 3202 accidisset
1026 3141 1097 3206 ei,
1128 3150 1401 3196 venerunt
1440 3137 1634 3209 singuli
1667 3137 1735 3191 de
1767 3133 1888 3190 loco

291 3260 418 3308 suo,
454 3241 676 3313 Eliphas
699 3240 1075 3304 Thcmanites,
1111 3244 1166 3290 et
1197 3232 1398 3289 Baldad
1431 3231 1647 3296 Suites,
1693 3236 1749 3285 et
1790 3228 1883 3282 So-

289 3337 431 3408 phar
456 3333 849 3390 Naamatltites.
874 3330 1246 3386 Condixerant
1274 3326 1442 3388 enim,
1491 3333 1549 3378 ut
1570 3322 1772 3395 pariter
1798 3337 1888 3377 ve-

295 3429 514 3484 nientes
554 3427 837 3482 visitarent
871 3439 1020 3486 eum,
1057 3431 1109 3474 et
1159 3418 1596 3474 consolarentur.
1646 3416 1889 3486 Cumque

291 3524 570 3579 levassent
603 3519 788 3587 procul
821 3518 1007 3572 oculos
1036 3531 1183 3578 suos,
1212 3531 1315 3568 non
1344 3520 1740 3580 cognoverunt,
1759 3512 1889 3564 scis.

293 3616 481 3687 sisque
525 3613 765 3683 vestibus
818 3617 1135 3680 sparserunt
1189 3607 1468 3678 pulverem
1519 3620 1684 3674 super
1728 3614 1891 3674 caput

294 3722 452 3762 suum
484 3706 537 3761 in
569 3706 788 3761 cmlum.
835 3703 901 3758 Et
929 3702 1190 3757 sederunt
1229 3714 1352 3756 cum
1382 3714 1447 3754 eo
1492 3699 1544 3754 in
1585 3708 1729 3753 terra
1765 3713 1889 3768 sep-

298 3811 404 3857 tem
430 3799 628 3855 diebus
657 3805 712 3853 et
734 3806 944 3868 septem
992 3795 1272 3860 noctibus,
1321 3801 1375 3848 et
1423 3809 1584 3848 nemo
1626 3791 1891 3864 loqueba-

297 3905 380 3949 tur
418 3893 466 3948 ei
519 3891 782 3948 verbum:
818 3889 1070 3953 videbant
1103 3888 1248 3944 enim
1277 3880 1523 3942 dolerem
1563 3900 1686 3941 esse
1718 3883 1890 3940 vehe-

297 3999 558 4044 mentem.

295 4096 420 4138 POST
461 4097 578 4137 Ill-SC
617 4093 848 4136 APEBUI'I'
885 4094 977 4134 ΠΒ
1015 4092 1075 4133 OS
1115 4093 1251 4132 SUUH
1277 4119 1290 4142 ,
1333 4091 1398 4131 ET
1439 4091 1734 4133 HALBDIXIT
1778 4092 1887 4133 DIE]

760 4167 888 4222 suo,
931 4167 997 4206 er
1036 4163 1272 4206 LOCUTUS
1305 4163 1424 4206 esr.

294 4269 443 4343 [Cap.
476 4266 588 4340 lll.]
619 4266 812 4324 Pereat
835 4265 953 4322 dies
983 4265 1034 4320 in
1059 4280 1164 4336 qua
1191 4272 1347 4320 natus
1377 4278 1521 4330 sum,

369 4416 395 4444 ⁸
425 4413 542 4467 Duo
574 4413 658 4466 hic
686 4409 987 4466 retinentur
1026 4409 1420 4474 additamenta,
1465 4423 1572 4461 non
1614 4408 1794 4464 solum
1829 4411 1880 4464 iu

295 4486 456 4542 editis
477 4485 628 4539 libris
648 4499 709 4556 ac
727 4483 1131 4556 quampluribus
1148 4495 1303 4556 IDSSD
1323 4482 1429 4556 sed
1445 4480 1608 4535 etiam
1629 4481 1682 4534 in
1707 4499 1887 4537 exeni-
1919 4495 1969 4556 ο

298 4557 435 4626 piari
462 4554 697 4608 (Zauonis
723 4552 780 4608 S.
814 4553 1092 4626 Germani,
1126 4552 1216 4626 ubi
1247 4552 1584 4608 ScholiaStes
1607 4567 1759 4608 more
1783 4567 1880 4606 Suo

296 4623 514 4682 critiras
565 4627 813 4694 apposuit
865 4623 1171 4694 huiusmodi
1214 4626 1595 4678 annotationes
1638 4623 1690 4676 in
1741 4641 1883 4678 mar-

297 4701 422 4762 gine
455 4716 468 4750 :
501 4695 554 4747 Ιι.
584 4693 686 4748 non
710 4694 878 4757 liabet,
919 4695 1051 4746 sicut
1097 4693 1315 4747 Domino
1347 4695 1542 4759 placuit
1573 4694 1644 4748 ita
1683 4700 1883 4764 factum

299 4781 396 4833 est,
429 4778 482 4822 et
510 4767 707 4838 deinde
741 4764 836 4838 :lt.
861 4781 962 4818 non
990 4763 1356 4838 liabet,‘_labiis
1398 4765 1526 4818 suis.
1569 4764 1624 4818 lu
1663 4763 1884 4820 Canone

297 4841 464 4895 Carca
501 4855 546 4894 s.
577 4835 732 4892 abest
775 4837 1021 4889 ullintum
1065 4835 1514 4899 additamentum,
1553 4835 1702 4889 labiis
1732 4837 1837 4891 suis
1865 4853 1884 4891 :

297 4913 352 4968 in
381 4911 566 4966 codice
606 4919 786 4963 autem
821 4913 971 4977 regio
1015 4907 1312 4963 Bibliorum
1353 4907 1723 4962 exstrinsecus
1771 4911 1887 4963 tunc

299 4984 474 5054 posita
523 4984 774 5052 leguntur
819 4991 873 5054 et
913 4978 1149 5054 secunda
1199 4992 1382 5054 manu.
1437 4980 1675 5048 Denique
1712 4980 1884 5034 codex

298 5051 648 5112 Corbeieusis
679 5053 873 5107 litteris
900 5051 1204 5106 uncialibus
1249 5051 1554 5118 descriptus
1588 5061 1712 5106 ante
1753 5068 1889 5104 nou-

299 5135 490 5199 gentos
519 5142 714 5199 anuos,
740 5127 832 5199 qui
864 5123 931 5199 _i_n
977 5123 1300 5199 bibliotheca
1341 5120 1399 5177 S.
1425 5121 1684 5178 Germani
1728 5123 1890 5178 habet

302 5193 587 5254 numerum
611 5195 735 5260 660,
759 5193 893 5248 nihil
912 5194 1108 5248 retinet
1127 5193 1359 5247 alienum
1376 5208 1406 5246 a
1432 5204 1578 5248 textu
1602 5194 1886 5262 ilebraico,

300 5271 393 5326 sed
423 5284 614 5340 puram
649 5270 734 5321 ltic
765 5274 1126 5340 reprzesentit
1153 5265 1457 5340 versionem
1508 5266 1890 5336 ilieronytnia-

300 5336 447 5409 nam,
494 5349 552 5395 ut
588 5354 689 5394 nos
718 5336 982 5394 edidimus
1019 5355 1030 5409 ξ
1066 5353 1226 5409 ρειγν.»
1266 5336 1696 5393 additamentum
1741 5340 1891 5408 prius

302 5407 647 5481 desu'mptum
681 5421 872 5481 estex
899 5407 1040 5463 LXX
1071 5408 1488 5481 ltitet'pretilius,
1512 5407 1812 5478 posterius
1863 5424 1893 5464 e

302 5499 460 5540 versu
491 5478 557 5540 i0
581 5479 798 5552 capituli
831 5479 1232 5548 subsequentis.
1262 5478 1444 5534 MART.

362 5557 568 5611 —lllud
582 5553 921 5610 sententiola:
939 5552 1268 5615 addititium,
1285 5553 1414 5605 sicut
1432 5552 1653 5606 Domino
1672 5553 1891 5622 placuit,

301 5629 374 5683 ita
397 5632 590 5698 factum
622 5636 714 5698 est,
748 5625 889 5698 quod
925 5624 1008 5698 hic
1033 5639 1098 5698 ex
1123 5623 1313 5679 Graeci»
1337 5625 1664 5680 iuterseruut
1695 5628 1891 5680 nedum

304 5695 506 5770 vulgati
537 5696 679 5762 libri,
713 5695 805 5750 sed
831 5705 899 5770 et
937 5695 1179 5770 plerique
1207 5710 1402 5770 omnes
1423 5738 1437 5760 ,
1483 5712 1616 5770 quos
1645 5696 1889 5750 Martiali.

303 5766 510 5835 laudat,
548 5783 678 5823 mss.
721 5767 934 5838 penitus
965 5766 1174 5837 ignorat
1212 5767 1277 5820 ad
1311 5767 1559 5838 llebraici
1602 5776 1893 5824 contextus

303 5842 465 5899 [idem
487 5836 768 5912 antiquiss.
798 5836 1076 5896 Palatinus
1101 5879 1117 5909 ,
1149 5836 1387 5913 sequiori
1419 5847 1600 5896 autem
1647 5855 1811 5898 manu
1841 5841 1896 5899 in.

1721 297 1930 364 LIBER
1963 295 2104 356 JOB.

291 462 449 512 meae,
490 442 668 500 nudus
697 449 753 496 et
793 437 813 510 [
843 435 927 490 At.
959 439 1014 489 et
1043 426 1253 500 nudus]
1283 432 1528 482 revertar
1574 420 1702 475 illuc
1729 437 1743 474 :
1770 419 1876 471 Do-
1902 413 1950 490 Α

3440 267 3580 326 1086

2121 415 2175 463 et
2203 420 2308 460 nox
2329 404 2382 460 in
2412 416 2515 472 qua
2544 397 2750 472 dictum
2785 402 2900 450 est:
2931 392 3244 462 Conceptus
3277 394 3356 442 est
3388 384 3575 440 homo.

1989 481 2118 538 Dies
2144 480 2234 536 ille
2254 469 2497 531 vertatur
2528 474 2578 527 in
2609 469 2880 533 tenebras,

2061 567 2164 608 n0n
2199 550 2436 617 requirat
2465 561 2589 617 eum
2623 542 2764 617 Deus
2787 539 3044 617 desuper,

2060 604 2120 680 et
2144 638 2248 677 non
2271 604 2507 676 illustret
2530 616 2637 687 Ml.
2674 604 2998 687 illustreturl
3023 604 3252 687 lumine.

1989 669 2423 752 oaéiziiféid'éiiiu
2447 669 2706 750 tenebras,
2740 693 2795 738 et
2815 669 3003 735 umbra
3025 676 3134 751 [AL
3166 669 3399 743 umbrat]
3427 674 3577 727 mor:

2135 765 2234 830 tis,
2554 828 2580 830 η
2782 823 2792 830 Α
2910 823 2922 830 _
3091 816 3096 818 _

2062 814 2290 907 occupet
2323 847 2446 888 ettm
2482 828 2685 907 caligo,
2710 814 3498 907 etinvolvatur'amaritudine.

1993 892 2218 967 Nocteni
2251 909 2398 961 illam
2426 892 2746 958 tenebrosus
2775 896 2934 951 turbo
2964 892 3296 967 possideat,’

2067 998 2171 1036 nun
2205 986 2552 1046 computetur
2575 975 2626 1028 in
2652 970 2844 1046 diebus
2867 965 2994 1022 anni
3013 1007 3028 1035 ,

2021 1101 2023 1104 i
2064 1068 2164 1109 nec
2193 1041 2505 1106 numeretur
2531 1045 2584 1100 in
2618 1041 2912 1098 mensibus.

1992 1123 2070 1182 Sit
2101 1141 2202 1179 nox
2229 1121 2320 1178 illa
2349 1118 2586 1176 solitaria
2643 1141 2645 1143 ι

2067 1211 2164 1251 nec
2196 1195 2353 1248 laude
2378 1193 2539 1260 digna
2573 1204 2585 1243 :

1995 1265 2384 1324 Maledicantei
2414 1252 2503 1334 qui
2537 1255 2870 1334 maledicunt
2898 1252 3035 1334 diei,

2066 1340 2156 1409 qui
2190 1336 2359 1405 parati
2386 1324 2511 1389 sunt
2537 1324 3148 1409 suscitareLeviathan.

1996 1398 2434 1468 Obienebreutur
2465 1403 2642 1460 stellae
2666 1399 2902 1470 caligine,
2922 1398 3039 1466 ejus
3072 1410 3086 1447 :

2068 1489 2347 1552 exSpectet
2373 1477 2574 1540 lucrm,
2606 1481 2661 1552 et
2689 1486 2797 1526 non
2820 1469 3038 1536 videat,

2070 1548 2373 1610 nec'ortum
2395 1548 2668 1612 surgentis
2694 1557 2905 1598 aurorae
2928 1558 2940 1594 :

2001 1601 2580 1696 odié'nb'd'c‘iiliciiigu
2602 1616 2737 1696 ostia
2764 1607 3112 1696 ventristqul
3150 1601 3387 1678 portavit
3412 1617 3522 1673 me,

2073 1714 2169 1752 nec
2201 1695 2423 1752 abstulit
2448 1693 2584 1746 mala
2618 1690 2684 1742 ab
2708 1685 2880 1741 oeulis
2915 1683 3069 1737 meis.

2001 1767 2179 1837 Quare
2211 1783 2317 1822 non
2349 1767 2402 1819 in
2427 1763 2584 1819 vulva
2613 1767 2998 1837 mortuussum
3018 1794 3032 1815 ,

2066 1820 2318 1910 egressus
2340 1853 2408 1890 ex
2436 1844 2725 1910 uteronon
2740 1827 2939 1910 _statim
2979 1820 3159 1898 perii?

1996 1901 2174 1980 Quavre
2204 1917 2464 1977 exeeptus
2487 1903 2713 1980 genilms
2737 1901 2762 1980 [Ι

2067 1997 2163 2037 cur
2191 1971 2418 2035 lactat-us
2450 1971 2707 2031 uberibus
2737 1971 2760 2026 ?

1995 2053 2149 2110 Nunc
2179 2052 2322 2107 enim
2351 2047 2627 2103 dormiens
2651 2044 2903 2108 silerem;

2065 2135 2123 2182 et
2137 2138 2334 2178 somno
2365 2135 2486 2175 meo
2519 2115 2920 2186 requiescerem
2949 2127 2962 2166 :

1995 2197 2128 2253 Cum
2159 2195 2373 2266 regibus
2402 2201 2455 2246 et
2483 2187 3001 2266 consulibus__terrm
3025 2224 3044 2252 ,

2064 2269 2154 2340 qui
2195 2257 2464 2340 aidilicant
2488 2261 2588 2340 sibi
2617 2257 2980 2340 solitudines:

1995 2327 2102 2395 Aut
2129 2355 2251 2395 cum
2277 2334 2634 2406 principibus,
2658 2332 2746 2398 qui
2781 2327 3064 2399 possident
3089 2336 3284 2379 aurum
3302 2363 3317 2389 ,

2067 2421 2120 2466 et
2153 2409 2361 2478 repleuit
2389 2406 2578 2478 dumos
2611 2415 2734 2478 suas
2779 2410 3006 2478 argento
3040 2414 3055 2454 :

1994 2461 2604 2538 Auitisticittiabortivum
2635 2461 3012 2527 absconditum
3043 2483 3152 2524 non
3191 2461 3585 2538 subsistercm‘,‘

2063 2531 2268 2616 vei-qui
2292 2531 2540 2618 conoepti
2564 2560 2668 2600 non
2695 2544 2948 2598 viderunt
2984 2543 3183 2596 lucem.
3222 2533 3330 2608 [ΑΙ.
3363 2531 3584 2602 solem].

1994 2625 2070 2680 lbi
2104 2624 2250 2695 impii
2285 2617 2640 2695 cessaverunt
2660 2631 2691 2695 a
2718 2617 2949 2695 tumultu
2973 2656 2988 2679 ,

2067 2705 2120 2750 et
2153 2686 2222 2750 ibi
2248 2690 2636 2762 requievcrunl
2671 2686 2794 2762 lessi
2829 2686 3045 2762 robore.

1994 2767 2059 2823 Et
2092 2755 2361 2836 quondam
2383 2761 2549 2817 vincti
2583 2760 2784 2828 pariter
2809 2761 2926 2812 sine
2950 2755 3194 2836 molestia
3214 2795 3229 2823 ,

2066 2829 2177 2895 non
2204 2839 2496 2892 audierunt
2525 2847 2714 2886 vocem
2746 2829 3040 2884 exactoris.

1995 2911 2200 2966 Parvus
2229 2919 2284 2965 et
2309 2919 2532 2976 magnus
2561 2902 2637 2958 ibi
2665 2909 2822 2976 sunt,

2066 2992 2119 3037 et
2144 2995 2333 3037 servus
2358 2973 2533 3034 liber°
2563 2990 2591 3028 a
2621 2973 2838 3028 doniino
2860 2986 2978 3026 suo.

1996 3054 2179 3122 Quare
2207 3053 2333 3106 data
2364 3059 2443 3103 est
2477 3048 2677 3122 misero
2707 3045 2830 3122 lus,

2065 3136 2119 3179 et
2145 3128 2252 3179 vita
2288 3123 2394 3188 his,
2419 3120 2512 3190 qui
2546 3119 2598 3173 in
2623 3115 2994 3190 amaritudine
3018 3113 3219 3190 anima:
3249 3110 3410 3190 sunt't

1917 3208 1964 3274 α
1994 3178 2450 3274 ρυὶφςερεριιίιεί
2473 3198 2724 3252 mortem,
2750 3199 2805 3244 et
2844 3202 2946 3242 nou
2974 3183 2994 3224 ί
3046 3185 3233 3255 venit,
3266 3183 3420 3256 quasi
3463 3178 3596 3238 effo-

2137 3263 2348 3322 dientes
2391 3263 2702 3318 thesaurum
2733 3276 2746 3313 :

1995 3339 2352 3408 Gandentque
2374 3337 2732 3408 vehementer

2070 3427 2190 3464 cum
2218 3401 2525 3464 invenerint
2547 3401 2879 3472 sepulcrum.

1999 3482 2133 3540 Viro
2162 3482 2318 3549 Cujus
2347 3476 2773 3549 alisronditacst
2801 3475 2883 3526 via
2909 3517 2922 3539 ,

2071 3564 2124 3609 et
2149 3541 2509 3607 circumdedit
2536 3545 2826 3602 eumne-us
2855 3541 3134 3599 tenebris?

2001 3627 2307 3692 Antequam
2337 3620 2638 3683 comedam,
2667 3618 2885 3687 su-piro
2917 3632 2930 3670 :

2072 3709 2125 3751 et
2149 3683 2401 3767 tanquam
2427 3692 2751 3767 inundantes
2765 3683 2950 3758 aquae,
2973 3686 3049 3767 sic
3072 3683 3282 3767 rugitus
3311 3695 3504 3738 meus:

2000 3769 2132 3838 inia
2168 3754 2351 3830 tim'nr,
2383 3779 2544 3838 quem
2579 3754 2860 3838 timebam,
2889 3761 3076 3814 evenit
3107 3754 3239 3812 nubi
3275 3771 3286 3809 :

2071 3850 2127 3895 et
2151 3837 2292 3909 quod
2327 3832 2832 3909 verelntr_,_accidil.

1998 3906 2191 3968 Nonne
2213 3906 2602 3963 dissimulavi?

2146 3997 2326 4037 nonne
2353 3977 2513 4032 silui?

2144 4068 2324 4108 nonne
2351 4049 2571 4120 quievi?

2143 4136 2196 4180 et
2217 4115 2551 4186 venitsuper
2585 4132 2672 4173 me
2697 4115 3020 4186 indignatio.

2071 4211 2404 4254 RESPONDEﬂi
2446 4205 2623 4246 AUTEI
2664 4204 2888 4245 ELIPHAZ
2929 4200 3292 4248 THEHANITES,
3323 4197 3508 4254 DIX_IT_'.

1998 4251 2159 4344 [capi
2186 4267 2298 4339 Ν]
2337 4266 2392 4322 Si
2425 4263 2755 4334 coeperimus
2780 4262 2926 4329 loqui
2963 4262 3054 4313 tibi
3079 4259 3188 4330 [AL
3220 4252 3444 4324 tecum],
3481 4251 3591 4306 lor-

1993 4410 2164 4465 altero
2201 4406 2400 4476 regina:
2422 4401 2720 4476 Suecorum
2743 4398 3064 4476 ascribitur.

2068 4481 2094 4520 ι’
2131 4480 2226 4534 llic
2255 4465 2361 4548 quo
2387 4492 2473 4541 ;ue
2504 4473 2712 4548 addunt
2743 4471 2954 4548 \_lul_g_ati
2991 4467 3143 4548 labiis
3173 4465 3279 4548 suis
3302 4511 3315 4534 ,
3347 4478 3484 4548 quas
3511 4478 3608 4546 vo:

1993 4568 2086 4609 ces
2113 4568 2176 4605 ex
2218 4535 2608 4614 subsequentis
2657 4535 2876 4609 capituli
2923 4554 3078 4614 versu
3110 4535 3604 4614 decurione-rivum

1989 4606 2338 4693 perspicuum
2373 4606 2494 4693 est,
2527 4630 2648 4693 cum
2683 4606 2883 4693 nc_i_psi
2918 4610 3134 4692 quidem
3173 4608 3316 4664 LXX
3343 4606 3602 4663 habeant.

1989 4683 2137 4752 Sunt.
2162 4690 2516 4746 nihilominus
2547 4687 2600 4739 in
2633 4699 2740 4739 uno
2766 4683 3010 4739 Palatino
3039 4696 3141 4735 tus.

1989 4749 2269 4892 ίἐξιξιιίιεειιι
2298 4760 2468 4816 Palat.
2501 4771 2604 4812 ms.
2629 4770 2752 4811 cum
2791 4755 2945 4824 Vulg.
2976 4753 3130 4808 libris
3157 4754 3212 4808 in
3250 4752 3438 4824 faciem
3459 4749 3610 4804 benc-

2028 4855 2094 4892 τοι
2127 4877 2139 4889 ο

2028 4837 2139 4892 icit.

2065 4907 2092 4946 ἀ
2127 4902 2480 4962 Euucleatius
2509 4914 2632 4956 cum
2671 4897 2916 4968 Vulgatis
2949 4896 3114 4950 habet
3158 4893 3383 4968 Reginae
3410 4909 3513 4948 ms.
3546 4893 3610 4946 de

1990 4979 2170 5036 stultis
2202 4975 2504 5030 mulieribus
2527 4987 2546 5026 :
2576 4970 2629 5027 in
2665 4965 2894 5026 Hebraeo
2927 4977 3108 5024 tamen
3153 4965 3456 5021 mulieribus
3485 4981 3611 5034 pro-

1993 5054 2251 5126 prie‘non
2285 5045 2662 5126 e_st_additum.

2068 5105 2105 5161 ε’
2128 5122 2254 5177 Mss.
2301 5115 2652 5173 Colbertinus
2698 5111 2868 5168 codex
2919 5109 3233 5166 Aniciensis
3269 5118 3481 5164 sextam
3523 5105 3611 5161 hic

1994 5195 2099 5250 loci
2130 5192 2355 5248 adhibet
2396 5187 2748 5247 divisionem,
2789 5198 2955 5256 quam
3005 5181 3254 5256 inscribit
3299 5180 3455 5256 titulo
3487 5178 3608 5232 libri

1995 5267 2127 5322 sexti
2160 5281 2177 5319 :
2205 5261 2357 5334 quasi
2381 5261 2436 5316 in
2465 5259 2653 5330 plures
2682 5252 2854 5312 libros
2882 5254 3144 5326 partitum
3183 5262 3329 5308 esset
3352 5252 3612 5307 volumen

1996 5338 2142 5394 Julii.
2177 5335 2357 5391 MART.

2075 5406 2280 5463 tllaud
2340 5405 2478 5458 bene
2528 5400 2726 5470 Regia.
2787 5413 2890 5454 ms.
2954 5413 3055 5451 non
3119 5393 3410 5450 inveniunt.
3466 5392 3616 5470 _S_atis

1996 5489 2177 5536 autem
2210 5478 2426 5532 curiose
2459 5463 2856 5539 subsuuiuentes
2889 5471 3023 5524 duos
3051 5483 3239 5539 versus
3267 5509 3280 5533 ,
3311 5483 3449 5539 voce
3474 5463 3613 5539 Tlte-

1999 5535 2212 5607 saurum
2242 5548 2464 5604 exclusa
2485 5591 2498 5614 ,
2533 5549 2606 5598 ita
2629 5535 2786 5598 effort
2819 5542 3096 5614 Palatinus
3122 5556 3136 5594 :
3170 5538 3333 5602 Quasi
3363 5537 3450 5609 qui
3482 5535 3611 5614 effo-

1999 5623 2200 5678 dientes
2222 5619 2449 5693 gaudent
2477 5608 2820 5693 uehementer,
2864 5624 2969 5668 etc.
3006 5611 3071 5693 Et
3097 5619 3182 5666 est
3203 5608 3401 5693 tamen
3419 5612 3468 5661 in
3505 5608 3612 5661 He-

2002 5695 2151 5748 breo
2180 5680 2506 5752 ω’ίιπῃῃτπ
2547 5686 2688 5760 quod
2741 5680 2939 5760 nomen
2969 5729 2983 5750 ,
3013 5682 3325 5760 ‘sinminus
3370 5680 3613 5760 _l'orlasse

2003 5751 2310 5821 thesaurum
2341 5807 2356 5833 ,
2388 5769 2540 5818 certe
2567 5751 2926 5816 reconditum
2977 5753 3184 5828 aliquid
3229 5751 3614 5822 occultumque

2005 5845 2188 5912 sonat.
2223 5897 2232 5908 λ
2307 5877 2350 5908 εἰ
