  <div class='ocr_page' id='page_1' title='image "/cluster/home/n/w/nwhite01/storage/ocr_20150623/28/hvd.32044015471410/549.png"; bbox 0 0 4108 6360; ppageno 0'>
   <div class='ocr_carea' id='block_1_1' title="bbox 480 255 621 320">
    <p class='ocr_par' dir='ltr' id='par_1_1' title="bbox 480 255 621 320">
     <span class='ocr_line' id='line_1_1' title="bbox 480 255 621 320; baseline 0 -3"><span class='ocrx_word' id='word_1_1' title='bbox 480 255 621 320; x_wconf 77' lang='grc' dir='ltr'><strong>108Ὶ</strong></span> 
     </span>
    </p>
   </div>
   <div class='ocr_carea' id='block_1_2' title="bbox 628 335 1311 444">
    <p class='ocr_par' dir='ltr' id='par_1_2' title="bbox 628 342 1311 444">
     <span class='ocr_line' id='line_1_2' title="bbox 628 342 1311 444; baseline -0.013 -8"><span class='ocrx_word' id='word_1_2' title='bbox 628 379 771 436; x_wconf 98' lang='lat' dir='ltr'><strong>sitan</strong></span> <span class='ocrx_word' id='word_1_3' title='bbox 792 373 1024 432; x_wconf 92' lang='lat' dir='ltr'><strong>moleste</strong></span> <span class='ocrx_word' id='word_1_4' title='bbox 1050 342 1311 444; x_wconf 87' lang='lat' dir='ltr'><strong>accipies,</strong></span> 
     </span>
    </p>
   </div>
   <div class='ocr_carea' id='block_1_3' title="bbox 630 443 2080 519">
    <p class='ocr_par' dir='ltr' id='par_1_3' title="bbox 630 443 2080 519">
     <span class='ocr_line' id='line_1_3' title="bbox 630 443 2080 519; baseline -0.005 -10"><span class='ocrx_word' id='word_1_5' title='bbox 630 449 730 509; x_wconf 81' lang='lat' dir='ltr'><strong>sed</strong></span> <span class='ocrx_word' id='word_1_6' title='bbox 769 456 1090 519; x_wconf 81' lang='lat' dir='ltr'><strong>conceptum</strong></span> <span class='ocrx_word' id='word_1_7' title='bbox 1131 443 1444 504; x_wconf 85' lang='lat' dir='ltr'><strong>sermonem</strong></span> <span class='ocrx_word' id='word_1_8' title='bbox 1496 451 1682 502; x_wconf 87' lang='lat' dir='ltr'><strong>tenere</strong></span> <span class='ocrx_word' id='word_1_9' title='bbox 1733 443 1858 515; x_wconf 84' lang='lat' dir='ltr'><strong>quis</strong></span> <span class='ocrx_word' id='word_1_10' title='bbox 1909 443 2080 517; x_wconf 80' lang='lat' dir='ltr'><strong>possit</strong></span> 
     </span>
    </p>
   </div>
   <div class='ocr_carea' id='block_1_4' title="bbox 708 517 1117 593">
    <p class='ocr_par' dir='ltr' id='par_1_4' title="bbox 708 517 1117 593">
     <span class='ocr_line' id='line_1_4' title="bbox 708 517 1117 593; baseline -0.002 -18"><span class='ocrx_word' id='word_1_11' title='bbox 708 520 816 593; x_wconf 63' lang='lat' dir='ltr'><strong>[Ah</strong></span> <span class='ocrx_word' id='word_1_12' title='bbox 851 517 1072 593; x_wconf 80' lang='lat' dir='ltr'><strong>poterit]</strong></span> <span class='ocrx_word' id='word_1_13' title='bbox 1093 519 1117 574; x_wconf 88' lang='lat'><strong>?</strong></span> 
     </span>
    </p>
   </div>
   <div class='ocr_carea' id='block_1_5' title="bbox 488 590 1155 658">
    <p class='ocr_par' dir='ltr' id='par_1_5' title="bbox 488 590 1155 658">
     <span class='ocr_line' id='line_1_5' title="bbox 488 590 1155 658; baseline -0.012 -5"><span class='ocrx_word' id='word_1_14' title='bbox 488 594 637 653; x_wconf 87' lang='lat' dir='ltr'><strong>Ecce</strong></span> <span class='ocrx_word' id='word_1_15' title='bbox 657 590 894 650; x_wconf 82' lang='lat' dir='ltr'><strong>docuisti</strong></span> <span class='ocrx_word' id='word_1_16' title='bbox 925 590 1123 646; x_wconf 89' lang='lat' dir='ltr'><strong>multos</strong></span> <span class='ocrx_word' id='word_1_17' title='bbox 1139 633 1155 658; x_wconf 92' lang='lat'><strong>,</strong></span> 
     </span>
    </p>
   </div>
   <div class='ocr_carea' id='block_1_6' title="bbox 630 661 1460 722">
    <p class='ocr_par' dir='ltr' id='par_1_6' title="bbox 630 661 1460 722">
     <span class='ocr_line' id='line_1_6' title="bbox 630 661 1460 722; baseline -0.007 0"><span class='ocrx_word' id='word_1_18' title='bbox 630 674 691 722; x_wconf 88' lang='lat' dir='ltr'><strong>et</strong></span> <span class='ocrx_word' id='word_1_19' title='bbox 717 677 910 720; x_wconf 88' lang='lat' dir='ltr'><strong>manus</strong></span> <span class='ocrx_word' id='word_1_20' title='bbox 940 663 1113 717; x_wconf 86' lang='lat' dir='ltr'><strong>lassas</strong></span> <span class='ocrx_word' id='word_1_21' title='bbox 1141 661 1413 720; x_wconf 90' lang='lat' dir='ltr'><strong>roborasti</strong></span> <span class='ocrx_word' id='word_1_22' title='bbox 1446 678 1460 716; x_wconf 88' lang='lat'><strong>:</strong></span> 
     </span>
    </p>
   </div>
   <div class='ocr_carea' id='block_1_7' title="bbox 489 732 2084 806">
    <p class='ocr_par' dir='ltr' id='par_1_7' title="bbox 489 732 2084 806">
     <span class='ocr_line' id='line_1_7' title="bbox 489 732 2084 806; baseline -0.001 -10"><span class='ocrx_word' id='word_1_23' title='bbox 489 737 824 796; x_wconf 81' lang='lat' dir='ltr'><strong>Vacillantes</strong></span> <span class='ocrx_word' id='word_1_24' title='bbox 862 732 1322 806; x_wconf 81' lang='lat' dir='ltr'><strong>conﬁrmaverunt</strong></span> <span class='ocrx_word' id='word_1_25' title='bbox 1361 747 1640 806; x_wconf 74' lang='lat' dir='ltr'><strong>sermones</strong></span> <span class='ocrx_word' id='word_1_26' title='bbox 1674 733 1788 806; x_wconf 89' lang='lat' dir='ltr'><strong>tui,</strong></span> <span class='ocrx_word' id='word_1_27' title='bbox 1811 741 1866 791; x_wconf 92' lang='lat' dir='ltr'><strong>et</strong></span> <span class='ocrx_word' id='word_1_28' title='bbox 1904 747 2084 806; x_wconf 86' lang='lat' dir='ltr'><strong>genua</strong></span> 
     </span>
    </p>
   </div>
   <div class='ocr_carea' id='block_1_8' title="bbox 565 803 1771 879">
    <p class='ocr_par' dir='ltr' id='par_1_8' title="bbox 565 803 1771 879">
     <span class='ocr_line' id='line_1_8' title="bbox 565 803 1771 879; baseline -0.003 -14"><span class='ocrx_word' id='word_1_29' title='bbox 565 807 854 865; x_wconf 88' lang='lat' dir='ltr'><strong>trementia</strong></span> <span class='ocrx_word' id='word_1_30' title='bbox 877 804 1202 879; x_wconf 81' lang='lat' dir='ltr'><strong>confortasti</strong></span> <span class='ocrx_word' id='word_1_31' title='bbox 1233 807 1342 879; x_wconf 78' lang='grc' dir='ltr'><strong>[ΑΙ.</strong></span> <span class='ocrx_word' id='word_1_32' title='bbox 1366 803 1728 879; x_wconf 83' lang='lat' dir='ltr'><strong>conﬁrmasti]</strong></span> <span class='ocrx_word' id='word_1_33' title='bbox 1758 825 1771 861; x_wconf 84' lang='lat'><strong>:</strong></span> 
     </span>
    </p>
   </div>
   <div class='ocr_carea' id='block_1_9' title="bbox 489 876 1921 949">
    <p class='ocr_par' dir='ltr' id='par_1_9' title="bbox 489 876 1921 949">
     <span class='ocr_line' id='line_1_9' title="bbox 489 876 1921 949; baseline -0.005 -9"><span class='ocrx_word' id='word_1_34' title='bbox 489 879 646 940; x_wconf 79' lang='lat' dir='ltr'><strong>Nunc</strong></span> <span class='ocrx_word' id='word_1_35' title='bbox 671 887 853 936; x_wconf 90' lang='lat' dir='ltr'><strong>autem</strong></span> <span class='ocrx_word' id='word_1_36' title='bbox 879 876 1027 932; x_wconf 94' lang='lat' dir='ltr'><strong>venit</strong></span> <span class='ocrx_word' id='word_1_37' title='bbox 1051 891 1215 947; x_wconf 87' lang='lat' dir='ltr'><strong>super</strong></span> <span class='ocrx_word' id='word_1_38' title='bbox 1235 876 1291 934; x_wconf 79' lang='lat' dir='ltr'><strong>te</strong></span> <span class='ocrx_word' id='word_1_39' title='bbox 1322 879 1500 949; x_wconf 88' lang='lat' dir='ltr'><strong>plaga,</strong></span> <span class='ocrx_word' id='word_1_40' title='bbox 1533 885 1589 934; x_wconf 93' lang='lat' dir='ltr'><strong>et</strong></span> <span class='ocrx_word' id='word_1_41' title='bbox 1626 876 1878 936; x_wconf 73' lang='lat' dir='ltr'><strong>del‘ecisti</strong></span> <span class='ocrx_word' id='word_1_42' title='bbox 1907 895 1921 933; x_wconf 88' lang='lat'><strong>:</strong></span> 
     </span>
    </p>
   </div>
   <div class='ocr_carea' id='block_1_10' title="bbox 566 949 1416 1024">
    <p class='ocr_par' dir='ltr' id='par_1_10' title="bbox 566 949 1416 1024">
     <span class='ocr_line' id='line_1_10' title="bbox 566 949 1416 1024; baseline -0.004 -16"><span class='ocrx_word' id='word_1_43' title='bbox 566 953 742 1024; x_wconf 76' lang='lat' dir='ltr'><strong>tetigit</strong></span> <span class='ocrx_word' id='word_1_44' title='bbox 762 961 846 1024; x_wconf 82' lang='lat' dir='ltr'><strong>te,</strong></span> <span class='ocrx_word' id='word_1_45' title='bbox 874 957 933 1006; x_wconf 90' lang='lat' dir='ltr'><strong>et</strong></span> <span class='ocrx_word' id='word_1_46' title='bbox 956 949 1315 1024; x_wconf 76' lang='lat' dir='ltr'><strong>conturbatus</strong></span> <span class='ocrx_word' id='word_1_47' title='bbox 1335 964 1416 1024; x_wconf 80' lang='lat' dir='ltr'><strong>es.</strong></span> 
     </span>
    </p>
   </div>
   <div class='ocr_carea' id='block_1_11' title="bbox 492 1018 2085 1098">
    <p class='ocr_par' dir='ltr' id='par_1_11' title="bbox 492 1018 2085 1098">
     <span class='ocr_line' id='line_1_11' title="bbox 492 1018 2085 1098; baseline -0.002 -15"><span class='ocrx_word' id='word_1_48' title='bbox 492 1023 595 1083; x_wconf 84' lang='lat' dir='ltr'><strong>Ubi</strong></span> <span class='ocrx_word' id='word_1_49' title='bbox 625 1018 711 1080; x_wconf 74' lang='lat' dir='ltr'><strong>est</strong></span> <span class='ocrx_word' id='word_1_50' title='bbox 734 1023 900 1098; x_wconf 79' lang='lat' dir='ltr'><strong>timor</strong></span> <span class='ocrx_word' id='word_1_51' title='bbox 932 1031 1090 1098; x_wconf 58' lang='lat' dir='ltr'><strong>tuus,</strong></span> <span class='ocrx_word' id='word_1_52' title='bbox 1123 1018 1387 1098; x_wconf 77' lang='lat' dir='ltr'><strong>fortitudo</strong></span> <span class='ocrx_word' id='word_1_53' title='bbox 1427 1030 1541 1098; x_wconf 86' lang='lat' dir='ltr'><strong>tua,</strong></span> <span class='ocrx_word' id='word_1_54' title='bbox 1571 1019 1829 1092; x_wconf 90' lang='lat' dir='ltr'><strong>patientia</strong></span> <span class='ocrx_word' id='word_1_55' title='bbox 1857 1029 1946 1079; x_wconf 89' lang='lat' dir='ltr'><strong>tua</strong></span> <span class='ocrx_word' id='word_1_56' title='bbox 1976 1023 2085 1098; x_wconf 80' lang='grc' dir='ltr'><strong>[ΑΙ.</strong></span> 
     </span>
    </p>
   </div>
   <div class='ocr_carea' id='block_1_12' title="bbox 638 1091 1502 1166">
    <p class='ocr_par' dir='ltr' id='par_1_12' title="bbox 638 1091 1502 1166">
     <span class='ocr_line' id='line_1_12' title="bbox 638 1091 1502 1166; baseline -0.007 -15"><span class='ocrx_word' id='word_1_57' title='bbox 638 1092 900 1166; x_wconf 82' lang='lat' dir='ltr'><strong>patientia</strong></span> <span class='ocrx_word' id='word_1_58' title='bbox 919 1101 1032 1166; x_wconf 82' lang='lat' dir='ltr'><strong>tua,</strong></span> <span class='ocrx_word' id='word_1_59' title='bbox 1066 1091 1327 1149; x_wconf 82' lang='lat' dir='ltr'><strong>fortitudo</strong></span> <span class='ocrx_word' id='word_1_60' title='bbox 1370 1092 1502 1164; x_wconf 92' lang='lat' dir='ltr'><strong>tua],</strong></span> 
     </span>
    </p>
   </div>
   <div class='ocr_carea' id='block_1_13' title="bbox 567 1165 1442 1237">
    <p class='ocr_par' dir='ltr' id='par_1_13' title="bbox 567 1165 1442 1237">
     <span class='ocr_line' id='line_1_13' title="bbox 567 1165 1442 1237; baseline -0.002 -14"><span class='ocrx_word' id='word_1_61' title='bbox 567 1174 623 1223; x_wconf 89' lang='lat' dir='ltr'><strong>et</strong></span> <span class='ocrx_word' id='word_1_62' title='bbox 643 1165 906 1237; x_wconf 82' lang='lat' dir='ltr'><strong>perfectio</strong></span> <span class='ocrx_word' id='word_1_63' title='bbox 943 1165 1150 1219; x_wconf 85' lang='lat' dir='ltr'><strong>viarum</strong></span> <span class='ocrx_word' id='word_1_64' title='bbox 1185 1166 1442 1222; x_wconf 78' lang='lat' dir='ltr'><strong>tuarum?</strong></span> 
     </span>
    </p>
   </div>
   <div class='ocr_carea' id='block_1_14' title="bbox 457 1237 2088 1312">
    <p class='ocr_par' dir='ltr' id='par_1_14' title="bbox 457 1237 2088 1312">
     <span class='ocr_line' id='line_1_14' title="bbox 457 1237 2088 1312; baseline -0.001 -14"><span class='ocrx_word' id='word_1_65' title='bbox 457 1237 830 1312; x_wconf 78' lang='lat' dir='ltr'><strong>-Recordare,</strong></span> <span class='ocrx_word' id='word_1_66' title='bbox 861 1237 1092 1294; x_wconf 88' lang='lat' dir='ltr'><strong>obsecro</strong></span> <span class='ocrx_word' id='word_1_67' title='bbox 1122 1245 1204 1306; x_wconf 91' lang='lat' dir='ltr'><strong>te,</strong></span> <span class='ocrx_word' id='word_1_68' title='bbox 1237 1239 1360 1310; x_wconf 89' lang='lat' dir='ltr'><strong>quis</strong></span> <span class='ocrx_word' id='word_1_69' title='bbox 1389 1252 1642 1309; x_wconf 83' lang='lat' dir='ltr'><strong>umquam</strong></span> <span class='ocrx_word' id='word_1_70' title='bbox 1672 1238 1939 1297; x_wconf 89' lang='lat' dir='ltr'><strong>innocens</strong></span> <span class='ocrx_word' id='word_1_71' title='bbox 1967 1253 2088 1312; x_wconf 87' lang='lat' dir='ltr'><strong>per-</strong></span> 
     </span>
    </p>
   </div>
   <div class='ocr_carea' id='block_1_15' title="bbox 644 1308 810 1366">
    <p class='ocr_par' dir='ltr' id='par_1_15' title="bbox 644 1308 810 1366">
     <span class='ocr_line' id='line_1_15' title="bbox 644 1308 810 1366; baseline -0.018 0"><span class='ocrx_word' id='word_1_72' title='bbox 644 1309 770 1366; x_wconf 82' lang='lat' dir='ltr'><strong>ierit</strong></span> <span class='ocrx_word' id='word_1_73' title='bbox 786 1308 810 1363; x_wconf 71' lang='grc' dir='ltr'><em>ἲ</em></span> 
     </span>
    </p>
   </div>
   <div class='ocr_carea' id='block_1_16' title="bbox 572 1378 1756 1457">
    <p class='ocr_par' dir='ltr' id='par_1_16' title="bbox 572 1378 1756 1457">
     <span class='ocr_line' id='line_1_16' title="bbox 572 1378 1756 1457; baseline 0.002 -21"><span class='ocrx_word' id='word_1_74' title='bbox 572 1391 664 1457; x_wconf 83' lang='lat' dir='ltr'><strong>aut</strong></span> <span class='ocrx_word' id='word_1_75' title='bbox 684 1378 1066 1457; x_wconf 65' lang='lat' dir='ltr'><strong>quandorecti</strong></span> <span class='ocrx_word' id='word_1_76' title='bbox 1091 1380 1253 1457; x_wconf 85' lang='lat' dir='ltr'><strong>deleti</strong></span> <span class='ocrx_word' id='word_1_77' title='bbox 1286 1390 1414 1439; x_wconf 91' lang='lat' dir='ltr'><strong>sunt</strong></span> <span class='ocrx_word' id='word_1_78' title='bbox 1441 1381 1547 1455; x_wconf 79' lang='lat' dir='ltr'><strong>[AL</strong></span> <span class='ocrx_word' id='word_1_79' title='bbox 1579 1381 1756 1457; x_wconf 80' lang='lat' dir='ltr'><strong>sint]?</strong></span> 
     </span>
    </p>
   </div>
   <div class='ocr_carea' id='block_1_17' title="bbox 497 1451 1983 1527">
    <p class='ocr_par' dir='ltr' id='par_1_17' title="bbox 497 1451 1983 1527">
     <span class='ocr_line' id='line_1_17' title="bbox 497 1451 1983 1527; baseline 0.002 -18"><span class='ocrx_word' id='word_1_80' title='bbox 497 1453 640 1523; x_wconf 91' lang='lat' dir='ltr'><strong>Quin</strong></span> <span class='ocrx_word' id='word_1_81' title='bbox 669 1451 851 1527; x_wconf 78' lang='lat' dir='ltr'><strong>potius</strong></span> <span class='ocrx_word' id='word_1_82' title='bbox 876 1451 984 1527; x_wconf 82' lang='lat' dir='ltr'><strong>vidi</strong></span> <span class='ocrx_word' id='word_1_83' title='bbox 1016 1466 1133 1527; x_wconf 83' lang='lat' dir='ltr'><strong>eos,</strong></span> <span class='ocrx_word' id='word_1_84' title='bbox 1164 1454 1256 1524; x_wconf 86' lang='lat' dir='ltr'><strong>qui</strong></span> <span class='ocrx_word' id='word_1_85' title='bbox 1287 1451 1583 1525; x_wconf 74' lang='lat' dir='ltr'><strong>operantur</strong></span> <span class='ocrx_word' id='word_1_86' title='bbox 1610 1451 1946 1527; x_wconf 75' lang='lat' dir='ltr'><strong>iniquitatem</strong></span> <span class='ocrx_word' id='word_1_87' title='bbox 1966 1493 1983 1526; x_wconf 87' lang='lat'><strong>,</strong></span> 
     </span>
    </p>
   </div>
   <div class='ocr_carea' id='block_1_18' title="bbox 571 1522 1659 1594">
    <p class='ocr_par' dir='ltr' id='par_1_18' title="bbox 571 1522 1659 1594">
     <span class='ocr_line' id='line_1_18' title="bbox 571 1522 1659 1594; baseline -0.001 -13"><span class='ocrx_word' id='word_1_88' title='bbox 571 1536 624 1581; x_wconf 88' lang='lat' dir='ltr'><strong>et</strong></span> <span class='ocrx_word' id='word_1_89' title='bbox 653 1522 926 1581; x_wconf 41' lang='lat' dir='ltr'><strong>s’eminant</strong></span> <span class='ocrx_word' id='word_1_90' title='bbox 953 1522 1196 1594; x_wconf 69' lang='lat' dir='ltr'><strong>dolores,</strong></span> <span class='ocrx_word' id='word_1_91' title='bbox 1216 1534 1271 1582; x_wconf 94' lang='lat' dir='ltr'><strong>et</strong></span> <span class='ocrx_word' id='word_1_92' title='bbox 1301 1522 1513 1582; x_wconf 82' lang='lat' dir='ltr'><strong>metunt</strong></span> <span class='ocrx_word' id='word_1_93' title='bbox 1542 1541 1659 1594; x_wconf 92' lang='lat' dir='ltr'><strong>eos,</strong></span> 
     </span>
    </p>
   </div>
   <div class='ocr_carea' id='block_1_19' title="bbox 502 1595 1122 1667">
    <p class='ocr_par' dir='ltr' id='par_1_19' title="bbox 502 1595 1122 1667">
     <span class='ocr_line' id='line_1_19' title="bbox 502 1595 1122 1667; baseline -0.005 -12"><span class='ocrx_word' id='word_1_94' title='bbox 502 1597 695 1655; x_wconf 86' lang='lat' dir='ltr'><strong>Flante</strong></span> <span class='ocrx_word' id='word_1_95' title='bbox 721 1597 858 1661; x_wconf 91' lang='lat' dir='ltr'><strong>Deo,</strong></span> <span class='ocrx_word' id='word_1_96' title='bbox 882 1595 1091 1667; x_wconf 91' lang='lat' dir='ltr'><strong>perisse</strong></span> <span class='ocrx_word' id='word_1_97' title='bbox 1108 1639 1122 1662; x_wconf 95' lang='lat'><strong>,</strong></span> 
     </span>
    </p>
   </div>
   <div class='ocr_carea' id='block_1_20' title="bbox 571 1668 1729 1741">
    <p class='ocr_par' dir='ltr' id='par_1_20' title="bbox 571 1668 1729 1741">
     <span class='ocr_line' id='line_1_20' title="bbox 571 1668 1729 1741; baseline 0.002 -17"><span class='ocrx_word' id='word_1_98' title='bbox 571 1679 629 1741; x_wconf 88' lang='lat' dir='ltr'><strong>et</strong></span> <span class='ocrx_word' id='word_1_99' title='bbox 656 1668 850 1741; x_wconf 82' lang='lat' dir='ltr'><strong>spiritu</strong></span> <span class='ocrx_word' id='word_1_100' title='bbox 881 1669 975 1741; x_wconf 77' lang='lat' dir='ltr'><strong>ira:</strong></span> <span class='ocrx_word' id='word_1_101' title='bbox 996 1676 1023 1705; x_wconf 80' lang='grc' dir='ltr'><strong>ει</strong></span> <span class='ocrx_word' id='word_1_102' title='bbox 1051 1669 1170 1737; x_wconf 81' lang='lat' dir='ltr'><strong>ejus</strong></span> <span class='ocrx_word' id='word_1_103' title='bbox 1199 1683 1320 1726; x_wconf 89' lang='lat' dir='ltr'><strong>esse</strong></span> <span class='ocrx_word' id='word_1_104' title='bbox 1344 1677 1729 1741; x_wconf 88' lang='lat' dir='ltr'><strong>consumptos:</strong></span> 
     </span>
    </p>
   </div>
   <div class='ocr_carea' id='block_1_21' title="bbox 498 1739 1420 1811">
    <p class='ocr_par' dir='ltr' id='par_1_21' title="bbox 498 1739 1420 1811">
     <span class='ocr_line' id='line_1_21' title="bbox 498 1739 1420 1811; baseline 0 -14"><span class='ocrx_word' id='word_1_105' title='bbox 498 1739 726 1811; x_wconf 79' lang='lat' dir='ltr'><strong>Rugitus</strong></span> <span class='ocrx_word' id='word_1_106' title='bbox 757 1739 929 1794; x_wconf 88' lang='lat' dir='ltr'><strong>leonis</strong></span> <span class='ocrx_word' id='word_1_107' title='bbox 949 1777 965 1804; x_wconf 93' lang='lat'><strong>,</strong></span> <span class='ocrx_word' id='word_1_108' title='bbox 993 1749 1048 1795; x_wconf 90' lang='lat' dir='ltr'><strong>et</strong></span> <span class='ocrx_word' id='word_1_109' title='bbox 1073 1756 1176 1796; x_wconf 82' lang='lat' dir='ltr'><strong>vox</strong></span> <span class='ocrx_word' id='word_1_110' title='bbox 1213 1743 1420 1808; x_wconf 80' lang='lat' dir='ltr'><strong>leaenae,</strong></span> 
     </span>
    </p>
   </div>
   <div class='ocr_carea' id='block_1_22' title="bbox 571 1812 1840 1870">
    <p class='ocr_par' dir='ltr' id='par_1_22' title="bbox 571 1812 1840 1870">
     <span class='ocr_line' id='line_1_22' title="bbox 571 1812 1840 1870; baseline 0.002 -2"><span class='ocrx_word' id='word_1_111' title='bbox 571 1819 629 1868; x_wconf 92' lang='lat' dir='ltr'><strong>et</strong></span> <span class='ocrx_word' id='word_1_112' title='bbox 647 1812 838 1870; x_wconf 90' lang='lat' dir='ltr'><strong>dentes</strong></span> <span class='ocrx_word' id='word_1_113' title='bbox 867 1812 1170 1867; x_wconf 82' lang='lat' dir='ltr'><strong>catulorum</strong></span> <span class='ocrx_word' id='word_1_114' title='bbox 1201 1812 1416 1868; x_wconf 84' lang='lat' dir='ltr'><strong>leonum</strong></span> <span class='ocrx_word' id='word_1_115' title='bbox 1446 1812 1667 1870; x_wconf 88' lang='lat' dir='ltr'><strong>contriti</strong></span> <span class='ocrx_word' id='word_1_116' title='bbox 1695 1822 1840 1870; x_wconf 90' lang='lat' dir='ltr'><strong>sunt.</strong></span> 
     </span>
    </p>
   </div>
   <div class='ocr_carea' id='block_1_23' title="bbox 500 1881 1846 1956">
    <p class='ocr_par' dir='ltr' id='par_1_23' title="bbox 500 1881 1846 1956">
     <span class='ocr_line' id='line_1_23' title="bbox 500 1881 1846 1956; baseline 0.001 -16"><span class='ocrx_word' id='word_1_117' title='bbox 500 1882 681 1954; x_wconf 87' lang='lat' dir='ltr'><strong>Tigris</strong></span> <span class='ocrx_word' id='word_1_118' title='bbox 711 1881 892 1956; x_wconf 85' lang='lat' dir='ltr'><strong>periit,</strong></span> <span class='ocrx_word' id='word_1_119' title='bbox 925 1894 991 1936; x_wconf 91' lang='lat' dir='ltr'><strong>eo</strong></span> <span class='ocrx_word' id='word_1_120' title='bbox 1017 1883 1296 1956; x_wconf 81' lang='lat' dir='ltr'><strong>quodnon</strong></span> <span class='ocrx_word' id='word_1_121' title='bbox 1329 1885 1554 1942; x_wconf 90' lang='lat' dir='ltr'><strong>haberet</strong></span> <span class='ocrx_word' id='word_1_122' title='bbox 1587 1887 1846 1956; x_wconf 84' lang='lat' dir='ltr'><strong>praedam,</strong></span> 
     </span>
    </p>
   </div>
   <div class='ocr_carea' id='block_1_24' title="bbox 574 1954 1475 2024">
    <p class='ocr_par' dir='ltr' id='par_1_24' title="bbox 574 1954 1475 2024">
     <span class='ocr_line' id='line_1_24' title="bbox 574 1954 1475 2024; baseline 0 -13"><span class='ocrx_word' id='word_1_123' title='bbox 574 1966 630 2011; x_wconf 89' lang='lat' dir='ltr'><strong>et</strong></span> <span class='ocrx_word' id='word_1_124' title='bbox 657 1954 824 2015; x_wconf 79' lang='lat' dir='ltr'><strong>catuli</strong></span> <span class='ocrx_word' id='word_1_125' title='bbox 855 1955 1028 2024; x_wconf 78' lang='lat' dir='ltr'><strong>leonis</strong></span> <span class='ocrx_word' id='word_1_126' title='bbox 1051 1955 1298 2024; x_wconf 84' lang='lat' dir='ltr'><strong>dissipati</strong></span> <span class='ocrx_word' id='word_1_127' title='bbox 1328 1967 1475 2011; x_wconf 91' lang='lat' dir='ltr'><strong>sunt.</strong></span> 
     </span>
    </p>
   </div>
   <div class='ocr_carea' id='block_1_25' title="bbox 501 2022 1921 2099">
    <p class='ocr_par' dir='ltr' id='par_1_25' title="bbox 501 2022 1921 2099">
     <span class='ocr_line' id='line_1_25' title="bbox 501 2022 1921 2099; baseline 0.002 -15"><span class='ocrx_word' id='word_1_128' title='bbox 501 2025 676 2084; x_wconf 88' lang='lat' dir='ltr'><strong>Porro</strong></span> <span class='ocrx_word' id='word_1_129' title='bbox 705 2027 771 2082; x_wconf 92' lang='lat' dir='ltr'><strong>ad</strong></span> <span class='ocrx_word' id='word_1_130' title='bbox 800 2039 886 2099; x_wconf 89' lang='lat' dir='ltr'><strong>m_e</strong></span> <span class='ocrx_word' id='word_1_131' title='bbox 914 2022 1114 2099; x_wconf 81' lang='lat' dir='ltr'><strong>dictum</strong></span> <span class='ocrx_word' id='word_1_132' title='bbox 1141 2022 1226 2082; x_wconf 82' lang='lat' dir='ltr'><strong>est</strong></span> <span class='ocrx_word' id='word_1_133' title='bbox 1252 2028 1474 2083; x_wconf 87' lang='lat' dir='ltr'><strong>verbum</strong></span> <span class='ocrx_word' id='word_1_134' title='bbox 1503 2028 1879 2087; x_wconf 88' lang='lat' dir='ltr'><strong>absconditum</strong></span> <span class='ocrx_word' id='word_1_135' title='bbox 1903 2069 1921 2099; x_wconf 88' lang='lat'><strong>,</strong></span> 
     </span>
    </p>
   </div>
   <div class='ocr_carea' id='block_1_26' title="bbox 579 2094 2100 2170">
    <p class='ocr_par' dir='ltr' id='par_1_26' title="bbox 579 2094 2100 2170">
     <span class='ocr_line' id='line_1_26' title="bbox 579 2094 2100 2170; baseline 0.005 -15"><span class='ocrx_word' id='word_1_136' title='bbox 579 2107 636 2156; x_wconf 87' lang='lat' dir='ltr'><strong>et</strong></span> <span class='ocrx_word' id='word_1_137' title='bbox 658 2098 812 2170; x_wconf 88' lang='lat' dir='ltr'><strong>quasi</strong></span> <span class='ocrx_word' id='word_1_138' title='bbox 839 2094 1039 2154; x_wconf 82' lang='lat' dir='ltr'><strong>furtive</strong></span> <span class='ocrx_word' id='word_1_139' title='bbox 1069 2099 1310 2170; x_wconf 87' lang='lat' dir='ltr'><strong>suscepit</strong></span> <span class='ocrx_word' id='word_1_140' title='bbox 1345 2099 1497 2156; x_wconf 88' lang='lat' dir='ltr'><strong>auris</strong></span> <span class='ocrx_word' id='word_1_141' title='bbox 1533 2117 1654 2158; x_wconf 90' lang='lat' dir='ltr'><strong>mea</strong></span> <span class='ocrx_word' id='word_1_142' title='bbox 1695 2118 1860 2160; x_wconf 85' lang='lat' dir='ltr'><strong>venas</strong></span> <span class='ocrx_word' id='word_1_143' title='bbox 1889 2094 2100 2162; x_wconf 81' lang='lat' dir='ltr'><strong>susurri</strong></span> 
     </span>
    </p>
   </div>
   <div class='ocr_carea' id='block_1_27' title="bbox 646 2185 789 2241">
    <p class='ocr_par' dir='ltr' id='par_1_27' title="bbox 646 2185 789 2241">
     <span class='ocr_line' id='line_1_27' title="bbox 646 2185 789 2241; baseline 0.014 -15"><span class='ocrx_word' id='word_1_144' title='bbox 646 2185 789 2241; x_wconf 57' lang='lat' dir='ltr'><strong>eius.</strong></span> 
     </span>
    </p>
   </div>
   <div class='ocr_carea' id='block_1_28' title="bbox 505 2241 1415 2310">
    <p class='ocr_par' dir='ltr' id='par_1_28' title="bbox 505 2241 1415 2310">
     <span class='ocr_line' id='line_1_28' title="bbox 505 2241 1415 2310; baseline -0.003 -8"><span class='ocrx_word' id='word_1_145' title='bbox 505 2242 564 2302; x_wconf 87' lang='lat' dir='ltr'><strong>In</strong></span> <span class='ocrx_word' id='word_1_146' title='bbox 594 2241 825 2304; x_wconf 88' lang='lat' dir='ltr'><strong>horrore</strong></span> <span class='ocrx_word' id='word_1_147' title='bbox 851 2241 1077 2303; x_wconf 87' lang='lat' dir='ltr'><strong>visionis</strong></span> <span class='ocrx_word' id='word_1_148' title='bbox 1111 2251 1415 2310; x_wconf 83' lang='lat' dir='ltr'><strong>nocturnae,</strong></span> 
     </span>
    </p>
   </div>
   <div class='ocr_carea' id='block_1_29' title="bbox 577 2314 1749 2388">
    <p class='ocr_par' dir='ltr' id='par_1_29' title="bbox 577 2314 1749 2388">
     <span class='ocr_line' id='line_1_29' title="bbox 577 2314 1749 2388; baseline 0.006 -22"><span class='ocrx_word' id='word_1_149' title='bbox 577 2316 796 2388; x_wconf 83' lang='lat' dir='ltr'><strong>quando</strong></span> <span class='ocrx_word' id='word_1_150' title='bbox 818 2319 959 2376; x_wconf 76' lang='lat' dir='ltr'><strong>solet</strong></span> <span class='ocrx_word' id='word_1_151' title='bbox 977 2328 1140 2385; x_wconf 90' lang='lat' dir='ltr'><strong>sopor</strong></span> <span class='ocrx_word' id='word_1_152' title='bbox 1166 2330 1436 2386; x_wconf 90' lang='lat' dir='ltr'><strong>occupare</strong></span> <span class='ocrx_word' id='word_1_153' title='bbox 1457 2314 1703 2374; x_wconf 85' lang='lat' dir='ltr'><strong>homines</strong></span> <span class='ocrx_word' id='word_1_154' title='bbox 1732 2334 1749 2381; x_wconf 84' lang='lat'><strong>;</strong></span> 
     </span>
    </p>
   </div>
   <div class='ocr_carea' id='block_1_30' title="bbox 503 2387 1360 2452">
    <p class='ocr_par' dir='ltr' id='par_1_30' title="bbox 503 2387 1360 2452">
     <span class='ocr_line' id='line_1_30' title="bbox 503 2387 1360 2452; baseline -0.005 -6"><span class='ocrx_word' id='word_1_155' title='bbox 503 2387 681 2446; x_wconf 82' lang='lat' dir='ltr'><strong>Pavor</strong></span> <span class='ocrx_word' id='word_1_156' title='bbox 711 2391 886 2447; x_wconf 89' lang='lat' dir='ltr'><strong>tenuit</strong></span> <span class='ocrx_word' id='word_1_157' title='bbox 914 2402 1020 2452; x_wconf 91' lang='lat' dir='ltr'><strong>me,</strong></span> <span class='ocrx_word' id='word_1_158' title='bbox 1049 2396 1104 2440; x_wconf 89' lang='lat' dir='ltr'><strong>et</strong></span> <span class='ocrx_word' id='word_1_159' title='bbox 1136 2395 1360 2452; x_wconf 90' lang='lat' dir='ltr'><strong>tremor,</strong></span> 
     </span>
    </p>
   </div>
   <div class='ocr_carea' id='block_1_31' title="bbox 577 2459 1645 2528">
    <p class='ocr_par' dir='ltr' id='par_1_31' title="bbox 577 2459 1645 2528">
     <span class='ocr_line' id='line_1_31' title="bbox 577 2459 1645 2528; baseline 0.002 -13"><span class='ocrx_word' id='word_1_160' title='bbox 577 2468 634 2516; x_wconf 91' lang='lat' dir='ltr'><strong>et</strong></span> <span class='ocrx_word' id='word_1_161' title='bbox 659 2463 842 2517; x_wconf 86' lang='lat' dir='ltr'><strong>omnia</strong></span> <span class='ocrx_word' id='word_1_162' title='bbox 871 2476 994 2517; x_wconf 91' lang='lat' dir='ltr'><strong>ossa</strong></span> <span class='ocrx_word' id='word_1_163' title='bbox 1019 2472 1138 2512; x_wconf 91' lang='lat' dir='ltr'><strong>mea</strong></span> <span class='ocrx_word' id='word_1_164' title='bbox 1165 2459 1454 2528; x_wconf 88' lang='lat' dir='ltr'><strong>perterrita</strong></span> <span class='ocrx_word' id='word_1_165' title='bbox 1482 2469 1645 2517; x_wconf 89' lang='lat' dir='ltr'><strong>sunt:</strong></span> 
     </span>
    </p>
   </div>
   <div class='ocr_carea' id='block_1_32' title="bbox 505 2528 1742 2605">
    <p class='ocr_par' dir='ltr' id='par_1_32' title="bbox 505 2528 1742 2605">
     <span class='ocr_line' id='line_1_32' title="bbox 505 2528 1742 2605; baseline 0.002 -19"><span class='ocrx_word' id='word_1_166' title='bbox 505 2528 724 2605; x_wconf 70' lang='lat' dir='ltr'><strong>Etcum</strong></span> <span class='ocrx_word' id='word_1_167' title='bbox 756 2533 999 2605; x_wconf 81' lang='lat' dir='ltr'><strong>spiritus,</strong></span> <span class='ocrx_word' id='word_1_168' title='bbox 1025 2544 1111 2605; x_wconf 74' lang='lat' dir='ltr'><strong>me</strong></span> <span class='ocrx_word' id='word_1_169' title='bbox 1140 2540 1436 2605; x_wconf 64' lang='lat' dir='ltr'><strong>pra-sonte,</strong></span> <span class='ocrx_word' id='word_1_170' title='bbox 1465 2535 1742 2602; x_wconf 90' lang='lat' dir='ltr'><strong>transiret,</strong></span> 
     </span>
    </p>
   </div>
   <div class='ocr_carea' id='block_1_33' title="bbox 577 2601 1472 2674">
    <p class='ocr_par' dir='ltr' id='par_1_33' title="bbox 577 2601 1472 2674">
     <span class='ocr_line' id='line_1_33' title="bbox 577 2601 1472 2674; baseline 0.001 -17"><span class='ocrx_word' id='word_1_171' title='bbox 577 2601 966 2674; x_wconf 77' lang='lat' dir='ltr'><strong>inhorruerunt</strong></span> <span class='ocrx_word' id='word_1_172' title='bbox 990 2601 1084 2674; x_wconf 83' lang='lat' dir='ltr'><strong>pili</strong></span> <span class='ocrx_word' id='word_1_173' title='bbox 1109 2603 1290 2658; x_wconf 89' lang='lat' dir='ltr'><strong>carnis</strong></span> <span class='ocrx_word' id='word_1_174' title='bbox 1317 2618 1472 2658; x_wconf 66' lang='lat' dir='ltr'><strong>metu.</strong></span> 
     </span>
    </p>
   </div>
   <div class='ocr_carea' id='block_1_34' title="bbox 505 2673 1898 2752">
    <p class='ocr_par' dir='ltr' id='par_1_34' title="bbox 505 2673 1898 2752">
     <span class='ocr_line' id='line_1_34' title="bbox 505 2673 1898 2752; baseline 0.004 -20"><span class='ocrx_word' id='word_1_175' title='bbox 505 2673 671 2752; x_wconf 83' lang='lat' dir='ltr'><strong>Stetit</strong></span> <span class='ocrx_word' id='word_1_176' title='bbox 691 2677 934 2748; x_wconf 92' lang='lat' dir='ltr'><strong>quidam,</strong></span> <span class='ocrx_word' id='word_1_177' title='bbox 959 2673 1250 2752; x_wconf 29' lang='lat' dir='ltr'><strong>cujuslnon.</strong></span> <span class='ocrx_word' id='word_1_178' title='bbox 1270 2677 1631 2752; x_wconf 80' lang='lat' dir='ltr'><strong>agnosceham</strong></span> <span class='ocrx_word' id='word_1_179' title='bbox 1663 2678 1898 2752; x_wconf 81' lang='lat' dir='ltr'><strong>vultum,</strong></span> 
     </span>
    </p>
   </div>
   <div class='ocr_carea' id='block_1_35' title="bbox 579 2745 1362 2816">
    <p class='ocr_par' dir='ltr' id='par_1_35' title="bbox 579 2745 1362 2816">
     <span class='ocr_line' id='line_1_35' title="bbox 579 2745 1362 2816; baseline -0.004 -14"><span class='ocrx_word' id='word_1_180' title='bbox 579 2745 760 2816; x_wconf 71' lang='lat' dir='ltr'><strong>imago</strong></span> <span class='ocrx_word' id='word_1_181' title='bbox 787 2763 970 2804; x_wconf 91' lang='lat' dir='ltr'><strong>coram</strong></span> <span class='ocrx_word' id='word_1_182' title='bbox 1002 2745 1176 2802; x_wconf 89' lang='lat' dir='ltr'><strong>oculis</strong></span> <span class='ocrx_word' id='word_1_183' title='bbox 1207 2747 1362 2811; x_wconf 88' lang='lat' dir='ltr'><strong>meis,</strong></span> 
     </span>
    </p>
   </div>
   <div class='ocr_carea' id='block_1_36' title="bbox 579 2818 1616 2891">
    <p class='ocr_par' dir='ltr' id='par_1_36' title="bbox 579 2818 1616 2891">
     <span class='ocr_line' id='line_1_36' title="bbox 579 2818 1616 2891; baseline 0.003 -19"><span class='ocrx_word' id='word_1_184' title='bbox 579 2827 635 2872; x_wconf 90' lang='lat' dir='ltr'><strong>et</strong></span> <span class='ocrx_word' id='word_1_185' title='bbox 661 2834 850 2875; x_wconf 88' lang='lat' dir='ltr'><strong>vocem</strong></span> <span class='ocrx_word' id='word_1_186' title='bbox 881 2818 1214 2891; x_wconf 75' lang='lat' dir='ltr'><strong>quasi_aur:n</strong></span> <span class='ocrx_word' id='word_1_187' title='bbox 1243 2819 1381 2874; x_wconf 85' lang='lat' dir='ltr'><strong>leuis</strong></span> <span class='ocrx_word' id='word_1_188' title='bbox 1409 2818 1616 2891; x_wconf 87' lang='lat' dir='ltr'><strong>audivi.</strong></span> 
     </span>
    </p>
   </div>
   <div class='ocr_carea' id='block_1_37' title="bbox 509 2887 1991 2970">
    <p class='ocr_par' dir='ltr' id='par_1_37' title="bbox 509 2887 1991 2970">
     <span class='ocr_line' id='line_1_37' title="bbox 509 2887 1991 2970; baseline 0.005 -23"><span class='ocrx_word' id='word_1_189' title='bbox 509 2887 786 2970; x_wconf 78' lang='lat' dir='ltr'><strong>Numquid</strong></span> <span class='ocrx_word' id='word_1_190' title='bbox 818 2887 1002 2958; x_wconf 85' lang='lat' dir='ltr'><strong>homo,</strong></span> <span class='ocrx_word' id='word_1_191' title='bbox 1034 2889 1127 2944; x_wconf 90' lang='lat' dir='ltr'><strong>Dei</strong></span> <span class='ocrx_word' id='word_1_192' title='bbox 1151 2890 1557 2970; x_wconf 62' lang='lat' dir='ltr'><strong>comparatione</strong></span> <span class='ocrx_word' id='word_1_193' title='bbox 1578 2891 1991 2969; x_wconf 83' lang='lat' dir='ltr'><strong>jusﬁﬁcabitur,</strong></span> 
     </span>
    </p>
   </div>
   <div class='ocr_carea' id='block_1_38' title="bbox 580 2960 1534 3031">
    <p class='ocr_par' dir='ltr' id='par_1_38' title="bbox 580 2960 1534 3031">
     <span class='ocr_line' id='line_1_38' title="bbox 580 2960 1534 3031; baseline 0.001 -16"><span class='ocrx_word' id='word_1_194' title='bbox 580 2960 910 3020; x_wconf 58' lang='lat' dir='ltr'><strong>aut&#39;factore</strong></span> <span class='ocrx_word' id='word_1_195' title='bbox 932 2978 1034 3018; x_wconf 94' lang='lat' dir='ltr'><strong>suo</strong></span> <span class='ocrx_word' id='word_1_196' title='bbox 1060 2960 1245 3031; x_wconf 87' lang='lat' dir='ltr'><strong>purior</strong></span> <span class='ocrx_word' id='word_1_197' title='bbox 1267 2960 1370 3016; x_wconf 89' lang='lat' dir='ltr'><strong>erit</strong></span> <span class='ocrx_word' id='word_1_198' title='bbox 1403 2960 1484 3018; x_wconf 89' lang='lat' dir='ltr'><strong>vir</strong></span> <span class='ocrx_word' id='word_1_199' title='bbox 1511 2962 1534 3016; x_wconf 69' lang='grc' dir='ltr'><strong>ἶ</strong></span> 
     </span>
    </p>
   </div>
   <div class='ocr_carea' id='block_1_39' title="bbox 511 3031 1729 3104">
    <p class='ocr_par' dir='ltr' id='par_1_39' title="bbox 511 3031 1729 3104">
     <span class='ocr_line' id='line_1_39' title="bbox 511 3031 1729 3104; baseline 0.004 -14"><span class='ocrx_word' id='word_1_200' title='bbox 511 3031 654 3090; x_wconf 85' lang='lat' dir='ltr'><strong>Ecce</strong></span> <span class='ocrx_word' id='word_1_201' title='bbox 681 3035 773 3104; x_wconf 90' lang='lat' dir='ltr'><strong>qui</strong></span> <span class='ocrx_word' id='word_1_202' title='bbox 799 3035 1046 3090; x_wconf 88' lang='lat' dir='ltr'><strong>serviunt</strong></span> <span class='ocrx_word' id='word_1_203' title='bbox 1067 3031 1116 3088; x_wconf 91' lang='lat' dir='ltr'><strong>ei</strong></span> <span class='ocrx_word' id='word_1_204' title='bbox 1135 3073 1149 3097; x_wconf 88' lang='lat'><strong>,</strong></span> <span class='ocrx_word' id='word_1_205' title='bbox 1175 3047 1282 3087; x_wconf 90' lang='lat' dir='ltr'><strong>non</strong></span> <span class='ocrx_word' id='word_1_206' title='bbox 1313 3041 1440 3088; x_wconf 91' lang='lat' dir='ltr'><strong>sunt</strong></span> <span class='ocrx_word' id='word_1_207' title='bbox 1464 3034 1729 3095; x_wconf 88' lang='lat' dir='ltr'><strong>stabiles:</strong></span> 
     </span>
    </p>
   </div>
   <div class='ocr_carea' id='block_1_40' title="bbox 581 3104 1708 3176">
    <p class='ocr_par' dir='ltr' id='par_1_40' title="bbox 581 3104 1708 3176">
     <span class='ocr_line' id='line_1_40' title="bbox 581 3104 1708 3176; baseline 0.006 -18"><span class='ocrx_word' id='word_1_208' title='bbox 581 3113 639 3158; x_wconf 88' lang='lat' dir='ltr'><strong>et</strong></span> <span class='ocrx_word' id='word_1_209' title='bbox 669 3105 722 3160; x_wconf 92' lang='lat' dir='ltr'><strong>in</strong></span> <span class='ocrx_word' id='word_1_210' title='bbox 749 3106 956 3176; x_wconf 89' lang='lat' dir='ltr'><strong>angelis</strong></span> <span class='ocrx_word' id='word_1_211' title='bbox 981 3105 1098 3161; x_wconf 89' lang='lat' dir='ltr'><strong>suis</strong></span> <span class='ocrx_word' id='word_1_212' title='bbox 1124 3104 1325 3176; x_wconf 81' lang='lat' dir='ltr'><strong>reperit</strong></span> <span class='ocrx_word' id='word_1_213' title='bbox 1348 3107 1670 3176; x_wconf 86' lang='lat' dir='ltr'><strong>pravitatem</strong></span> <span class='ocrx_word' id='word_1_214' title='bbox 1694 3129 1708 3165; x_wconf 89' lang='lat'><strong>:</strong></span> 
     </span>
    </p>
   </div>
   <div class='ocr_carea' id='block_1_41' title="bbox 508 3174 1840 3253">
    <p class='ocr_par' dir='ltr' id='par_1_41' title="bbox 508 3174 1840 3253">
     <span class='ocr_line' id='line_1_41' title="bbox 508 3174 1840 3253; baseline 0.007 -23"><span class='ocrx_word' id='word_1_215' title='bbox 508 3175 725 3253; x_wconf 78' lang='lat' dir='ltr'><strong>Quanto</strong></span> <span class='ocrx_word' id='word_1_216' title='bbox 746 3174 916 3248; x_wconf 74' lang='lat' dir='ltr'><strong>magis</strong></span> <span class='ocrx_word' id='word_1_217' title='bbox 943 3177 996 3232; x_wconf 92' lang='lat' dir='ltr'><strong>hi</strong></span> <span class='ocrx_word' id='word_1_218' title='bbox 1017 3176 1119 3253; x_wconf 79' lang='lat' dir='ltr'><strong>qui</strong></span> <span class='ocrx_word' id='word_1_219' title='bbox 1149 3174 1394 3253; x_wconf 68' lang='lat' dir='ltr'><strong>liahltailt</strong></span> <span class='ocrx_word' id='word_1_220' title='bbox 1421 3177 1614 3236; x_wconf 86' lang='lat' dir='ltr'><strong>domos</strong></span> <span class='ocrx_word' id='word_1_221' title='bbox 1646 3181 1840 3253; x_wconf 90' lang='lat' dir='ltr'><strong>luteas,</strong></span> 
     </span>
    </p>
   </div>
   <div class='ocr_carea' id='block_1_42' title="bbox 587 3247 1678 3321">
    <p class='ocr_par' dir='ltr' id='par_1_42' title="bbox 587 3247 1678 3321">
     <span class='ocr_line' id='line_1_42' title="bbox 587 3247 1678 3321; baseline 0.005 -19"><span class='ocrx_word' id='word_1_222' title='bbox 587 3249 681 3318; x_wconf 91' lang='lat' dir='ltr'><strong>qui</strong></span> <span class='ocrx_word' id='word_1_223' title='bbox 709 3247 982 3305; x_wconf 83' lang='lat' dir='ltr'><strong>terrenum</strong></span> <span class='ocrx_word' id='word_1_224' title='bbox 1017 3247 1218 3321; x_wconf 82' lang='lat' dir='ltr'><strong>habent</strong></span> <span class='ocrx_word' id='word_1_225' title='bbox 1243 3247 1678 3321; x_wconf 86' lang='lat' dir='ltr'><strong>fundamentum,</strong></span> 
     </span>
    </p>
   </div>
   <div class='ocr_carea' id='block_1_43' title="bbox 583 3319 1432 3377">
    <p class='ocr_par' dir='ltr' id='par_1_43' title="bbox 583 3319 1432 3377">
     <span class='ocr_line' id='line_1_43' title="bbox 583 3319 1432 3377; baseline 0 -3"><span class='ocrx_word' id='word_1_226' title='bbox 583 3331 973 3377; x_wconf 90' lang='lat' dir='ltr'><strong>consumentur</strong></span> <span class='ocrx_word' id='word_1_227' title='bbox 999 3319 1148 3374; x_wconf 91' lang='lat' dir='ltr'><strong>velut</strong></span> <span class='ocrx_word' id='word_1_228' title='bbox 1177 3333 1207 3372; x_wconf 92' lang='lat' dir='ltr'><strong>a</strong></span> <span class='ocrx_word' id='word_1_229' title='bbox 1242 3319 1381 3374; x_wconf 91' lang='lat' dir='ltr'><strong>tinea</strong></span> <span class='ocrx_word' id='word_1_230' title='bbox 1407 3320 1432 3374; x_wconf 83' lang='lat'><strong>?</strong></span> 
     </span>
    </p>
   </div>
   <div class='ocr_carea' id='block_1_44' title="bbox 512 3387 1804 3462">
    <p class='ocr_par' dir='ltr' id='par_1_44' title="bbox 512 3387 1804 3462">
     <span class='ocr_line' id='line_1_44' title="bbox 512 3387 1804 3462; baseline 0.005 -16"><span class='ocrx_word' id='word_1_231' title='bbox 512 3387 595 3447; x_wconf 86' lang='lat' dir='ltr'><strong>De</strong></span> <span class='ocrx_word' id='word_1_232' title='bbox 623 3407 782 3448; x_wconf 90' lang='lat' dir='ltr'><strong>mane</strong></span> <span class='ocrx_word' id='word_1_233' title='bbox 813 3407 982 3462; x_wconf 89' lang='lat' dir='ltr'><strong>usque</strong></span> <span class='ocrx_word' id='word_1_234' title='bbox 1005 3390 1072 3445; x_wconf 87' lang='lat' dir='ltr'><strong>ad</strong></span> <span class='ocrx_word' id='word_1_235' title='bbox 1104 3405 1384 3459; x_wconf 88' lang='lat' dir='ltr'><strong>vesperam</strong></span> <span class='ocrx_word' id='word_1_236' title='bbox 1415 3393 1763 3452; x_wconf 90' lang='lat' dir='ltr'><strong>succidentur</strong></span> <span class='ocrx_word' id='word_1_237' title='bbox 1789 3415 1804 3452; x_wconf 88' lang='lat'><strong>:</strong></span> 
     </span>
    </p>
   </div>
   <div class='ocr_carea' id='block_1_45' title="bbox 586 3462 2000 3536">
    <p class='ocr_par' dir='ltr' id='par_1_45' title="bbox 586 3462 2000 3536">
     <span class='ocr_line' id='line_1_45' title="bbox 586 3462 2000 3536; baseline 0.006 -19"><span class='ocrx_word' id='word_1_238' title='bbox 586 3471 644 3536; x_wconf 85' lang='lat' dir='ltr'><strong>et</strong></span> <span class='ocrx_word' id='word_1_239' title='bbox 669 3463 796 3535; x_wconf 88' lang='lat' dir='ltr'><strong>quia</strong></span> <span class='ocrx_word' id='word_1_240' title='bbox 824 3465 1004 3536; x_wconf 89' lang='lat' dir='ltr'><strong>nullus</strong></span> <span class='ocrx_word' id='word_1_241' title='bbox 1034 3462 1312 3536; x_wconf 80' lang='lat' dir='ltr'><strong>intelligit,</strong></span> <span class='ocrx_word' id='word_1_242' title='bbox 1346 3465 1397 3516; x_wconf 92' lang='lat' dir='ltr'><strong>in</strong></span> <span class='ocrx_word' id='word_1_243' title='bbox 1417 3463 1694 3536; x_wconf 61' lang='lat' dir='ltr'><strong>internum</strong></span> <span class='ocrx_word' id='word_1_244' title='bbox 1725 3469 2000 3536; x_wconf 90' lang='lat' dir='ltr'><strong>peribunt.</strong></span> 
     </span>
    </p>
   </div>
   <div class='ocr_carea' id='block_1_46' title="bbox 513 3532 1892 3604">
    <p class='ocr_par' dir='ltr' id='par_1_46' title="bbox 513 3532 1892 3604">
     <span class='ocr_line' id='line_1_46' title="bbox 513 3532 1892 3604; baseline 0.007 -17"><span class='ocrx_word' id='word_1_245' title='bbox 513 3532 618 3602; x_wconf 92' lang='lat' dir='ltr'><strong>Qui</strong></span> <span class='ocrx_word' id='word_1_246' title='bbox 647 3532 827 3592; x_wconf 86' lang='lat' dir='ltr'><strong>autem</strong></span> <span class='ocrx_word' id='word_1_247' title='bbox 859 3535 1050 3604; x_wconf 86' lang='lat' dir='ltr'><strong>reliqui</strong></span> <span class='ocrx_word' id='word_1_248' title='bbox 1082 3534 1304 3602; x_wconf 80' lang='lat' dir='ltr'><strong>fuerint,</strong></span> <span class='ocrx_word' id='word_1_249' title='bbox 1335 3534 1650 3594; x_wconf 81' lang='lat' dir='ltr'><strong>auferentur</strong></span> <span class='ocrx_word' id='word_1_250' title='bbox 1679 3532 1744 3594; x_wconf 67' lang='lat' dir='ltr'><strong>ei</strong></span> <span class='ocrx_word' id='word_1_251' title='bbox 1781 3539 1892 3596; x_wconf 90' lang='lat' dir='ltr'><strong>eis:</strong></span> 
     </span>
    </p>
   </div>
   <div class='ocr_carea' id='block_1_47' title="bbox 589 3606 1538 3676">
    <p class='ocr_par' dir='ltr' id='par_1_47' title="bbox 589 3606 1538 3676">
     <span class='ocr_line' id='line_1_47' title="bbox 589 3606 1538 3676; baseline 0 -15"><span class='ocrx_word' id='word_1_252' title='bbox 589 3609 921 3676; x_wconf 87' lang='lat' dir='ltr'><strong>morientur,</strong></span> <span class='ocrx_word' id='word_1_253' title='bbox 944 3615 1000 3662; x_wconf 92' lang='lat' dir='ltr'><strong>et</strong></span> <span class='ocrx_word' id='word_1_254' title='bbox 1026 3621 1133 3661; x_wconf 93' lang='lat' dir='ltr'><strong>non</strong></span> <span class='ocrx_word' id='word_1_255' title='bbox 1167 3606 1220 3660; x_wconf 95' lang='lat' dir='ltr'><strong>in</strong></span> <span class='ocrx_word' id='word_1_256' title='bbox 1251 3607 1538 3676; x_wconf 85' lang='lat' dir='ltr'><strong>sapientia.</strong></span> 
     </span>
    </p>
   </div>
   <div class='ocr_carea' id='block_1_48' title="bbox 515 3675 1968 3753">
    <p class='ocr_par' dir='ltr' id='par_1_48' title="bbox 515 3675 1968 3753">
     <span class='ocr_line' id='line_1_48' title="bbox 515 3675 1968 3753; baseline 0.006 -23"><span class='ocrx_word' id='word_1_257' title='bbox 515 3675 669 3749; x_wconf 83' lang='lat' dir='ltr'><strong>[Cap.</strong></span> <span class='ocrx_word' id='word_1_258' title='bbox 702 3675 964 3753; x_wconf 65' lang='lat' dir='ltr'><strong>Y.]_YoCa</strong></span> <span class='ocrx_word' id='word_1_259' title='bbox 995 3691 1147 3747; x_wconf 85' lang='lat' dir='ltr'><strong>ergo,</strong></span> <span class='ocrx_word' id='word_1_260' title='bbox 1179 3679 1223 3734; x_wconf 89' lang='lat' dir='ltr'><strong>si</strong></span> <span class='ocrx_word' id='word_1_261' title='bbox 1252 3675 1444 3748; x_wconf 79' lang='lat' dir='ltr'><strong>estqui</strong></span> <span class='ocrx_word' id='word_1_262' title='bbox 1477 3679 1569 3734; x_wconf 87' lang='lat' dir='ltr'><strong>tibi</strong></span> <span class='ocrx_word' id='word_1_263' title='bbox 1601 3681 1968 3753; x_wconf 89' lang='lat' dir='ltr'><strong>respondeat,</strong></span> 
     </span>
    </p>
   </div>
   <div class='ocr_carea' id='block_1_49' title="bbox 589 3749 1722 3818">
    <p class='ocr_par' dir='ltr' id='par_1_49' title="bbox 589 3749 1722 3818">
     <span class='ocr_line' id='line_1_49' title="bbox 589 3749 1722 3818; baseline 0.004 -15"><span class='ocrx_word' id='word_1_264' title='bbox 589 3757 643 3803; x_wconf 90' lang='lat' dir='ltr'><strong>et</strong></span> <span class='ocrx_word' id='word_1_265' title='bbox 673 3749 738 3803; x_wconf 88' lang='lat' dir='ltr'><strong>ad</strong></span> <span class='ocrx_word' id='word_1_266' title='bbox 768 3750 1003 3818; x_wconf 84' lang='lat' dir='ltr'><strong>aliquem</strong></span> <span class='ocrx_word' id='word_1_267' title='bbox 1033 3760 1348 3804; x_wconf 86' lang='lat' dir='ltr'><strong>sanetorum</strong></span> <span class='ocrx_word' id='word_1_268' title='bbox 1377 3749 1722 3808; x_wconf 80' lang='lat' dir='ltr'><strong>convertere.</strong></span> 
     </span>
    </p>
   </div>
   <div class='ocr_carea' id='block_1_50' title="bbox 519 3817 1539 3891">
    <p class='ocr_par' dir='ltr' id='par_1_50' title="bbox 519 3817 1539 3891">
     <span class='ocr_line' id='line_1_50' title="bbox 519 3817 1539 3891; baseline 0.003 -17"><span class='ocrx_word' id='word_1_269' title='bbox 519 3817 661 3874; x_wconf 81' lang='lat' dir='ltr'><strong>Vere</strong></span> <span class='ocrx_word' id='word_1_270' title='bbox 687 3817 907 3875; x_wconf 87' lang='lat' dir='ltr'><strong>stultum</strong></span> <span class='ocrx_word' id='word_1_271' title='bbox 941 3820 1197 3876; x_wconf 87' lang='lat' dir='ltr'><strong>interﬁcit</strong></span> <span class='ocrx_word' id='word_1_272' title='bbox 1225 3821 1501 3876; x_wconf 86' lang='lat' dir='ltr'><strong>iracundia</strong></span> <span class='ocrx_word' id='word_1_273' title='bbox 1523 3863 1539 3891; x_wconf 97' lang='lat'><strong>,</strong></span> 
     </span>
    </p>
   </div>
   <div class='ocr_carea' id='block_1_51' title="bbox 591 3892 1426 3959">
    <p class='ocr_par' dir='ltr' id='par_1_51' title="bbox 591 3892 1426 3959">
     <span class='ocr_line' id='line_1_51' title="bbox 591 3892 1426 3959; baseline 0.001 -13"><span class='ocrx_word' id='word_1_274' title='bbox 591 3900 644 3946; x_wconf 88' lang='lat' dir='ltr'><strong>et</strong></span> <span class='ocrx_word' id='word_1_275' title='bbox 678 3893 956 3959; x_wconf 86' lang='lat' dir='ltr'><strong>parvulum</strong></span> <span class='ocrx_word' id='word_1_276' title='bbox 983 3893 1180 3947; x_wconf 77' lang='lat' dir='ltr'><strong>occidit</strong></span> <span class='ocrx_word' id='word_1_277' title='bbox 1206 3892 1426 3948; x_wconf 84' lang='lat' dir='ltr'><strong>invidia.</strong></span> 
     </span>
    </p>
   </div>
   <div class='ocr_carea' id='block_1_52' title="bbox 522 3960 1437 4032">
    <p class='ocr_par' dir='ltr' id='par_1_52' title="bbox 522 3960 1437 4032">
     <span class='ocr_line' id='line_1_52' title="bbox 522 3960 1437 4032; baseline 0.004 -16"><span class='ocrx_word' id='word_1_278' title='bbox 522 3960 636 4032; x_wconf 85' lang='lat' dir='ltr'><strong>Ego</strong></span> <span class='ocrx_word' id='word_1_279' title='bbox 661 3962 769 4017; x_wconf 83' lang='lat' dir='ltr'><strong>vidi</strong></span> <span class='ocrx_word' id='word_1_280' title='bbox 799 3963 1019 4018; x_wconf 90' lang='lat' dir='ltr'><strong>stultum</strong></span> <span class='ocrx_word' id='word_1_281' title='bbox 1051 3963 1205 4016; x_wconf 90' lang='lat' dir='ltr'><strong>ﬁrma</strong></span> <span class='ocrx_word' id='word_1_282' title='bbox 1233 3965 1437 4029; x_wconf 85' lang='lat' dir='ltr'><strong>radice,</strong></span> 
     </span>
    </p>
   </div>
   <div class='ocr_carea' id='block_1_53' title="bbox 593 4033 1736 4111">
    <p class='ocr_par' dir='ltr' id='par_1_53' title="bbox 593 4033 1736 4111">
     <span class='ocr_line' id='line_1_53' title="bbox 593 4033 1736 4111; baseline 0.009 -25"><span class='ocrx_word' id='word_1_283' title='bbox 593 4042 648 4087; x_wconf 88' lang='lat' dir='ltr'><strong>et</strong></span> <span class='ocrx_word' id='word_1_284' title='bbox 669 4033 925 4111; x_wconf 71' lang='lat' dir='ltr'><strong>maledixi</strong></span> <span class='ocrx_word' id='word_1_285' title='bbox 937 4035 1346 4111; x_wconf 66' lang='lat' dir='ltr'><strong>pulchritudini</strong></span> <span class='ocrx_word' id='word_1_286' title='bbox 1380 4038 1500 4106; x_wconf 89' lang='lat' dir='ltr'><strong>ejus</strong></span> <span class='ocrx_word' id='word_1_287' title='bbox 1528 4038 1736 4111; x_wconf 87' lang='lat' dir='ltr'><strong>statim,</strong></span> 
     </span>
    </p>
   </div>
   <div class='ocr_carea' id='block_1_54' title="bbox 522 4105 1411 4176">
    <p class='ocr_par' dir='ltr' id='par_1_54' title="bbox 522 4105 1411 4176">
     <span class='ocr_line' id='line_1_54' title="bbox 522 4105 1411 4176; baseline 0.001 -14"><span class='ocrx_word' id='word_1_288' title='bbox 522 4105 708 4175; x_wconf 83' lang='lat' dir='ltr'><strong>Longe</strong></span> <span class='ocrx_word' id='word_1_289' title='bbox 737 4108 868 4162; x_wconf 88' lang='lat' dir='ltr'><strong>ﬁent</strong></span> <span class='ocrx_word' id='word_1_290' title='bbox 897 4106 990 4161; x_wconf 88' lang='lat' dir='ltr'><strong>ﬁlii</strong></span> <span class='ocrx_word' id='word_1_291' title='bbox 1011 4106 1129 4176; x_wconf 90' lang='lat' dir='ltr'><strong>ejus</strong></span> <span class='ocrx_word' id='word_1_292' title='bbox 1155 4121 1187 4162; x_wconf 83' lang='lat' dir='ltr'><strong>a</strong></span> <span class='ocrx_word' id='word_1_293' title='bbox 1213 4107 1411 4172; x_wconf 88' lang='lat' dir='ltr'><strong>salute,</strong></span> 
     </span>
    </p>
   </div>
   <div class='ocr_carea' id='block_1_55' title="bbox 596 4179 1999 4256">
    <p class='ocr_par' dir='ltr' id='par_1_55' title="bbox 596 4179 1999 4256">
     <span class='ocr_line' id='line_1_55' title="bbox 596 4179 1999 4256; baseline 0.009 -24"><span class='ocrx_word' id='word_1_294' title='bbox 596 4187 653 4256; x_wconf 81' lang='lat' dir='ltr'><strong>et</strong></span> <span class='ocrx_word' id='word_1_295' title='bbox 681 4186 1032 4256; x_wconf 67' lang='lat' dir='ltr'><strong>conterentur</strong></span> <span class='ocrx_word' id='word_1_296' title='bbox 1063 4179 1112 4233; x_wconf 90' lang='lat' dir='ltr'><strong>iu</strong></span> <span class='ocrx_word' id='word_1_297' title='bbox 1138 4189 1322 4256; x_wconf 77' lang='lat' dir='ltr'><strong>porta,</strong></span> <span class='ocrx_word' id='word_1_298' title='bbox 1353 4189 1538 4256; x_wconf 87' lang='lat' dir='ltr'><strong>etnon</strong></span> <span class='ocrx_word' id='word_1_299' title='bbox 1560 4182 1669 4239; x_wconf 88' lang='lat' dir='ltr'><strong>erit</strong></span> <span class='ocrx_word' id='word_1_300' title='bbox 1696 4183 1790 4256; x_wconf 91' lang='lat' dir='ltr'><strong>qui</strong></span> <span class='ocrx_word' id='word_1_301' title='bbox 1821 4192 1999 4244; x_wconf 91' lang='lat' dir='ltr'><strong>eruat.</strong></span> 
     </span>
    </p>
   </div>
   <div class='ocr_carea' id='block_1_56' title="bbox 523 4246 1582 4322">
    <p class='ocr_par' dir='ltr' id='par_1_56' title="bbox 523 4246 1582 4322">
     <span class='ocr_line' id='line_1_56' title="bbox 523 4246 1582 4322; baseline 0.002 -17"><span class='ocrx_word' id='word_1_302' title='bbox 523 4246 691 4322; x_wconf 86' lang='lat' dir='ltr'><strong>Cujus</strong></span> <span class='ocrx_word' id='word_1_303' title='bbox 721 4265 954 4305; x_wconf 86' lang='lat' dir='ltr'><strong>messem</strong></span> <span class='ocrx_word' id='word_1_304' title='bbox 988 4249 1271 4322; x_wconf 76' lang='lat' dir='ltr'><strong>famelicus</strong></span> <span class='ocrx_word' id='word_1_305' title='bbox 1295 4253 1582 4322; x_wconf 89' lang='lat' dir='ltr'><strong>comedet,</strong></span> 
     </span>
    </p>
   </div>
   <div class='ocr_carea' id='block_1_57' title="bbox 596 4321 1344 4390">
    <p class='ocr_par' dir='ltr' id='par_1_57' title="bbox 596 4321 1344 4390">
     <span class='ocr_line' id='line_1_57' title="bbox 596 4321 1344 4390; baseline 0.003 -14"><span class='ocrx_word' id='word_1_306' title='bbox 596 4329 651 4376; x_wconf 91' lang='lat' dir='ltr'><strong>et</strong></span> <span class='ocrx_word' id='word_1_307' title='bbox 676 4321 851 4388; x_wconf 88' lang='lat' dir='ltr'><strong>ipsum</strong></span> <span class='ocrx_word' id='word_1_308' title='bbox 885 4321 1057 4390; x_wconf 88' lang='lat' dir='ltr'><strong>rapiet</strong></span> <span class='ocrx_word' id='word_1_309' title='bbox 1077 4321 1344 4390; x_wconf 83' lang='lat' dir='ltr'><strong>armatus,</strong></span> 
     </span>
    </p>
   </div>
   <div class='ocr_carea' id='block_1_58' title="bbox 595 4391 1589 4470">
    <p class='ocr_par' dir='ltr' id='par_1_58' title="bbox 595 4391 1589 4470">
     <span class='ocr_line' id='line_1_58' title="bbox 595 4391 1589 4470; baseline 0.01 -26"><span class='ocrx_word' id='word_1_310' title='bbox 595 4391 902 4470; x_wconf 36' lang='lat' dir='ltr'><strong>et-ebibeut</strong></span> <span class='ocrx_word' id='word_1_311' title='bbox 929 4393 1175 4470; x_wconf 82' lang='lat' dir='ltr'><strong>sitientes</strong></span> <span class='ocrx_word' id='word_1_312' title='bbox 1207 4395 1424 4470; x_wconf 84' lang='lat' dir='ltr'><strong>divitias</strong></span> <span class='ocrx_word' id='word_1_313' title='bbox 1450 4396 1589 4470; x_wconf 85' lang='lat' dir='ltr'><strong>ejus.</strong></span> 
     </span>
    </p>
   </div>
   <div class='ocr_carea' id='block_1_59' title="bbox 522 4463 1390 4533">
    <p class='ocr_par' dir='ltr' id='par_1_59' title="bbox 522 4463 1390 4533">
     <span class='ocr_line' id='line_1_59' title="bbox 522 4463 1390 4533; baseline -0.001 -12"><span class='ocrx_word' id='word_1_314' title='bbox 522 4463 666 4521; x_wconf 79' lang='lat' dir='ltr'><strong>Nihil</strong></span> <span class='ocrx_word' id='word_1_315' title='bbox 697 4463 751 4518; x_wconf 93' lang='lat' dir='ltr'><strong>in</strong></span> <span class='ocrx_word' id='word_1_316' title='bbox 787 4473 928 4520; x_wconf 91' lang='lat' dir='ltr'><strong>terra</strong></span> <span class='ocrx_word' id='word_1_317' title='bbox 959 4467 1078 4522; x_wconf 84' lang='lat' dir='ltr'><strong>sine</strong></span> <span class='ocrx_word' id='word_1_318' title='bbox 1103 4477 1263 4522; x_wconf 85' lang='lat' dir='ltr'><strong>causa</strong></span> <span class='ocrx_word' id='word_1_319' title='bbox 1288 4468 1343 4520; x_wconf 89' lang='lat' dir='ltr'><strong>lit</strong></span> <span class='ocrx_word' id='word_1_320' title='bbox 1373 4508 1390 4533; x_wconf 95' lang='lat'><strong>,</strong></span> 
     </span>
    </p>
   </div>
   <div class='ocr_carea' id='block_1_60' title="bbox 596 4535 1488 4596">
    <p class='ocr_par' dir='ltr' id='par_1_60' title="bbox 596 4535 1488 4596">
     <span class='ocr_line' id='line_1_60' title="bbox 596 4535 1488 4596; baseline 0.002 -5"><span class='ocrx_word' id='word_1_321' title='bbox 596 4542 652 4591; x_wconf 92' lang='lat' dir='ltr'><strong>et</strong></span> <span class='ocrx_word' id='word_1_322' title='bbox 679 4535 746 4592; x_wconf 89' lang='lat' dir='ltr'><strong>de</strong></span> <span class='ocrx_word' id='word_1_323' title='bbox 777 4535 942 4592; x_wconf 91' lang='lat' dir='ltr'><strong>humo</strong></span> <span class='ocrx_word' id='word_1_324' title='bbox 970 4551 1078 4592; x_wconf 92' lang='lat' dir='ltr'><strong>non</strong></span> <span class='ocrx_word' id='word_1_325' title='bbox 1108 4538 1283 4593; x_wconf 90' lang='lat' dir='ltr'><strong>oritur</strong></span> <span class='ocrx_word' id='word_1_326' title='bbox 1311 4537 1488 4596; x_wconf 88' lang='lat' dir='ltr'><strong>dolor.</strong></span> 
     </span>
    </p>
   </div>
   <div class='ocr_carea' id='block_1_61' title="bbox 1488 209 2764 314">
    <p class='ocr_par' dir='ltr' id='par_1_61' title="bbox 1488 209 2764 314">
     <span class='ocr_line' id='line_1_61' title="bbox 1488 209 2764 314; baseline -0.001 -1"><span class='ocrx_word' id='word_1_327' title='bbox 1488 254 1549 313; x_wconf 89' lang='lat' dir='ltr'><strong>s.</strong></span> <span class='ocrx_word' id='word_1_328' title='bbox 1587 250 1973 312; x_wconf 78' lang='lat' dir='ltr'><strong>BIERONYMI</strong></span> <span class='ocrx_word' id='word_1_329' title='bbox 2011 250 2244 312; x_wconf 62' lang='lat' dir='ltr'><strong>emus</strong></span> <span class='ocrx_word' id='word_1_330' title='bbox 2281 209 2764 314; x_wconf 73' lang='lat' dir='ltr'><strong>Brettornsca.</strong></span> 
     </span>
    </p>
   </div>
   <div class='ocr_carea' id='block_1_62' title="bbox 3637 257 3797 324">
    <p class='ocr_par' dir='ltr' id='par_1_62' title="bbox 3637 257 3797 324">
     <span class='ocr_line' id='line_1_62' title="bbox 3637 257 3797 324; baseline 0.019 -3"><span class='ocrx_word' id='word_1_331' title='bbox 3637 257 3797 324; x_wconf 73' lang='lat'><strong>1088</strong></span> 
     </span>
    </p>
   </div>
   <div class='ocr_carea' id='block_1_63' title="bbox 2099 371 3027 441">
    <p class='ocr_par' dir='ltr' id='par_1_63' title="bbox 2099 371 3027 441">
     <span class='ocr_line' id='line_1_63' title="bbox 2099 371 3027 441; baseline -0.004 -7"><span class='ocrx_word' id='word_1_332' title='bbox 2099 371 2159 434; x_wconf 77' lang='grc' dir='ltr'><strong>Δ</strong></span> <span class='ocrx_word' id='word_1_333' title='bbox 2181 371 2354 429; x_wconf 84' lang='lat' dir='ltr'><strong>Homo</strong></span> <span class='ocrx_word' id='word_1_334' title='bbox 2377 373 2445 430; x_wconf 91' lang='lat' dir='ltr'><strong>ad</strong></span> <span class='ocrx_word' id='word_1_335' title='bbox 2471 373 2712 430; x_wconf 87' lang='lat' dir='ltr'><strong>laborem</strong></span> <span class='ocrx_word' id='word_1_336' title='bbox 2743 372 2994 430; x_wconf 89' lang='lat' dir='ltr'><strong>nascitur</strong></span> <span class='ocrx_word' id='word_1_337' title='bbox 3011 413 3027 441; x_wconf 93' lang='lat'><strong>,</strong></span> 
     </span>
    </p>
   </div>
   <div class='ocr_carea' id='block_1_64' title="bbox 2253 445 2821 502">
    <p class='ocr_par' dir='ltr' id='par_1_64' title="bbox 2253 445 2821 502">
     <span class='ocr_line' id='line_1_64' title="bbox 2253 445 2821 502; baseline 0.002 -2"><span class='ocrx_word' id='word_1_338' title='bbox 2253 455 2309 500; x_wconf 89' lang='lat' dir='ltr'><strong>et</strong></span> <span class='ocrx_word' id='word_1_339' title='bbox 2328 445 2442 502; x_wconf 89' lang='lat' dir='ltr'><strong>avis</strong></span> <span class='ocrx_word' id='word_1_340' title='bbox 2470 447 2538 502; x_wconf 89' lang='lat' dir='ltr'><strong>ad</strong></span> <span class='ocrx_word' id='word_1_341' title='bbox 2560 446 2821 502; x_wconf 90' lang='lat' dir='ltr'><strong>volatum.</strong></span> 
     </span>
    </p>
   </div>
   <div class='ocr_carea' id='block_1_65' title="bbox 2182 514 3384 590">
    <p class='ocr_par' dir='ltr' id='par_1_65' title="bbox 2182 514 3384 590">
     <span class='ocr_line' id='line_1_65' title="bbox 2182 514 3384 590; baseline 0.005 -19"><span class='ocrx_word' id='word_1_342' title='bbox 2182 514 2545 590; x_wconf 84' lang='lat' dir='ltr'><strong>Quamobrem</strong></span> <span class='ocrx_word' id='word_1_343' title='bbox 2576 533 2680 590; x_wconf 89' lang='lat' dir='ltr'><strong>ego</strong></span> <span class='ocrx_word' id='word_1_344' title='bbox 2709 517 3046 589; x_wconf 89' lang='lat' dir='ltr'><strong>deprecabor</strong></span> <span class='ocrx_word' id='word_1_345' title='bbox 3073 518 3384 588; x_wconf 76' lang='lat' dir='ltr'><strong>Dominum;</strong></span> 
     </span>
    </p>
   </div>
   <div class='ocr_carea' id='block_1_66' title="bbox 2255 589 3387 662">
    <p class='ocr_par' dir='ltr' id='par_1_66' title="bbox 2255 589 3387 662">
     <span class='ocr_line' id='line_1_66' title="bbox 2255 589 3387 662; baseline 0.004 -18"><span class='ocrx_word' id='word_1_346' title='bbox 2255 597 2311 662; x_wconf 85' lang='lat' dir='ltr'><strong>et</strong></span> <span class='ocrx_word' id='word_1_347' title='bbox 2333 589 2400 644; x_wconf 89' lang='lat' dir='ltr'><strong>ad</strong></span> <span class='ocrx_word' id='word_1_348' title='bbox 2434 590 2602 647; x_wconf 93' lang='lat' dir='ltr'><strong>Deum</strong></span> <span class='ocrx_word' id='word_1_349' title='bbox 2623 589 2830 659; x_wconf 80' lang='lat' dir='ltr'><strong>ponam</strong></span> <span class='ocrx_word' id='word_1_350' title='bbox 2861 591 3137 662; x_wconf 89' lang='lat' dir='ltr'><strong>eloquium</strong></span> <span class='ocrx_word' id='word_1_351' title='bbox 3165 607 3345 650; x_wconf 86' lang='lat' dir='ltr'><strong>meum</strong></span> <span class='ocrx_word' id='word_1_352' title='bbox 3372 609 3387 648; x_wconf 90' lang='lat'><strong>:</strong></span> 
     </span>
    </p>
   </div>
   <div class='ocr_carea' id='block_1_67' title="bbox 2183 658 3166 733">
    <p class='ocr_par' dir='ltr' id='par_1_67' title="bbox 2183 658 3166 733">
     <span class='ocr_line' id='line_1_67' title="bbox 2183 658 3166 733; baseline 0.001 -18"><span class='ocrx_word' id='word_1_353' title='bbox 2183 658 2284 729; x_wconf 92' lang='lat' dir='ltr'><strong>Qui</strong></span> <span class='ocrx_word' id='word_1_354' title='bbox 2316 662 2438 717; x_wconf 81' lang='lat' dir='ltr'><strong>facit</strong></span> <span class='ocrx_word' id='word_1_355' title='bbox 2472 658 2662 732; x_wconf 81' lang='lat' dir='ltr'><strong>magna</strong></span> <span class='ocrx_word' id='word_1_356' title='bbox 2689 672 2740 716; x_wconf 90' lang='lat' dir='ltr'><strong>et</strong></span> <span class='ocrx_word' id='word_1_357' title='bbox 2772 658 3166 733; x_wconf 74' lang='lat' dir='ltr'><strong>inscrutabilia,</strong></span> 
     </span>
    </p>
   </div>
   <div class='ocr_carea' id='block_1_68' title="bbox 2255 733 3140 805">
    <p class='ocr_par' dir='ltr' id='par_1_68' title="bbox 2255 733 3140 805">
     <span class='ocr_line' id='line_1_68' title="bbox 2255 733 3140 805; baseline 0.003 -17"><span class='ocrx_word' id='word_1_358' title='bbox 2255 740 2312 788; x_wconf 92' lang='lat' dir='ltr'><strong>et</strong></span> <span class='ocrx_word' id='word_1_359' title='bbox 2336 733 2602 790; x_wconf 86' lang='lat' dir='ltr'><strong>mirabilia</strong></span> <span class='ocrx_word' id='word_1_360' title='bbox 2635 735 2841 805; x_wconf 85' lang='lat' dir='ltr'><strong>absque</strong></span> <span class='ocrx_word' id='word_1_361' title='bbox 2867 750 3094 790; x_wconf 90' lang='lat' dir='ltr'><strong>numero</strong></span> <span class='ocrx_word' id='word_1_362' title='bbox 3125 753 3140 791; x_wconf 92' lang='lat'><strong>:</strong></span> 
     </span>
    </p>
   </div>
   <div class='ocr_carea' id='block_1_69' title="bbox 2185 803 3310 879">
    <p class='ocr_par' dir='ltr' id='par_1_69' title="bbox 2185 803 3310 879">
     <span class='ocr_line' id='line_1_69' title="bbox 2185 803 3310 879; baseline 0.005 -21"><span class='ocrx_word' id='word_1_363' title='bbox 2185 803 2287 873; x_wconf 90' lang='lat' dir='ltr'><strong>Qui</strong></span> <span class='ocrx_word' id='word_1_364' title='bbox 2317 805 2678 879; x_wconf 81' lang='lat' dir='ltr'><strong>datpluviam</strong></span> <span class='ocrx_word' id='word_1_365' title='bbox 2707 803 2870 876; x_wconf 79' lang='lat' dir='ltr'><strong>super</strong></span> <span class='ocrx_word' id='word_1_366' title='bbox 2897 806 3094 864; x_wconf 84' lang='lat' dir='ltr'><strong>faciem</strong></span> <span class='ocrx_word' id='word_1_367' title='bbox 3125 817 3310 879; x_wconf 71' lang='lat' dir='ltr'><strong>terrm,</strong></span> 
     </span>
    </p>
   </div>
   <div class='ocr_carea' id='block_1_70' title="bbox 2259 877 3029 948">
    <p class='ocr_par' dir='ltr' id='par_1_70' title="bbox 2259 877 3029 948">
     <span class='ocr_line' id='line_1_70' title="bbox 2259 877 3029 948; baseline 0.003 -16"><span class='ocrx_word' id='word_1_368' title='bbox 2259 885 2315 932; x_wconf 90' lang='lat' dir='ltr'><strong>et</strong></span> <span class='ocrx_word' id='word_1_369' title='bbox 2339 877 2530 948; x_wconf 81' lang='lat' dir='ltr'><strong>irrigat</strong></span> <span class='ocrx_word' id='word_1_370' title='bbox 2553 877 2708 946; x_wconf 92' lang='lat' dir='ltr'><strong>aquis</strong></span> <span class='ocrx_word' id='word_1_371' title='bbox 2735 879 2986 948; x_wconf 90' lang='lat' dir='ltr'><strong>universa</strong></span> <span class='ocrx_word' id='word_1_372' title='bbox 3015 897 3029 934; x_wconf 89' lang='lat'><strong>:</strong></span> 
     </span>
    </p>
   </div>
   <div class='ocr_carea' id='block_1_71' title="bbox 2187 946 3082 1020">
    <p class='ocr_par' dir='ltr' id='par_1_71' title="bbox 2187 946 3082 1020">
     <span class='ocr_line' id='line_1_71' title="bbox 2187 946 3082 1020; baseline 0.004 -18"><span class='ocrx_word' id='word_1_373' title='bbox 2187 946 2290 1018; x_wconf 91' lang='lat' dir='ltr'><strong>Qui</strong></span> <span class='ocrx_word' id='word_1_374' title='bbox 2317 946 2472 1020; x_wconf 84' lang='lat' dir='ltr'><strong>ponit</strong></span> <span class='ocrx_word' id='word_1_375' title='bbox 2505 949 2737 1006; x_wconf 86' lang='lat' dir='ltr'><strong>humiles</strong></span> <span class='ocrx_word' id='word_1_376' title='bbox 2762 947 2816 1004; x_wconf 84' lang='lat' dir='ltr'><strong>in</strong></span> <span class='ocrx_word' id='word_1_377' title='bbox 2846 950 3082 1018; x_wconf 86' lang='lat' dir='ltr'><strong>sublimi,</strong></span> 
     </span>
    </p>
   </div>
   <div class='ocr_carea' id='block_1_72' title="bbox 2256 1022 3142 1093">
    <p class='ocr_par' dir='ltr' id='par_1_72' title="bbox 2256 1022 3142 1093">
     <span class='ocr_line' id='line_1_72' title="bbox 2256 1022 3142 1093; baseline 0.005 -17"><span class='ocrx_word' id='word_1_378' title='bbox 2256 1031 2316 1093; x_wconf 82' lang='lat' dir='ltr'><strong>et</strong></span> <span class='ocrx_word' id='word_1_379' title='bbox 2337 1031 2636 1093; x_wconf 57' lang='lat' dir='ltr'><strong>maerentes</strong></span> <span class='ocrx_word' id='word_1_380' title='bbox 2670 1022 2825 1092; x_wconf 83' lang='lat' dir='ltr'><strong>erigit</strong></span> <span class='ocrx_word' id='word_1_381' title='bbox 2849 1024 3142 1093; x_wconf 89' lang='lat' dir='ltr'><strong>sospitate:</strong></span> 
     </span>
    </p>
   </div>
   <div class='ocr_carea' id='block_1_73' title="bbox 2189 1091 3359 1168">
    <p class='ocr_par' dir='ltr' id='par_1_73' title="bbox 2189 1091 3359 1168">
     <span class='ocr_line' id='line_1_73' title="bbox 2189 1091 3359 1168; baseline 0.005 -22"><span class='ocrx_word' id='word_1_382' title='bbox 2189 1091 2292 1161; x_wconf 92' lang='lat' dir='ltr'><strong>Qui</strong></span> <span class='ocrx_word' id='word_1_383' title='bbox 2316 1091 2542 1168; x_wconf 87' lang='lat' dir='ltr'><strong>dissipat</strong></span> <span class='ocrx_word' id='word_1_384' title='bbox 2571 1091 2928 1168; x_wconf 73' lang='lat' dir='ltr'><strong>cogitationes</strong></span> <span class='ocrx_word' id='word_1_385' title='bbox 2946 1091 3320 1168; x_wconf 83' lang='lat' dir='ltr'><strong>malignorum</strong></span> <span class='ocrx_word' id='word_1_386' title='bbox 3343 1137 3359 1164; x_wconf 94' lang='lat'><strong>,</strong></span> 
     </span>
    </p>
   </div>
   <div class='ocr_carea' id='block_1_74' title="bbox 2264 1165 3801 1241">
    <p class='ocr_par' dir='ltr' id='par_1_74' title="bbox 2264 1165 3801 1241">
     <span class='ocr_line' id='line_1_74' title="bbox 2264 1165 3801 1241; baseline 0 -19"><span class='ocrx_word' id='word_1_387' title='bbox 2264 1169 2353 1241; x_wconf 70' lang='lat' dir='ltr'><strong>ue‘</strong></span> <span class='ocrx_word' id='word_1_388' title='bbox 2383 1167 2594 1241; x_wconf 85' lang='lat' dir='ltr'><strong>possint</strong></span> <span class='ocrx_word' id='word_1_389' title='bbox 2620 1165 2859 1241; x_wconf 76' lang='lat' dir='ltr'><strong>implere</strong></span> <span class='ocrx_word' id='word_1_390' title='bbox 2889 1165 3306 1241; x_wconf 58' lang='lat' dir='ltr'><strong>manus&#39;eorum</strong></span> <span class='ocrx_word' id='word_1_391' title='bbox 3331 1167 3476 1240; x_wconf 92' lang='lat' dir='ltr'><strong>quod</strong></span> <span class='ocrx_word' id='word_1_392' title='bbox 3504 1174 3801 1241; x_wconf 85' lang='lat' dir='ltr'><strong>ceperant.</strong></span> 
     </span>
    </p>
   </div>
   <div class='ocr_carea' id='block_1_75' title="bbox 2191 1236 3538 1312">
    <p class='ocr_par' dir='ltr' id='par_1_75' title="bbox 2191 1236 3538 1312">
     <span class='ocr_line' id='line_1_75' title="bbox 2191 1236 3538 1312; baseline 0.003 -21"><span class='ocrx_word' id='word_1_393' title='bbox 2191 1236 2295 1305; x_wconf 88' lang='lat' dir='ltr'><strong>Qui</strong></span> <span class='ocrx_word' id='word_1_394' title='bbox 2320 1236 2682 1312; x_wconf 79' lang='lat' dir='ltr'><strong>apprehendit</strong></span> <span class='ocrx_word' id='word_1_395' title='bbox 2710 1238 3065 1312; x_wconf 17' lang='lat' dir='ltr'><strong>sapienteslin</strong></span> <span class='ocrx_word' id='word_1_396' title='bbox 3091 1240 3286 1296; x_wconf 85' lang='lat' dir='ltr'><strong>astutia</strong></span> <span class='ocrx_word' id='word_1_397' title='bbox 3309 1236 3498 1297; x_wconf 79' lang='lat' dir='ltr'><strong>eorum</strong></span> <span class='ocrx_word' id='word_1_398' title='bbox 3524 1285 3538 1312; x_wconf 88' lang='lat'><strong>,</strong></span> 
     </span>
    </p>
   </div>
   <div class='ocr_carea' id='block_1_76' title="bbox 2267 1308 3246 1383">
    <p class='ocr_par' dir='ltr' id='par_1_76' title="bbox 2267 1308 3246 1383">
     <span class='ocr_line' id='line_1_76' title="bbox 2267 1308 3246 1383; baseline 0.002 -19"><span class='ocrx_word' id='word_1_399' title='bbox 2267 1317 2323 1364; x_wconf 90' lang='lat' dir='ltr'><strong>et</strong></span> <span class='ocrx_word' id='word_1_400' title='bbox 2343 1308 2634 1383; x_wconf 71' lang='lat' dir='ltr'><strong>consilium</strong></span> <span class='ocrx_word' id='word_1_401' title='bbox 2659 1323 2946 1378; x_wconf 87' lang='lat' dir='ltr'><strong>pravorum</strong></span> <span class='ocrx_word' id='word_1_402' title='bbox 2970 1311 3202 1383; x_wconf 89' lang='lat' dir='ltr'><strong>dissipat</strong></span> <span class='ocrx_word' id='word_1_403' title='bbox 3234 1330 3246 1366; x_wconf 93' lang='lat'>:</span> 
     </span>
    </p>
   </div>
   <div class='ocr_carea' id='block_1_77' title="bbox 2194 1379 3097 1447">
    <p class='ocr_par' dir='ltr' id='par_1_77' title="bbox 2194 1379 3097 1447">
     <span class='ocr_line' id='line_1_77' title="bbox 2194 1379 3097 1447; baseline 0.003 -11"><span class='ocrx_word' id='word_1_404' title='bbox 2194 1379 2302 1436; x_wconf 90' lang='lat' dir='ltr'><strong>Per</strong></span> <span class='ocrx_word' id='word_1_405' title='bbox 2330 1379 2473 1436; x_wconf 90' lang='lat' dir='ltr'><strong>diem</strong></span> <span class='ocrx_word' id='word_1_406' title='bbox 2505 1381 2785 1436; x_wconf 90' lang='lat' dir='ltr'><strong>incurrent</strong></span> <span class='ocrx_word' id='word_1_407' title='bbox 2811 1383 3097 1447; x_wconf 87' lang='lat' dir='ltr'><strong>tenebras.</strong></span> 
     </span>
    </p>
   </div>
   <div class='ocr_carea' id='block_1_78' title="bbox 2267 1452 3551 1523">
    <p class='ocr_par' dir='ltr' id='par_1_78' title="bbox 2267 1452 3551 1523">
     <span class='ocr_line' id='line_1_78' title="bbox 2267 1452 3551 1523; baseline 0.003 -17"><span class='ocrx_word' id='word_1_408' title='bbox 2267 1463 2319 1506; x_wconf 89' lang='lat' dir='ltr'><strong>et</strong></span> <span class='ocrx_word' id='word_1_409' title='bbox 2347 1453 2500 1523; x_wconf 85' lang='lat' dir='ltr'><strong>quasi</strong></span> <span class='ocrx_word' id='word_1_410' title='bbox 2527 1452 2578 1507; x_wconf 93' lang='lat' dir='ltr'><strong>in</strong></span> <span class='ocrx_word' id='word_1_411' title='bbox 2609 1463 2770 1509; x_wconf 81' lang='lat' dir='ltr'><strong>nocte</strong></span> <span class='ocrx_word' id='word_1_412' title='bbox 2799 1454 2878 1508; x_wconf 89' lang='lat' dir='ltr'><strong>sic</strong></span> <span class='ocrx_word' id='word_1_413' title='bbox 2903 1455 3198 1522; x_wconf 83' lang='lat' dir='ltr'><strong>palpabunt</strong></span> <span class='ocrx_word' id='word_1_414' title='bbox 3222 1454 3277 1511; x_wconf 92' lang='lat' dir='ltr'><strong>in</strong></span> <span class='ocrx_word' id='word_1_415' title='bbox 3301 1453 3551 1512; x_wconf 88' lang='lat' dir='ltr'><strong>meridie.</strong></span> 
     </span>
    </p>
   </div>
   <div class='ocr_carea' id='block_1_79' title="bbox 2197 1523 3807 1600">
    <p class='ocr_par' dir='ltr' id='par_1_79' title="bbox 2197 1523 3807 1600">
     <span class='ocr_line' id='line_1_79' title="bbox 2197 1523 3807 1600; baseline 0.001 -20"><span class='ocrx_word' id='word_1_416' title='bbox 2197 1523 2630 1600; x_wconf 85' lang='lat' dir='ltr'><strong>Porro_salvum_</strong></span> <span class='ocrx_word' id='word_1_417' title='bbox 2668 1523 2831 1600; x_wconf 77' lang='lat' dir='ltr'><strong>faciet</strong></span> <span class='ocrx_word' id='word_1_418' title='bbox 2869 1525 3057 1598; x_wconf 85' lang='lat' dir='ltr'><strong>[Vulg.</strong></span> <span class='ocrx_word' id='word_1_419' title='bbox 3102 1529 3414 1584; x_wconf 79' lang='lat' dir='ltr'><strong>interserunt</strong></span> <span class='ocrx_word' id='word_1_420' title='bbox 3455 1523 3731 1600; x_wconf 67' lang='lat' dir='ltr'><strong>egenum]</strong></span> <span class='ocrx_word' id='word_1_421' title='bbox 3773 1539 3807 1582; x_wconf 83' lang='lat' dir='ltr'><strong>a</strong></span> 
     </span>
    </p>
   </div>
   <div class='ocr_carea' id='block_1_80' title="bbox 2344 1595 2970 1666">
    <p class='ocr_par' dir='ltr' id='par_1_80' title="bbox 2344 1595 2970 1666">
     <span class='ocr_line' id='line_1_80' title="bbox 2344 1595 2970 1666; baseline 0.006 -17"><span class='ocrx_word' id='word_1_422' title='bbox 2344 1595 2527 1666; x_wconf 89' lang='lat' dir='ltr'><strong>gladio</strong></span> <span class='ocrx_word' id='word_1_423' title='bbox 2552 1597 2665 1652; x_wconf 91' lang='lat' dir='ltr'><strong>oris</strong></span> <span class='ocrx_word' id='word_1_424' title='bbox 2686 1595 2714 1634; x_wconf 70' lang='grc' dir='ltr'><strong>ι)</strong></span> <span class='ocrx_word' id='word_1_425' title='bbox 2743 1595 2934 1653; x_wconf 86' lang='lat' dir='ltr'><strong>eorum</strong></span> <span class='ocrx_word' id='word_1_426' title='bbox 2955 1641 2970 1665; x_wconf 97' lang='lat'><strong>,</strong></span> 
     </span>
    </p>
   </div>
   <div class='ocr_carea' id='block_1_81' title="bbox 2271 1667 3225 1742">
    <p class='ocr_par' dir='ltr' id='par_1_81' title="bbox 2271 1667 3225 1742">
     <span class='ocr_line' id='line_1_81' title="bbox 2271 1667 3225 1742; baseline 0.005 -20"><span class='ocrx_word' id='word_1_427' title='bbox 2271 1677 2327 1722; x_wconf 90' lang='lat' dir='ltr'><strong>et</strong></span> <span class='ocrx_word' id='word_1_428' title='bbox 2357 1667 2426 1742; x_wconf 86' lang='lat' dir='ltr'><strong>de</strong></span> <span class='ocrx_word' id='word_1_429' title='bbox 2457 1683 2618 1723; x_wconf 90' lang='lat' dir='ltr'><strong>manu</strong></span> <span class='ocrx_word' id='word_1_430' title='bbox 2649 1667 2875 1725; x_wconf 81' lang='lat' dir='ltr'><strong>violenti</strong></span> <span class='ocrx_word' id='word_1_431' title='bbox 2905 1683 3225 1742; x_wconf 90' lang='lat' dir='ltr'><strong>pauperem.</strong></span> 
     </span>
    </p>
   </div>
   <div class='ocr_carea' id='block_1_82' title="bbox 2125 1737 2786 1826">
    <p class='ocr_par' dir='ltr' id='par_1_82' title="bbox 2125 1737 2786 1826">
     <span class='ocr_line' id='line_1_82' title="bbox 2125 1737 2786 1826; baseline -0.002 -32"><span class='ocrx_word' id='word_1_432' title='bbox 2125 1762 2176 1826; x_wconf 72' lang='grc' dir='ltr'><strong><em>Β</em></strong></span> <span class='ocrx_word' id='word_1_433' title='bbox 2204 1737 2404 1823; x_wconf 41' lang='lat' dir='ltr'><strong>Egerit</strong></span> <span class='ocrx_word' id='word_1_434' title='bbox 2430 1755 2604 1826; x_wconf 70' lang='lat' dir='ltr'><strong>egeno</strong></span> <span class='ocrx_word' id='word_1_435' title='bbox 2634 1754 2786 1826; x_wconf 83' lang='lat' dir='ltr'><strong>spes,</strong></span> 
     </span>
    </p>
   </div>
   <div class='ocr_carea' id='block_1_83' title="bbox 2276 1811 3362 1882">
    <p class='ocr_par' dir='ltr' id='par_1_83' title="bbox 2276 1811 3362 1882">
     <span class='ocr_line' id='line_1_83' title="bbox 2276 1811 3362 1882; baseline 0.006 -16"><span class='ocrx_word' id='word_1_436' title='bbox 2276 1811 2533 1882; x_wconf 89' lang='lat' dir='ltr'><strong>iniquitas</strong></span> <span class='ocrx_word' id='word_1_437' title='bbox 2563 1821 2743 1867; x_wconf 89' lang='lat' dir='ltr'><strong>autem</strong></span> <span class='ocrx_word' id='word_1_438' title='bbox 2770 1813 3057 1871; x_wconf 89' lang='lat' dir='ltr'><strong>contrahet</strong></span> <span class='ocrx_word' id='word_1_439' title='bbox 3085 1829 3148 1871; x_wconf 90' lang='lat' dir='ltr'><strong>os</strong></span> <span class='ocrx_word' id='word_1_440' title='bbox 3181 1829 3362 1872; x_wconf 91' lang='lat' dir='ltr'><strong>suum.</strong></span> 
     </span>
    </p>
   </div>
   <div class='ocr_carea' id='block_1_84' title="bbox 2203 1881 3309 1956">
    <p class='ocr_par' dir='ltr' id='par_1_84' title="bbox 2203 1881 3309 1956">
     <span class='ocr_line' id='line_1_84' title="bbox 2203 1881 3309 1956; baseline 0.005 -18"><span class='ocrx_word' id='word_1_441' title='bbox 2203 1881 2402 1956; x_wconf 81' lang='lat' dir='ltr'><strong>Beatus</strong></span> <span class='ocrx_word' id='word_1_442' title='bbox 2433 1885 2628 1956; x_wconf 88' lang='lat' dir='ltr'><strong>homo,</strong></span> <span class='ocrx_word' id='word_1_443' title='bbox 2652 1884 2742 1955; x_wconf 90' lang='lat' dir='ltr'><strong>qui</strong></span> <span class='ocrx_word' id='word_1_444' title='bbox 2772 1887 3067 1956; x_wconf 83' lang='lat' dir='ltr'><strong>corripitur</strong></span> <span class='ocrx_word' id='word_1_445' title='bbox 3091 1902 3120 1940; x_wconf 91' lang='lat' dir='ltr'><strong>a</strong></span> <span class='ocrx_word' id='word_1_446' title='bbox 3150 1887 3260 1944; x_wconf 87' lang='lat' dir='ltr'><strong>Deo</strong></span> <span class='ocrx_word' id='word_1_447' title='bbox 3294 1905 3309 1943; x_wconf 89' lang='lat'><strong>:</strong></span> 
     </span>
    </p>
   </div>
   <div class='ocr_carea' id='block_1_85' title="bbox 2275 1955 3530 2032">
    <p class='ocr_par' dir='ltr' id='par_1_85' title="bbox 2275 1955 3530 2032">
     <span class='ocr_line' id='line_1_85' title="bbox 2275 1955 3530 2032; baseline 0.005 -23"><span class='ocrx_word' id='word_1_448' title='bbox 2275 1955 2704 2032; x_wconf 78' lang='lat' dir='ltr'><strong>increpationem</strong></span> <span class='ocrx_word' id='word_1_449' title='bbox 2727 1971 2858 2029; x_wconf 89' lang='lat' dir='ltr'><strong>ergo</strong></span> <span class='ocrx_word' id='word_1_450' title='bbox 2891 1955 3102 2032; x_wconf 85' lang='lat' dir='ltr'><strong>Domini</strong></span> <span class='ocrx_word' id='word_1_451' title='bbox 3130 1974 3201 2015; x_wconf 92' lang='lat' dir='ltr'><strong>ne</strong></span> <span class='ocrx_word' id='word_1_452' title='bbox 3223 1959 3486 2032; x_wconf 85' lang='lat' dir='ltr'><strong>reprobes</strong></span> <span class='ocrx_word' id='word_1_453' title='bbox 3516 1977 3530 2015; x_wconf 91' lang='lat'>:</span> 
     </span>
    </p>
   </div>
   <div class='ocr_carea' id='block_1_86' title="bbox 2201 2026 3190 2098">
    <p class='ocr_par' dir='ltr' id='par_1_86' title="bbox 2201 2026 3190 2098">
     <span class='ocr_line' id='line_1_86' title="bbox 2201 2026 3190 2098; baseline 0.003 -17"><span class='ocrx_word' id='word_1_454' title='bbox 2201 2026 2340 2095; x_wconf 88' lang='lat' dir='ltr'><strong>Quia</strong></span> <span class='ocrx_word' id='word_1_455' title='bbox 2367 2027 2483 2098; x_wconf 89' lang='lat' dir='ltr'><strong>ipse</strong></span> <span class='ocrx_word' id='word_1_456' title='bbox 2515 2026 2880 2095; x_wconf 53' lang='lat' dir='ltr'><strong>vulnerat,&#39;et</strong></span> <span class='ocrx_word' id='word_1_457' title='bbox 2904 2029 3151 2086; x_wconf 88' lang='lat' dir='ltr'><strong>medetur</strong></span> <span class='ocrx_word' id='word_1_458' title='bbox 3177 2048 3190 2084; x_wconf 92' lang='lat'><strong>:</strong></span> 
     </span>
    </p>
   </div>
   <div class='ocr_carea' id='block_1_87' title="bbox 2273 2099 3314 2184">
    <p class='ocr_par' dir='ltr' id='par_1_87' title="bbox 2273 2099 3314 2184">
     <span class='ocr_line' id='line_1_87' title="bbox 2273 2099 3314 2184; baseline 0.005 -30"><span class='ocrx_word' id='word_1_459' title='bbox 2273 2099 2542 2184; x_wconf 71' lang='lat' dir='ltr'><strong>percutit,</strong></span> <span class='ocrx_word' id='word_1_460' title='bbox 2570 2107 2852 2184; x_wconf 66' lang='lat' dir='ltr'><strong>etmanus</strong></span> <span class='ocrx_word' id='word_1_461' title='bbox 2878 2101 2996 2184; x_wconf 75' lang='lat' dir='ltr'><strong>ejus</strong></span> <span class='ocrx_word' id='word_1_462' title='bbox 3019 2102 3314 2184; x_wconf 75' lang='lat' dir='ltr'><strong>sanabunt.</strong></span> 
     </span>
    </p>
   </div>
   <div class='ocr_carea' id='block_1_88' title="bbox 2202 2168 3256 2240">
    <p class='ocr_par' dir='ltr' id='par_1_88' title="bbox 2202 2168 3256 2240">
     <span class='ocr_line' id='line_1_88' title="bbox 2202 2168 3256 2240; baseline 0.003 -15"><span class='ocrx_word' id='word_1_463' title='bbox 2202 2168 2262 2226; x_wconf 89' lang='lat' dir='ltr'><strong>In</strong></span> <span class='ocrx_word' id='word_1_464' title='bbox 2281 2168 2386 2225; x_wconf 78' lang='lat' dir='ltr'><strong>sex</strong></span> <span class='ocrx_word' id='word_1_465' title='bbox 2416 2168 2860 2228; x_wconf 89' lang='lat' dir='ltr'><strong>tribulationibus</strong></span> <span class='ocrx_word' id='word_1_466' title='bbox 2889 2168 3141 2230; x_wconf 88' lang='lat' dir='ltr'><strong>liberabit</strong></span> <span class='ocrx_word' id='word_1_467' title='bbox 3170 2181 3256 2240; x_wconf 87' lang='lat' dir='ltr'><strong>te,</strong></span> 
     </span>
    </p>
   </div>
   <div class='ocr_carea' id='block_1_89' title="bbox 2275 2240 3341 2315">
    <p class='ocr_par' dir='ltr' id='par_1_89' title="bbox 2275 2240 3341 2315">
     <span class='ocr_line' id='line_1_89' title="bbox 2275 2240 3341 2315; baseline 0.007 -20"><span class='ocrx_word' id='word_1_468' title='bbox 2275 2252 2330 2315; x_wconf 77' lang='lat' dir='ltr'><strong>et</strong></span> <span class='ocrx_word' id='word_1_469' title='bbox 2349 2240 2404 2297; x_wconf 92' lang='lat' dir='ltr'><strong>in</strong></span> <span class='ocrx_word' id='word_1_470' title='bbox 2427 2243 2658 2313; x_wconf 90' lang='lat' dir='ltr'><strong>septima</strong></span> <span class='ocrx_word' id='word_1_471' title='bbox 2687 2258 2797 2315; x_wconf 88' lang='lat' dir='ltr'><strong>non</strong></span> <span class='ocrx_word' id='word_1_472' title='bbox 2825 2253 3012 2315; x_wconf 83' lang='lat' dir='ltr'><strong>tanget</strong></span> <span class='ocrx_word' id='word_1_473' title='bbox 3039 2255 3091 2301; x_wconf 93' lang='lat' dir='ltr'><strong>te</strong></span> <span class='ocrx_word' id='word_1_474' title='bbox 3113 2245 3341 2302; x_wconf 85' lang='lat' dir='ltr'><strong>malum.</strong></span> 
     </span>
    </p>
   </div>
   <div class='ocr_carea' id='block_1_90' title="bbox 2205 2311 3073 2385">
    <p class='ocr_par' dir='ltr' id='par_1_90' title="bbox 2205 2311 3073 2385">
     <span class='ocr_line' id='line_1_90' title="bbox 2205 2311 3073 2385; baseline 0.002 -17"><span class='ocrx_word' id='word_1_475' title='bbox 2205 2313 2264 2369; x_wconf 93' lang='lat' dir='ltr'><strong>In</strong></span> <span class='ocrx_word' id='word_1_476' title='bbox 2291 2311 2617 2385; x_wconf 79' lang='lat' dir='ltr'><strong>fameeruet</strong></span> <span class='ocrx_word' id='word_1_477' title='bbox 2641 2324 2692 2370; x_wconf 91' lang='lat' dir='ltr'><strong>te</strong></span> <span class='ocrx_word' id='word_1_478' title='bbox 2721 2325 2744 2353; x_wconf 73' lang='grc' dir='ltr'><strong>ο</strong></span> <span class='ocrx_word' id='word_1_479' title='bbox 2768 2314 2837 2372; x_wconf 89' lang='lat' dir='ltr'><strong>de</strong></span> <span class='ocrx_word' id='word_1_480' title='bbox 2867 2311 3073 2385; x_wconf 80' lang='lat' dir='ltr'><strong>morte,</strong></span> 
     </span>
    </p>
   </div>
   <div class='ocr_carea' id='block_1_91' title="bbox 2275 2384 3085 2459">
    <p class='ocr_par' dir='ltr' id='par_1_91' title="bbox 2275 2384 3085 2459">
     <span class='ocr_line' id='line_1_91' title="bbox 2275 2384 3085 2459; baseline 0.004 -19"><span class='ocrx_word' id='word_1_481' title='bbox 2275 2393 2331 2459; x_wconf 80' lang='lat' dir='ltr'><strong>et</strong></span> <span class='ocrx_word' id='word_1_482' title='bbox 2357 2384 2584 2459; x_wconf 79' lang='lat' dir='ltr'><strong>inbelle</strong></span> <span class='ocrx_word' id='word_1_483' title='bbox 2608 2385 2678 2441; x_wconf 92' lang='lat' dir='ltr'><strong>de</strong></span> <span class='ocrx_word' id='word_1_484' title='bbox 2707 2403 2871 2442; x_wconf 89' lang='lat' dir='ltr'><strong>manu</strong></span> <span class='ocrx_word' id='word_1_485' title='bbox 2895 2384 3085 2459; x_wconf 87' lang='lat' dir='ltr'><strong>gladii.</strong></span> 
     </span>
    </p>
   </div>
   <div class='ocr_carea' id='block_1_92' title="bbox 2205 2455 3113 2529">
    <p class='ocr_par' dir='ltr' id='par_1_92' title="bbox 2205 2455 3113 2529">
     <span class='ocr_line' id='line_1_92' title="bbox 2205 2455 3113 2529; baseline 0.002 -16"><span class='ocrx_word' id='word_1_486' title='bbox 2205 2455 2254 2513; x_wconf 76' lang='grc' dir='ltr'><strong>Α</strong></span> <span class='ocrx_word' id='word_1_487' title='bbox 2275 2456 2489 2528; x_wconf 82' lang='lat' dir='ltr'><strong>ﬂagello</strong></span> <span class='ocrx_word' id='word_1_488' title='bbox 2511 2457 2708 2529; x_wconf 62' lang='lat' dir='ltr'><strong>linguae</strong></span> <span class='ocrx_word' id='word_1_489' title='bbox 2735 2455 3113 2527; x_wconf 76' lang='lat' dir='ltr'><strong>absconderis,</strong></span> 
     </span>
    </p>
   </div>
   <div class='ocr_carea' id='block_1_93' title="bbox 2277 2529 3503 2590">
    <p class='ocr_par' dir='ltr' id='par_1_93' title="bbox 2277 2529 3503 2590">
     <span class='ocr_line' id='line_1_93' title="bbox 2277 2529 3503 2590; baseline 0.004 -7"><span class='ocrx_word' id='word_1_490' title='bbox 2277 2538 2332 2583; x_wconf 88' lang='lat' dir='ltr'><strong>et</strong></span> <span class='ocrx_word' id='word_1_491' title='bbox 2357 2545 2464 2583; x_wconf 88' lang='lat' dir='ltr'><strong>non</strong></span> <span class='ocrx_word' id='word_1_492' title='bbox 2498 2529 2711 2584; x_wconf 90' lang='lat' dir='ltr'><strong>timebis</strong></span> <span class='ocrx_word' id='word_1_493' title='bbox 2731 2530 3097 2587; x_wconf 88' lang='lat' dir='ltr'><strong>calamitatem</strong></span> <span class='ocrx_word' id='word_1_494' title='bbox 3123 2545 3245 2588; x_wconf 93' lang='lat' dir='ltr'><strong>cum</strong></span> <span class='ocrx_word' id='word_1_495' title='bbox 3271 2531 3503 2590; x_wconf 86' lang='lat' dir='ltr'><strong>venerit.</strong></span> 
     </span>
    </p>
   </div>
   <div class='ocr_carea' id='block_1_94' title="bbox 2205 2598 3063 2668">
    <p class='ocr_par' dir='ltr' id='par_1_94' title="bbox 2205 2598 3063 2668">
     <span class='ocr_line' id='line_1_94' title="bbox 2205 2598 3063 2668; baseline 0 -13"><span class='ocrx_word' id='word_1_496' title='bbox 2205 2598 2266 2655; x_wconf 82' lang='lat' dir='ltr'><strong>In</strong></span> <span class='ocrx_word' id='word_1_497' title='bbox 2294 2601 2547 2656; x_wconf 88' lang='lat' dir='ltr'><strong>vastitate</strong></span> <span class='ocrx_word' id='word_1_498' title='bbox 2573 2609 2629 2654; x_wconf 89' lang='lat' dir='ltr'><strong>et</strong></span> <span class='ocrx_word' id='word_1_499' title='bbox 2657 2599 2800 2656; x_wconf 90' lang='lat' dir='ltr'><strong>fame</strong></span> <span class='ocrx_word' id='word_1_500' title='bbox 2829 2601 3063 2668; x_wconf 89' lang='lat' dir='ltr'><strong>ridebis,</strong></span> 
     </span>
    </p>
   </div>
   <div class='ocr_carea' id='block_1_95' title="bbox 2279 2671 3665 2746">
    <p class='ocr_par' dir='ltr' id='par_1_95' title="bbox 2279 2671 3665 2746">
     <span class='ocr_line' id='line_1_95' title="bbox 2279 2671 3665 2746; baseline 0.002 -21"><span class='ocrx_word' id='word_1_501' title='bbox 2279 2679 2336 2746; x_wconf 84' lang='lat' dir='ltr'><strong>e_t</strong></span> <span class='ocrx_word' id='word_1_502' title='bbox 2361 2671 2566 2746; x_wconf 85' lang='lat' dir='ltr'><strong>bestias</strong></span> <span class='ocrx_word' id='word_1_503' title='bbox 2582 2671 2701 2746; x_wconf 57' lang='grc' dir='ltr'><strong>[ᾼι.</strong></span> <span class='ocrx_word' id='word_1_504' title='bbox 2726 2672 2975 2746; x_wconf 90' lang='lat' dir='ltr'><strong>bestiam]</strong></span> <span class='ocrx_word' id='word_1_505' title='bbox 3002 2683 3162 2731; x_wconf 75' lang='lat' dir='ltr'><strong>terra:</strong></span> <span class='ocrx_word' id='word_1_506' title='bbox 3182 2690 3291 2731; x_wconf 91' lang='lat' dir='ltr'><strong>non</strong></span> <span class='ocrx_word' id='word_1_507' title='bbox 3324 2672 3665 2731; x_wconf 89' lang='lat' dir='ltr'><strong>formidabis.</strong></span> 
     </span>
    </p>
   </div>
   <div class='ocr_carea' id='block_1_96' title="bbox 2209 2741 3518 2817">
    <p class='ocr_par' dir='ltr' id='par_1_96' title="bbox 2209 2741 3518 2817">
     <span class='ocr_line' id='line_1_96' title="bbox 2209 2741 3518 2817; baseline 0.002 -16"><span class='ocrx_word' id='word_1_508' title='bbox 2209 2741 2316 2801; x_wconf 90' lang='lat' dir='ltr'><strong>Sed</strong></span> <span class='ocrx_word' id='word_1_509' title='bbox 2338 2758 2461 2817; x_wconf 80' lang='lat' dir='ltr'><strong>eum</strong></span> <span class='ocrx_word' id='word_1_510' title='bbox 2486 2741 2753 2817; x_wconf 78' lang='lat' dir='ltr'><strong>lapidibus</strong></span> <span class='ocrx_word' id='word_1_511' title='bbox 2774 2741 3054 2816; x_wconf 75' lang='lat' dir='ltr'><strong>regionum</strong></span> <span class='ocrx_word' id='word_1_512' title='bbox 3087 2759 3302 2817; x_wconf 88' lang='lat' dir='ltr'><strong>pactum</strong></span> <span class='ocrx_word' id='word_1_513' title='bbox 3333 2756 3518 2814; x_wconf 85' lang='lat' dir='ltr'><strong>tuum,</strong></span> 
     </span>
    </p>
   </div>
   <div class='ocr_carea' id='block_1_97' title="bbox 2281 2813 3456 2886">
    <p class='ocr_par' dir='ltr' id='par_1_97' title="bbox 2281 2813 3456 2886">
     <span class='ocr_line' id='line_1_97' title="bbox 2281 2813 3456 2886; baseline 0.003 -16"><span class='ocrx_word' id='word_1_514' title='bbox 2281 2823 2338 2870; x_wconf 88' lang='lat' dir='ltr'><strong>et</strong></span> <span class='ocrx_word' id='word_1_515' title='bbox 2363 2813 2553 2870; x_wconf 67' lang='lat' dir='ltr'><strong>bestiae</strong></span> <span class='ocrx_word' id='word_1_516' title='bbox 2587 2826 2744 2870; x_wconf 73' lang='lat' dir='ltr'><strong>terra:</strong></span> <span class='ocrx_word' id='word_1_517' title='bbox 2766 2813 3003 2886; x_wconf 72' lang='lat' dir='ltr'><strong>paéiﬁcze</strong></span> <span class='ocrx_word' id='word_1_518' title='bbox 3026 2813 3191 2873; x_wconf 81' lang='lat' dir='ltr'><strong>erunt</strong></span> <span class='ocrx_word' id='word_1_519' title='bbox 3218 2819 3336 2874; x_wconf 90' lang='lat' dir='ltr'><strong>tibi.</strong></span> <span class='ocrx_word' id='word_1_520' title='bbox 3445 2827 3456 2833; x_wconf 87' lang='lat'><strong><em>‘</em></strong></span> 
     </span>
    </p>
   </div>
   <div class='ocr_carea' id='block_1_98' title="bbox 2211 2886 3709 2955">
    <p class='ocr_par' dir='ltr' id='par_1_98' title="bbox 2211 2886 3709 2955">
     <span class='ocr_line' id='line_1_98' title="bbox 2211 2886 3709 2955; baseline -0.001 -11"><span class='ocrx_word' id='word_1_521' title='bbox 2211 2886 2278 2944; x_wconf 85' lang='lat' dir='ltr'><strong>Et</strong></span> <span class='ocrx_word' id='word_1_522' title='bbox 2307 2886 2449 2941; x_wconf 87' lang='lat' dir='ltr'><strong>scies</strong></span> <span class='ocrx_word' id='word_1_523' title='bbox 2481 2887 2622 2954; x_wconf 90' lang='lat' dir='ltr'><strong>quod</strong></span> <span class='ocrx_word' id='word_1_524' title='bbox 2648 2902 2833 2955; x_wconf 87' lang='lat' dir='ltr'><strong>pacem</strong></span> <span class='ocrx_word' id='word_1_525' title='bbox 2860 2889 3054 2944; x_wconf 88' lang='lat' dir='ltr'><strong>habeat</strong></span> <span class='ocrx_word' id='word_1_526' title='bbox 3075 2890 3488 2947; x_wconf 89' lang='lat' dir='ltr'><strong>tabernaculum</strong></span> <span class='ocrx_word' id='word_1_527' title='bbox 3519 2895 3668 2943; x_wconf 91' lang='lat' dir='ltr'><strong>tuum</strong></span> <span class='ocrx_word' id='word_1_528' title='bbox 3689 2926 3709 2953; x_wconf 88' lang='lat'><strong>,</strong></span> 
     </span>
    </p>
   </div>
   <div class='ocr_carea' id='block_1_99' title="bbox 2281 2956 3845 3034">
    <p class='ocr_par' dir='ltr' id='par_1_99' title="bbox 2281 2956 3845 3034">
     <span class='ocr_line' id='line_1_99' title="bbox 2281 2956 3845 3034; baseline 0.004 -24"><span class='ocrx_word' id='word_1_529' title='bbox 2281 2967 2337 3034; x_wconf 77' lang='lat' dir='ltr'><strong>et</strong></span> <span class='ocrx_word' id='word_1_530' title='bbox 2359 2956 2585 3013; x_wconf 85' lang='lat' dir='ltr'><strong>visitans</strong></span> <span class='ocrx_word' id='word_1_531' title='bbox 2607 2961 2846 3034; x_wconf 86' lang='lat' dir='ltr'><strong>speciem</strong></span> <span class='ocrx_word' id='word_1_532' title='bbox 2872 2968 3019 3015; x_wconf 90' lang='lat' dir='ltr'><strong>tuam</strong></span> <span class='ocrx_word' id='word_1_533' title='bbox 3036 3005 3065 3034; x_wconf 14' lang='grc' dir='ltr'><strong>,ί</strong></span> <span class='ocrx_word' id='word_1_534' title='bbox 3081 2977 3186 3016; x_wconf 92' lang='lat' dir='ltr'><strong>non</strong></span> <span class='ocrx_word' id='word_1_535' title='bbox 3205 2963 3482 3034; x_wconf 84' lang='lat' dir='ltr'><strong>peccabis.</strong></span> <span class='ocrx_word' id='word_1_536' title='bbox 3840 2997 3845 3003; x_wconf 65' lang='grc' dir='ltr'><em>ι</em></span> 
     </span>
    </p>
   </div>
   <div class='ocr_carea' id='block_1_100' title="bbox 2209 3029 3806 3104">
    <p class='ocr_par' dir='ltr' id='par_1_100' title="bbox 2209 3029 3806 3104">
     <span class='ocr_line' id='line_1_100' title="bbox 2209 3029 3806 3104; baseline -0.001 -17"><span class='ocrx_word' id='word_1_537' title='bbox 2209 3029 2366 3087; x_wconf 88' lang='lat' dir='ltr'><strong>Scies</strong></span> <span class='ocrx_word' id='word_1_538' title='bbox 2403 3044 2620 3104; x_wconf 89' lang='lat' dir='ltr'><strong>quoque</strong></span> <span class='ocrx_word' id='word_1_539' title='bbox 2660 3032 2916 3097; x_wconf 88' lang='lat' dir='ltr'><strong>quoniam</strong></span> <span class='ocrx_word' id='word_1_540' title='bbox 2940 3029 3238 3104; x_wconf 69' lang='lat' dir='ltr'><strong>multiplex</strong></span> <span class='ocrx_word' id='word_1_541' title='bbox 3269 3035 3374 3090; x_wconf 89' lang='lat' dir='ltr'><strong>erit</strong></span> <span class='ocrx_word' id='word_1_542' title='bbox 3410 3046 3598 3089; x_wconf 86' lang='lat' dir='ltr'><strong>semen</strong></span> <span class='ocrx_word' id='word_1_543' title='bbox 3628 3040 3806 3098; x_wconf 85' lang='lat' dir='ltr'><strong>tuum,</strong></span> 
     </span>
    </p>
   </div>
   <div class='ocr_carea' id='block_1_101' title="bbox 2285 3101 3420 3174">
    <p class='ocr_par' dir='ltr' id='par_1_101' title="bbox 2285 3101 3420 3174">
     <span class='ocr_line' id='line_1_101' title="bbox 2285 3101 3420 3174; baseline 0.005 -19"><span class='ocrx_word' id='word_1_544' title='bbox 2285 3110 2340 3155; x_wconf 90' lang='lat' dir='ltr'><strong>et</strong></span> <span class='ocrx_word' id='word_1_545' title='bbox 2365 3101 2656 3174; x_wconf 84' lang='lat' dir='ltr'><strong>progenies</strong></span> <span class='ocrx_word' id='word_1_546' title='bbox 2677 3111 2775 3174; x_wconf 83' lang='lat' dir='ltr'><strong>tua</strong></span> <span class='ocrx_word' id='word_1_547' title='bbox 2797 3103 2951 3174; x_wconf 88' lang='lat' dir='ltr'><strong>quasi</strong></span> <span class='ocrx_word' id='word_1_548' title='bbox 2981 3101 3011 3140; x_wconf 72' lang='grc' dir='ltr'><strong>εί</strong></span> <span class='ocrx_word' id='word_1_549' title='bbox 3040 3101 3204 3160; x_wconf 78' lang='lat' dir='ltr'><strong>herba</strong></span> <span class='ocrx_word' id='word_1_550' title='bbox 3237 3114 3420 3160; x_wconf 65' lang='lat' dir='ltr'><strong>terrai.</strong></span> 
     </span>
    </p>
   </div>
   <div class='ocr_carea' id='block_1_102' title="bbox 2134 3159 3337 3245">
    <p class='ocr_par' dir='ltr' id='par_1_102' title="bbox 2134 3159 3337 3245">
     <span class='ocr_line' id='line_1_102' title="bbox 2134 3159 3337 3245; baseline 0.007 -21"><span class='ocrx_word' id='word_1_551' title='bbox 2134 3159 2181 3224; x_wconf 89' lang='lat' dir='ltr'><strong><em>C</em></strong></span> <span class='ocrx_word' id='word_1_552' title='bbox 2213 3159 2542 3245; x_wconf 53' lang='lat' dir='ltr'><strong>Ingre&#39;dier&#39;is</strong></span> <span class='ocrx_word' id='word_1_553' title='bbox 2567 3173 2618 3228; x_wconf 93' lang='lat' dir='ltr'><strong>in</strong></span> <span class='ocrx_word' id='word_1_554' title='bbox 2641 3159 2970 3228; x_wconf 74' lang='lat' dir='ltr'><strong>abundantia</strong></span> <span class='ocrx_word' id='word_1_555' title='bbox 2991 3159 3337 3245; x_wconf 80' lang='lat' dir='ltr'><strong>sepulcrum,</strong></span> 
     </span>
    </p>
   </div>
   <div class='ocr_carea' id='block_1_103' title="bbox 2283 3243 3506 3317">
    <p class='ocr_par' dir='ltr' id='par_1_103' title="bbox 2283 3243 3506 3317">
     <span class='ocr_line' id='line_1_103' title="bbox 2283 3243 3506 3317; baseline 0.004 -21"><span class='ocrx_word' id='word_1_556' title='bbox 2283 3243 2939 3317; x_wconf 24' lang='lat' dir='ltr'><strong>sicutinferturlacervus</strong></span> <span class='ocrx_word' id='word_1_557' title='bbox 2971 3256 2995 3284; x_wconf 80' lang='grc' dir='ltr'><strong><em>ο</em></strong></span> <span class='ocrx_word' id='word_1_558' title='bbox 3024 3243 3078 3301; x_wconf 85' lang='lat' dir='ltr'><strong>in</strong></span> <span class='ocrx_word' id='word_1_559' title='bbox 3113 3257 3360 3317; x_wconf 90' lang='lat' dir='ltr'><strong>tempore</strong></span> <span class='ocrx_word' id='word_1_560' title='bbox 3384 3261 3506 3303; x_wconf 90' lang='lat' dir='ltr'><strong>suo.</strong></span> 
     </span>
    </p>
   </div>
   <div class='ocr_carea' id='block_1_104' title="bbox 2214 3313 3432 3386">
    <p class='ocr_par' dir='ltr' id='par_1_104' title="bbox 2214 3313 3432 3386">
     <span class='ocr_line' id='line_1_104' title="bbox 2214 3313 3432 3386; baseline 0.002 -16"><span class='ocrx_word' id='word_1_561' title='bbox 2214 3313 2356 3371; x_wconf 88' lang='lat' dir='ltr'><strong>Ecce</strong></span> <span class='ocrx_word' id='word_1_562' title='bbox 2381 3354 2396 3381; x_wconf 93' lang='lat'><strong>,</strong></span> <span class='ocrx_word' id='word_1_563' title='bbox 2420 3313 2561 3386; x_wconf 87' lang='lat' dir='ltr'><strong>hoc,</strong></span> <span class='ocrx_word' id='word_1_564' title='bbox 2595 3324 2653 3369; x_wconf 93' lang='lat' dir='ltr'><strong>ut</strong></span> <span class='ocrx_word' id='word_1_565' title='bbox 2681 3315 3166 3386; x_wconf 85' lang='lat' dir='ltr'><strong>investigavimus,</strong></span> <span class='ocrx_word' id='word_1_566' title='bbox 3197 3313 3270 3374; x_wconf 77' lang='lat' dir='ltr'><strong>ita</strong></span> <span class='ocrx_word' id='word_1_567' title='bbox 3298 3329 3382 3375; x_wconf 89' lang='lat' dir='ltr'><strong>est</strong></span> <span class='ocrx_word' id='word_1_568' title='bbox 3416 3335 3432 3373; x_wconf 89' lang='lat'><strong>:</strong></span> 
     </span>
    </p>
   </div>
   <div class='ocr_carea' id='block_1_105' title="bbox 2284 3385 3269 3460">
    <p class='ocr_par' dir='ltr' id='par_1_105' title="bbox 2284 3385 3269 3460">
     <span class='ocr_line' id='line_1_105' title="bbox 2284 3385 3269 3460; baseline 0.005 -20"><span class='ocrx_word' id='word_1_569' title='bbox 2284 3385 2431 3457; x_wconf 92' lang='lat' dir='ltr'><strong>quod</strong></span> <span class='ocrx_word' id='word_1_570' title='bbox 2461 3386 2731 3457; x_wconf 85' lang='lat' dir='ltr'><strong>auditum,</strong></span> <span class='ocrx_word' id='word_1_571' title='bbox 2763 3385 2943 3444; x_wconf 81' lang='lat' dir='ltr'><strong>mente</strong></span> <span class='ocrx_word' id='word_1_572' title='bbox 2975 3397 3269 3460; x_wconf 88' lang='lat' dir='ltr'><strong>pertracta.</strong></span> 
     </span>
    </p>
   </div>
   <div class='ocr_carea' id='block_1_106' title="bbox 2533 3516 3446 3571">
    <p class='ocr_par' dir='ltr' id='par_1_106' title="bbox 2533 3516 3446 3571">
     <span class='ocr_line' id='line_1_106' title="bbox 2533 3516 3446 3571; baseline 0 -13"><span class='ocrx_word' id='word_1_573' title='bbox 2533 3516 2868 3559; x_wconf 74' lang='lat' dir='ltr'><strong>BESPONDENS</strong></span> <span class='ocrx_word' id='word_1_574' title='bbox 2893 3519 3074 3560; x_wconf 74' lang='lat' dir='ltr'><strong>AUTEII</strong></span> <span class='ocrx_word' id='word_1_575' title='bbox 3093 3518 3206 3571; x_wconf 74' lang='lat' dir='ltr'><strong>JOB,</strong></span> <span class='ocrx_word' id='word_1_576' title='bbox 3241 3519 3388 3560; x_wconf 70' lang='lat' dir='ltr'><strong>DIXIT</strong></span> <span class='ocrx_word' id='word_1_577' title='bbox 3430 3519 3446 3558; x_wconf 69' lang='grc' dir='ltr'>ἵ</span> 
     </span>
    </p>
   </div>
   <div class='ocr_carea' id='block_1_107' title="bbox 2218 3599 3818 3681">
    <p class='ocr_par' dir='ltr' id='par_1_107' title="bbox 2218 3599 3818 3681">
     <span class='ocr_line' id='line_1_107' title="bbox 2218 3599 3818 3681; baseline -0.003 -19"><span class='ocrx_word' id='word_1_578' title='bbox 2218 3605 2374 3681; x_wconf 53' lang='grc' dir='ltr'><strong>[ϐαρἶ</strong></span> <span class='ocrx_word' id='word_1_579' title='bbox 2400 3603 2516 3681; x_wconf 79' lang='lat' dir='ltr'><strong>VL]</strong></span> <span class='ocrx_word' id='word_1_580' title='bbox 2544 3603 2765 3661; x_wconf 86' lang='lat' dir='ltr'><strong>Utinam</strong></span> <span class='ocrx_word' id='word_1_581' title='bbox 2795 3604 3234 3681; x_wconf 84' lang='lat' dir='ltr'><strong>appenderentur</strong></span> <span class='ocrx_word' id='word_1_582' title='bbox 3263 3614 3488 3677; x_wconf 89' lang='lat' dir='ltr'><strong>peccata</strong></span> <span class='ocrx_word' id='word_1_583' title='bbox 3526 3616 3672 3670; x_wconf 90' lang='lat' dir='ltr'><strong>mea,</strong></span> <span class='ocrx_word' id='word_1_584' title='bbox 3697 3599 3818 3674; x_wconf 85' lang='lat' dir='ltr'><strong>qui-</strong></span> 
     </span>
    </p>
   </div>
   <div class='ocr_carea' id='block_1_108' title="bbox 2362 3677 2886 3733">
    <p class='ocr_par' dir='ltr' id='par_1_108' title="bbox 2362 3677 2886 3733">
     <span class='ocr_line' id='line_1_108' title="bbox 2362 3677 2886 3733; baseline -0.002 -1"><span class='ocrx_word' id='word_1_585' title='bbox 2362 3679 2463 3732; x_wconf 90' lang='lat' dir='ltr'><strong>bus</strong></span> <span class='ocrx_word' id='word_1_586' title='bbox 2497 3677 2631 3730; x_wconf 89' lang='lat' dir='ltr'><strong>iram</strong></span> <span class='ocrx_word' id='word_1_587' title='bbox 2663 3679 2836 3733; x_wconf 89' lang='lat' dir='ltr'><strong>merui</strong></span> <span class='ocrx_word' id='word_1_588' title='bbox 2874 3694 2886 3731; x_wconf 90' lang='lat'><strong>:</strong></span> 
     </span>
    </p>
   </div>
   <div class='ocr_carea' id='block_1_109' title="bbox 2291 3747 3437 3818">
    <p class='ocr_par' dir='ltr' id='par_1_109' title="bbox 2291 3747 3437 3818">
     <span class='ocr_line' id='line_1_109' title="bbox 2291 3747 3437 3818; baseline -0.003 -13"><span class='ocrx_word' id='word_1_589' title='bbox 2291 3758 2348 3805; x_wconf 90' lang='lat' dir='ltr'><strong>et</strong></span> <span class='ocrx_word' id='word_1_590' title='bbox 2371 3747 2684 3812; x_wconf 86' lang='lat' dir='ltr'><strong>calamitas,</strong></span> <span class='ocrx_word' id='word_1_591' title='bbox 2711 3763 2873 3818; x_wconf 90' lang='lat' dir='ltr'><strong>quam</strong></span> <span class='ocrx_word' id='word_1_592' title='bbox 2904 3749 3101 3817; x_wconf 92' lang='lat' dir='ltr'><strong>patior,</strong></span> <span class='ocrx_word' id='word_1_593' title='bbox 3126 3748 3180 3803; x_wconf 93' lang='lat' dir='ltr'><strong>in</strong></span> <span class='ocrx_word' id='word_1_594' title='bbox 3211 3755 3437 3814; x_wconf 89' lang='lat' dir='ltr'><strong>statera,</strong></span> 
     </span>
    </p>
   </div>
   <div class='ocr_carea' id='block_1_110' title="bbox 2291 3819 3569 3892">
    <p class='ocr_par' dir='ltr' id='par_1_110' title="bbox 2291 3819 3569 3892">
     <span class='ocr_line' id='line_1_110' title="bbox 2291 3819 3569 3892; baseline 0.001 -18"><span class='ocrx_word' id='word_1_595' title='bbox 2291 3820 2446 3892; x_wconf 76' lang='lat' dir='ltr'><strong>quasi</strong></span> <span class='ocrx_word' id='word_1_596' title='bbox 2475 3834 2643 3892; x_wconf 81' lang='lat' dir='ltr'><strong>arena</strong></span> <span class='ocrx_word' id='word_1_597' title='bbox 2663 3819 2828 3874; x_wconf 91' lang='lat' dir='ltr'><strong>maris</strong></span> <span class='ocrx_word' id='word_1_598' title='bbox 2849 3819 2964 3892; x_wconf 65' lang='lat' dir='ltr'><strong>haec</strong></span> <span class='ocrx_word' id='word_1_599' title='bbox 2987 3820 3206 3889; x_wconf 84' lang='lat' dir='ltr'><strong>gravior</strong></span> <span class='ocrx_word' id='word_1_600' title='bbox 3233 3827 3521 3892; x_wconf 87' lang='lat' dir='ltr'><strong>appareret</strong></span> <span class='ocrx_word' id='word_1_601' title='bbox 3554 3836 3569 3875; x_wconf 86' lang='lat'><strong>:</strong></span> 
     </span>
    </p>
   </div>
   <div class='ocr_carea' id='block_1_111' title="bbox 2226 3889 3438 3961">
    <p class='ocr_par' dir='ltr' id='par_1_111' title="bbox 2226 3889 3438 3961">
     <span class='ocr_line' id='line_1_111' title="bbox 2226 3889 3438 3961; baseline 0 -17"><span class='ocrx_word' id='word_1_602' title='bbox 2226 3889 2422 3950; x_wconf 75' lang='lat' dir='ltr'><strong>Unde.f</strong></span> <span class='ocrx_word' id='word_1_603' title='bbox 2449 3899 2507 3946; x_wconf 91' lang='lat' dir='ltr'><strong>et</strong></span> <span class='ocrx_word' id='word_1_604' title='bbox 2534 3890 2696 3945; x_wconf 87' lang='lat' dir='ltr'><strong>verba</strong></span> <span class='ocrx_word' id='word_1_605' title='bbox 2727 3907 2845 3945; x_wconf 88' lang='lat' dir='ltr'><strong>mea</strong></span> <span class='ocrx_word' id='word_1_606' title='bbox 2873 3891 3062 3947; x_wconf 89' lang='lat' dir='ltr'><strong>dolore</strong></span> <span class='ocrx_word' id='word_1_607' title='bbox 3083 3901 3207 3946; x_wconf 90' lang='lat' dir='ltr'><strong>sunt</strong></span> <span class='ocrx_word' id='word_1_608' title='bbox 3239 3891 3399 3961; x_wconf 90' lang='lat' dir='ltr'><strong>plena</strong></span> <span class='ocrx_word' id='word_1_609' title='bbox 3424 3907 3438 3944; x_wconf 90' lang='lat'><strong>:</strong></span> 
     </span>
    </p>
   </div>
   <div class='ocr_carea' id='block_1_112' title="bbox 2293 3961 3286 4033">
    <p class='ocr_par' dir='ltr' id='par_1_112' title="bbox 2293 3961 3286 4033">
     <span class='ocr_line' id='line_1_112' title="bbox 2293 3961 3286 4033; baseline 0.002 -16"><span class='ocrx_word' id='word_1_610' title='bbox 2293 3965 2419 4033; x_wconf 86' lang='lat' dir='ltr'><strong>quia</strong></span> <span class='ocrx_word' id='word_1_611' title='bbox 2449 3961 2657 4033; x_wconf 67' lang='lat' dir='ltr'><strong>sagitta:</strong></span> <span class='ocrx_word' id='word_1_612' title='bbox 2683 3962 2894 4017; x_wconf 87' lang='lat' dir='ltr'><strong>Domini</strong></span> <span class='ocrx_word' id='word_1_613' title='bbox 2933 3962 2987 4016; x_wconf 92' lang='lat' dir='ltr'><strong>in</strong></span> <span class='ocrx_word' id='word_1_614' title='bbox 3017 3977 3104 4017; x_wconf 89' lang='lat' dir='ltr'><strong>me</strong></span> <span class='ocrx_word' id='word_1_615' title='bbox 3130 3972 3286 4019; x_wconf 86' lang='lat' dir='ltr'><strong>sunt:</strong></span> 
     </span>
    </p>
   </div>
   <div class='ocr_carea' id='block_1_113' title="bbox 2223 4032 3512 4104">
    <p class='ocr_par' dir='ltr' id='par_1_113' title="bbox 2223 4032 3512 4104">
     <span class='ocr_line' id='line_1_113' title="bbox 2223 4032 3512 4104; baseline -0.002 -15"><span class='ocrx_word' id='word_1_616' title='bbox 2223 4032 2462 4104; x_wconf 89' lang='lat' dir='ltr'><strong>Quarum</strong></span> <span class='ocrx_word' id='word_1_617' title='bbox 2493 4032 2792 4104; x_wconf 88' lang='lat' dir='ltr'><strong>indignatio</strong></span> <span class='ocrx_word' id='word_1_618' title='bbox 2823 4033 2996 4088; x_wconf 86' lang='lat' dir='ltr'><strong>ebibit</strong></span> <span class='ocrx_word' id='word_1_619' title='bbox 3017 4033 3266 4104; x_wconf 89' lang='lat' dir='ltr'><strong>spiritum</strong></span> <span class='ocrx_word' id='word_1_620' title='bbox 3296 4048 3512 4099; x_wconf 89' lang='lat' dir='ltr'><strong>meum,</strong></span> 
     </span>
    </p>
   </div>
   <div class='ocr_carea' id='block_1_114' title="bbox 2295 4105 3476 4161">
    <p class='ocr_par' dir='ltr' id='par_1_114' title="bbox 2295 4105 3476 4161">
     <span class='ocr_line' id='line_1_114' title="bbox 2295 4105 3476 4161; baseline -0.001 -1"><span class='ocrx_word' id='word_1_621' title='bbox 2295 4117 2350 4160; x_wconf 89' lang='lat' dir='ltr'><strong>et</strong></span> <span class='ocrx_word' id='word_1_622' title='bbox 2381 4117 2620 4161; x_wconf 88' lang='lat' dir='ltr'><strong>terrores</strong></span> <span class='ocrx_word' id='word_1_623' title='bbox 2650 4105 2862 4160; x_wconf 88' lang='lat' dir='ltr'><strong>Domini</strong></span> <span class='ocrx_word' id='word_1_624' title='bbox 2889 4108 3124 4160; x_wconf 87' lang='lat' dir='ltr'><strong>militant</strong></span> <span class='ocrx_word' id='word_1_625' title='bbox 3153 4113 3342 4161; x_wconf 87' lang='lat' dir='ltr'><strong>contra</strong></span> <span class='ocrx_word' id='word_1_626' title='bbox 3368 4119 3476 4159; x_wconf 92' lang='lat' dir='ltr'><strong>me.</strong></span> 
     </span>
    </p>
   </div>
   <div class='ocr_carea' id='block_1_115' title="bbox 2225 4173 3678 4248">
    <p class='ocr_par' dir='ltr' id='par_1_115' title="bbox 2225 4173 3678 4248">
     <span class='ocr_line' id='line_1_115' title="bbox 2225 4173 3678 4248; baseline -0.004 -16"><span class='ocrx_word' id='word_1_627' title='bbox 2225 4175 2495 4247; x_wconf 84' lang='lat' dir='ltr'><strong>Numquid</strong></span> <span class='ocrx_word' id='word_1_628' title='bbox 2537 4177 2714 4247; x_wconf 82' lang='lat' dir='ltr'><strong>rugiet</strong></span> <span class='ocrx_word' id='word_1_629' title='bbox 2744 4192 2948 4248; x_wconf 87' lang='lat' dir='ltr'><strong>onager</strong></span> <span class='ocrx_word' id='word_1_630' title='bbox 2974 4191 3096 4234; x_wconf 78' lang='lat' dir='ltr'><strong>cum</strong></span> <span class='ocrx_word' id='word_1_631' title='bbox 3130 4176 3376 4231; x_wconf 88' lang='lat' dir='ltr'><strong>habuerit</strong></span> <span class='ocrx_word' id='word_1_632' title='bbox 3410 4173 3678 4230; x_wconf 83' lang='lat' dir='ltr'><strong>herbam?</strong></span> 
     </span>
    </p>
   </div>
   <div class='ocr_carea' id='block_1_116' title="bbox 2298 4243 3826 4318">
    <p class='ocr_par' dir='ltr' id='par_1_116' title="bbox 2298 4243 3826 4318">
     <span class='ocr_line' id='line_1_116' title="bbox 2298 4243 3826 4318; baseline -0.003 -17"><span class='ocrx_word' id='word_1_633' title='bbox 2298 4243 2399 4302; x_wconf 68' lang='lat' dir='ltr'><strong>aut</strong></span> <span class='ocrx_word' id='word_1_634' title='bbox 2418 4243 2627 4317; x_wconf 78' lang='lat' dir='ltr'><strong>mugiet</strong></span> <span class='ocrx_word' id='word_1_635' title='bbox 2654 4249 2754 4304; x_wconf 83' lang='lat' dir='ltr'><strong>bos</strong></span> <span class='ocrx_word' id='word_1_636' title='bbox 2779 4243 2900 4303; x_wconf 76' lang='lat' dir='ltr'><strong>cum</strong></span> <span class='ocrx_word' id='word_1_637' title='bbox 2917 4259 3045 4303; x_wconf 91' lang='lat' dir='ltr'><strong>ante</strong></span> <span class='ocrx_word' id='word_1_638' title='bbox 3069 4263 3312 4318; x_wconf 71' lang='lat' dir='ltr'><strong>prmsepe</strong></span> <span class='ocrx_word' id='word_1_639' title='bbox 3331 4248 3554 4316; x_wconf 90' lang='lat' dir='ltr'><strong>plenum</strong></span> <span class='ocrx_word' id='word_1_640' title='bbox 3578 4243 3826 4301; x_wconf 76' lang='lat' dir='ltr'><strong>steterit?</strong></span> 
     </span>
    </p>
   </div>
   <div class='ocr_carea' id='block_1_117' title="bbox 2226 4317 3828 4390">
    <p class='ocr_par' dir='ltr' id='par_1_117' title="bbox 2226 4317 3828 4390">
     <span class='ocr_line' id='line_1_117' title="bbox 2226 4317 3828 4390; baseline -0.003 -14"><span class='ocrx_word' id='word_1_641' title='bbox 2226 4320 2337 4377; x_wconf 81' lang='lat' dir='ltr'><strong>Aut</strong></span> <span class='ocrx_word' id='word_1_642' title='bbox 2370 4320 2573 4390; x_wconf 89' lang='lat' dir='ltr'><strong>poterit</strong></span> <span class='ocrx_word' id='word_1_643' title='bbox 2607 4321 2823 4376; x_wconf 87' lang='lat' dir='ltr'><strong>comedi</strong></span> <span class='ocrx_word' id='word_1_644' title='bbox 2868 4320 3168 4386; x_wconf 90' lang='lat' dir='ltr'><strong>insulsum,</strong></span> <span class='ocrx_word' id='word_1_645' title='bbox 3209 4317 3359 4390; x_wconf 87' lang='lat' dir='ltr'><strong>quod</strong></span> <span class='ocrx_word' id='word_1_646' title='bbox 3396 4333 3504 4375; x_wconf 91' lang='lat' dir='ltr'><strong>non</strong></span> <span class='ocrx_word' id='word_1_647' title='bbox 3544 4317 3661 4372; x_wconf 89' lang='lat' dir='ltr'><strong>sale</strong></span> <span class='ocrx_word' id='word_1_648' title='bbox 3697 4331 3828 4372; x_wconf 89' lang='lat' dir='ltr'><strong>con-</strong></span> 
     </span>
    </p>
   </div>
   <div class='ocr_carea' id='block_1_118' title="bbox 2374 4392 2582 4446">
    <p class='ocr_par' dir='ltr' id='par_1_118' title="bbox 2374 4392 2582 4446">
     <span class='ocr_line' id='line_1_118' title="bbox 2374 4392 2582 4446; baseline -0.005 0"><span class='ocrx_word' id='word_1_649' title='bbox 2374 4392 2582 4446; x_wconf 80' lang='lat' dir='ltr'><strong>(litum?</strong></span> 
     </span>
    </p>
   </div>
   <div class='ocr_carea' id='block_1_119' title="bbox 2302 4457 3830 4589">
    <p class='ocr_par' dir='ltr' id='par_1_119' title="bbox 2302 4457 3830 4589">
     <span class='ocr_line' id='line_1_119' title="bbox 2302 4457 3830 4589; baseline -0.002 -71"><span class='ocrx_word' id='word_1_650' title='bbox 2302 4472 2396 4518; x_wconf 90' lang='lat' dir='ltr'><strong>aut</strong></span> <span class='ocrx_word' id='word_1_651' title='bbox 2428 4470 2606 4588; x_wconf 66' lang='lat' dir='ltr'><strong>polest</strong></span> <span class='ocrx_word' id='word_1_652' title='bbox 2623 4462 2834 4589; x_wconf 51' lang='lat' dir='ltr'><strong>’aliquis</strong></span> <span class='ocrx_word' id='word_1_653' title='bbox 2857 4470 3078 4536; x_wconf 84' lang='lat' dir='ltr'><strong>gustare</strong></span> <span class='ocrx_word' id='word_1_654' title='bbox 3099 4503 3116 4533; x_wconf 86' lang='lat'><strong>,</strong></span> <span class='ocrx_word' id='word_1_655' title='bbox 3149 4462 3292 4536; x_wconf 93' lang='lat' dir='ltr'><strong>quod</strong></span> <span class='ocrx_word' id='word_1_656' title='bbox 3317 4473 3343 4512; x_wconf 76' lang='grc' dir='ltr'><strong><em>ις</em></strong></span> <span class='ocrx_word' id='word_1_657' title='bbox 3371 4469 3645 4535; x_wconf 85' lang='lat' dir='ltr'><strong>gustatum</strong></span> <span class='ocrx_word' id='word_1_658' title='bbox 3674 4457 3830 4517; x_wconf 80' lang='lat' dir='ltr'><strong>affert</strong></span> 
     </span>
     <span class='ocr_line' id='line_1_120' title="bbox 2378 4548 2607 4589; baseline 0 0"><span class='ocrx_word' id='word_1_659' title='bbox 2378 4550 2495 4589; x_wconf 91' lang='lat' dir='ltr'><strong>mor</strong></span> <span class='ocrx_word' id='word_1_660' title='bbox 2523 4548 2607 4589; x_wconf 85' lang='lat' dir='ltr'><strong>em</strong></span> 
     </span>
    </p>
   </div>
   <div class='ocr_carea' id='block_1_120' title="bbox 2378 4543 2607 4591">
    <p class='ocr_par' dir='ltr' id='par_1_120' title="bbox 2378 4543 2607 4591">
     <span class='ocr_line' id='line_1_121' title="bbox 2378 4543 2607 4591; baseline 0 -1"><span class='ocrx_word' id='word_1_661' title='bbox 2378 4543 2607 4591; x_wconf 82' lang='lat' dir='ltr'><strong>mortem</strong></span> 
     </span>
    </p>
   </div>
   <div class='ocr_carea' id='block_1_121' title="bbox 599 4697 3829 4795">
    <p class='ocr_par' dir='ltr' id='par_1_121' title="bbox 599 4697 3829 4795">
     <span class='ocr_line' id='line_1_122' title="bbox 599 4697 3829 4795; baseline -0.003 -20"><span class='ocrx_word' id='word_1_662' title='bbox 599 4727 628 4759; x_wconf 76' lang='grc' dir='ltr'>ι</span> <span class='ocrx_word' id='word_1_663' title='bbox 652 4719 936 4795; x_wconf 83' lang='lat' dir='ltr'><strong>ln_eodem</strong></span> <span class='ocrx_word' id='word_1_664' title='bbox 968 4736 1073 4776; x_wconf 90' lang='lat' dir='ltr'><strong>ms.</strong></span> <span class='ocrx_word' id='word_1_665' title='bbox 1102 4722 1205 4776; x_wconf 74' lang='lat' dir='ltr'><strong>oris</strong></span> <span class='ocrx_word' id='word_1_666' title='bbox 1235 4724 1375 4795; x_wconf 81' lang='lat' dir='ltr'><strong>ejus,</strong></span> <span class='ocrx_word' id='word_1_667' title='bbox 1409 4736 1509 4794; x_wconf 92' lang='lat' dir='ltr'><strong>pro</strong></span> <span class='ocrx_word' id='word_1_668' title='bbox 1535 4721 1614 4777; x_wconf 87' lang='lat' dir='ltr'><strong>ira</strong></span> <span class='ocrx_word' id='word_1_669' title='bbox 1647 4720 1845 4793; x_wconf 86' lang='lat' dir='ltr'><strong>legitur</strong></span> <span class='ocrx_word' id='word_1_670' title='bbox 1869 4763 1884 4790; x_wconf 96' lang='lat'><strong>,</strong></span> <span class='ocrx_word' id='word_1_671' title='bbox 1916 4721 2126 4778; x_wconf 85' lang='lat' dir='ltr'><strong>dissen-</strong></span> <span class='ocrx_word' id='word_1_672' title='bbox 2153 4723 2209 4786; x_wconf 85' lang='lat' dir='ltr'><strong>D</strong></span> <span class='ocrx_word' id='word_1_673' title='bbox 2241 4788 2270 4795; x_wconf 33' lang='lat' dir='ltr'><strong><em>ﬂ</em></strong></span> <span class='ocrx_word' id='word_1_674' title='bbox 2308 4727 2330 4762; x_wconf 68' lang='grc' dir='ltr'><strong>β</strong></span> <span class='ocrx_word' id='word_1_675' title='bbox 2375 4715 2504 4795; x_wconf 79' lang='lat' dir='ltr'><strong>Post</strong></span> <span class='ocrx_word' id='word_1_676' title='bbox 2532 4714 2632 4769; x_wconf 89' lang='lat' dir='ltr'><strong>ista</strong></span> <span class='ocrx_word' id='word_1_677' title='bbox 2665 4712 3133 4795; x_wconf 75' lang='lat' dir='ltr'><strong>insertus_leg_itur</strong></span> <span class='ocrx_word' id='word_1_678' title='bbox 3167 4712 3226 4795; x_wconf 82' lang='lat' dir='ltr'><strong>in_</strong></span> <span class='ocrx_word' id='word_1_679' title='bbox 3257 4697 3495 4795; x_wconf 78' lang='lat' dir='ltr'><strong>utroque</strong></span> <span class='ocrx_word' id='word_1_680' title='bbox 3532 4711 3829 4795; x_wconf 76' lang='lat' dir='ltr'><strong>exemplari</strong></span> 
     </span>
    </p>
   </div>
   <div class='ocr_carea' id='block_1_122' title="bbox 528 4793 1154 4850">
    <p class='ocr_par' dir='ltr' id='par_1_122' title="bbox 528 4793 1154 4850">
     <span class='ocr_line' id='line_1_123' title="bbox 528 4793 1154 4850; baseline -0.006 0"><span class='ocrx_word' id='word_1_681' title='bbox 528 4793 696 4850; x_wconf 91' lang='lat' dir='ltr'><strong>tiente</strong></span> <span class='ocrx_word' id='word_1_682' title='bbox 726 4793 954 4849; x_wconf 66' lang='lat' dir='ltr'><strong>Hebraeo</strong></span> <span class='ocrx_word' id='word_1_683' title='bbox 986 4801 1154 4848; x_wconf 75' lang='lat' dir='ltr'><strong>textu.</strong></span> 
     </span>
    </p>
   </div>
   <div class='ocr_carea' id='block_1_123' title="bbox 601 4864 2123 4935">
    <p class='ocr_par' dir='ltr' id='par_1_123' title="bbox 601 4864 2123 4935">
     <span class='ocr_line' id='line_1_124' title="bbox 601 4864 2123 4935; baseline 0.003 -19"><span class='ocrx_word' id='word_1_684' title='bbox 601 4864 627 4904; x_wconf 66' lang='grc' dir='ltr'>δ</span> <span class='ocrx_word' id='word_1_685' title='bbox 661 4865 860 4934; x_wconf 77' lang='lat' dir='ltr'><strong>ltegius</strong></span> <span class='ocrx_word' id='word_1_686' title='bbox 900 4864 1072 4919; x_wconf 80' lang='lat' dir='ltr'><strong>codex</strong></span> <span class='ocrx_word' id='word_1_687' title='bbox 1120 4864 1329 4919; x_wconf 87' lang='lat' dir='ltr'><strong>addidit</strong></span> <span class='ocrx_word' id='word_1_688' title='bbox 1372 4881 1621 4935; x_wconf 79' lang='lat' dir='ltr'><strong>egenum,</strong></span> <span class='ocrx_word' id='word_1_689' title='bbox 1670 4864 1814 4934; x_wconf 89' lang='lat' dir='ltr'><strong>quod</strong></span> <span class='ocrx_word' id='word_1_690' title='bbox 1873 4865 2030 4920; x_wconf 88' lang='lat' dir='ltr'><strong>abest</strong></span> <span class='ocrx_word' id='word_1_691' title='bbox 2070 4864 2123 4920; x_wconf 92' lang='lat' dir='ltr'><strong>in</strong></span> 
     </span>
    </p>
   </div>
   <div class='ocr_carea' id='block_1_124' title="bbox 531 4935 2121 5004">
    <p class='ocr_par' dir='ltr' id='par_1_124' title="bbox 531 4935 2121 5004">
     <span class='ocr_line' id='line_1_125' title="bbox 531 4935 2121 5004; baseline 0.001 -14"><span class='ocrx_word' id='word_1_692' title='bbox 531 4935 781 4999; x_wconf 66' lang='lat' dir='ltr'><strong>llebraio,</strong></span> <span class='ocrx_word' id='word_1_693' title='bbox 813 4945 870 4990; x_wconf 93' lang='lat' dir='ltr'><strong>ut</strong></span> <span class='ocrx_word' id='word_1_694' title='bbox 894 4946 948 4989; x_wconf 91' lang='lat' dir='ltr'><strong>ct</strong></span> <span class='ocrx_word' id='word_1_695' title='bbox 977 4935 1033 4990; x_wconf 92' lang='lat' dir='ltr'><strong>in</strong></span> <span class='ocrx_word' id='word_1_696' title='bbox 1065 4936 1285 4992; x_wconf 89' lang='lat' dir='ltr'><strong>Canone</strong></span> <span class='ocrx_word' id='word_1_697' title='bbox 1326 4937 1384 4992; x_wconf 88' lang='lat' dir='ltr'><strong>S.</strong></span> <span class='ocrx_word' id='word_1_698' title='bbox 1425 4935 1709 5004; x_wconf 87' lang='lat' dir='ltr'><strong>Germani,</strong></span> <span class='ocrx_word' id='word_1_699' title='bbox 1744 4946 1799 4992; x_wconf 91' lang='lat' dir='ltr'><strong>et</strong></span> <span class='ocrx_word' id='word_1_700' title='bbox 1831 4937 1956 4992; x_wconf 89' lang='lat' dir='ltr'><strong>aliis</strong></span> <span class='ocrx_word' id='word_1_701' title='bbox 1988 4951 2121 4992; x_wconf 91' lang='lat' dir='ltr'><strong>mss.</strong></span> 
     </span>
    </p>
   </div>
   <div class='ocr_carea' id='block_1_125' title="bbox 530 5006 1471 5064">
    <p class='ocr_par' dir='ltr' id='par_1_125' title="bbox 530 5006 1471 5064">
     <span class='ocr_line' id='line_1_126' title="bbox 530 5006 1471 5064; baseline -0.002 -2"><span class='ocrx_word' id='word_1_702' title='bbox 530 5006 812 5064; x_wconf 85' lang='lat' dir='ltr'><strong>codicibus</strong></span> <span class='ocrx_word' id='word_1_703' title='bbox 829 5007 1070 5062; x_wconf 88' lang='lat' dir='ltr'><strong>melioris</strong></span> <span class='ocrx_word' id='word_1_704' title='bbox 1099 5018 1259 5063; x_wconf 70' lang='lat' dir='ltr'><strong>notae.</strong></span> <span class='ocrx_word' id='word_1_705' title='bbox 1291 5008 1471 5063; x_wconf 72' lang='grc' dir='ltr'><strong>ΜΑιιτ.</strong></span> 
     </span>
    </p>
   </div>
   <div class='ocr_carea' id='block_1_126' title="bbox 607 5077 2122 5150">
    <p class='ocr_par' dir='ltr' id='par_1_126' title="bbox 607 5077 2122 5150">
     <span class='ocr_line' id='line_1_127' title="bbox 607 5077 2122 5150; baseline 0.001 -17"><span class='ocrx_word' id='word_1_706' title='bbox 607 5088 648 5150; x_wconf 76' lang='lat'><strong>°_</strong></span> <span class='ocrx_word' id='word_1_707' title='bbox 667 5077 841 5150; x_wconf 67' lang='lat' dir='ltr'><strong>Verba</strong></span> <span class='ocrx_word' id='word_1_708' title='bbox 869 5078 934 5132; x_wconf 85' lang='lat' dir='ltr'><strong>de</strong></span> <span class='ocrx_word' id='word_1_709' title='bbox 955 5087 1147 5146; x_wconf 86' lang='lat' dir='ltr'><strong>morte,</strong></span> <span class='ocrx_word' id='word_1_710' title='bbox 1177 5089 1224 5134; x_wconf 84' lang='lat' dir='ltr'><strong>et</strong></span> <span class='ocrx_word' id='word_1_711' title='bbox 1247 5081 1299 5134; x_wconf 81' lang='lat' dir='ltr'><strong>in</strong></span> <span class='ocrx_word' id='word_1_712' title='bbox 1322 5079 1480 5150; x_wconf 77' lang='lat' dir='ltr'><strong>bello,</strong></span> <span class='ocrx_word' id='word_1_713' title='bbox 1513 5080 1807 5150; x_wconf 88' lang='lat' dir='ltr'><strong>antiquarii</strong></span> <span class='ocrx_word' id='word_1_714' title='bbox 1834 5079 2122 5135; x_wconf 87' lang='lat' dir='ltr'><strong>oscitantia</strong></span> 
     </span>
    </p>
   </div>
   <div class='ocr_carea' id='block_1_127' title="bbox 533 5148 2122 5223">
    <p class='ocr_par' dir='ltr' id='par_1_127' title="bbox 533 5148 2122 5223">
     <span class='ocr_line' id='line_1_128' title="bbox 533 5148 2122 5223; baseline 0.001 -19"><span class='ocrx_word' id='word_1_715' title='bbox 533 5148 934 5223; x_wconf 80' lang='lat' dir='ltr'><strong>desiderantur,</strong></span> <span class='ocrx_word' id='word_1_716' title='bbox 958 5165 1118 5223; x_wconf 89' lang='lat' dir='ltr'><strong>quem</strong></span> <span class='ocrx_word' id='word_1_717' title='bbox 1147 5150 1393 5222; x_wconf 86' lang='lat' dir='ltr'><strong>ejusdem</strong></span> <span class='ocrx_word' id='word_1_718' title='bbox 1425 5149 1490 5204; x_wconf 81' lang='lat' dir='ltr'><strong>de</strong></span> <span class='ocrx_word' id='word_1_719' title='bbox 1506 5148 1713 5206; x_wconf 73' lang='lat' dir='ltr'><strong>vocula:</strong></span> <span class='ocrx_word' id='word_1_720' title='bbox 1744 5166 2000 5207; x_wconf 90' lang='lat' dir='ltr'><strong>recursus</strong></span> <span class='ocrx_word' id='word_1_721' title='bbox 2027 5150 2122 5207; x_wconf 85' lang='lat' dir='ltr'><strong>de-</strong></span> 
     </span>
    </p>
   </div>
   <div class='ocr_carea' id='block_1_128' title="bbox 531 5220 760 5289">
    <p class='ocr_par' dir='ltr' id='par_1_128' title="bbox 531 5220 760 5289">
     <span class='ocr_line' id='line_1_129' title="bbox 531 5220 760 5289; baseline -0.004 -12"><span class='ocrx_word' id='word_1_722' title='bbox 531 5220 760 5289; x_wconf 87' lang='lat' dir='ltr'><strong>ceperit.</strong></span> 
     </span>
    </p>
   </div>
   <div class='ocr_carea' id='block_1_129' title="bbox 605 5291 2056 5368">
    <p class='ocr_par' dir='ltr' id='par_1_129' title="bbox 605 5291 2056 5368">
     <span class='ocr_line' id='line_1_130' title="bbox 605 5291 2056 5368; baseline 0.002 -20"><span class='ocrx_word' id='word_1_723' title='bbox 605 5291 632 5330; x_wconf 74' lang='grc' dir='ltr'>ἀ</span> <span class='ocrx_word' id='word_1_724' title='bbox 660 5292 804 5368; x_wconf 76' lang='lat' dir='ltr'><strong>idem</strong></span> <span class='ocrx_word' id='word_1_725' title='bbox 836 5296 1127 5368; x_wconf 46' lang='lat' dir='ltr'><strong>ms.quasi_</strong></span> <span class='ocrx_word' id='word_1_726' title='bbox 1151 5310 1315 5368; x_wconf 69' lang='lat' dir='ltr'><strong>arena</strong></span> <span class='ocrx_word' id='word_1_727' title='bbox 1333 5336 1347 5360; x_wconf 91' lang='lat'><strong>,</strong></span> <span class='ocrx_word' id='word_1_728' title='bbox 1373 5307 1474 5368; x_wconf 80' lang='lat' dir='ltr'><strong>pro</strong></span> <span class='ocrx_word' id='word_1_729' title='bbox 1500 5292 1660 5368; x_wconf 78' lang='lat' dir='ltr'><strong>herba</strong></span> <span class='ocrx_word' id='word_1_730' title='bbox 1729 5295 1879 5368; x_wconf 82' lang='lat' dir='ltr'><strong>haud</strong></span> <span class='ocrx_word' id='word_1_731' title='bbox 1903 5311 2056 5352; x_wconf 88' lang='lat' dir='ltr'><strong>vere.</strong></span> 
     </span>
    </p>
   </div>
   <div class='ocr_carea' id='block_1_130' title="bbox 611 5365 2134 5438">
    <p class='ocr_par' dir='ltr' id='par_1_130' title="bbox 611 5365 2134 5438">
     <span class='ocr_line' id='line_1_131' title="bbox 611 5365 2134 5438; baseline 0.002 -19"><span class='ocrx_word' id='word_1_732' title='bbox 611 5373 635 5403; x_wconf 78' lang='grc' dir='ltr'><strong><em>ο</em></strong></span> <span class='ocrx_word' id='word_1_733' title='bbox 659 5365 889 5434; x_wconf 85' lang='lat' dir='ltr'><strong>Quidam</strong></span> <span class='ocrx_word' id='word_1_734' title='bbox 913 5365 1131 5438; x_wconf 74' lang='lat' dir='ltr'><strong>vulgati</strong></span> <span class='ocrx_word' id='word_1_735' title='bbox 1167 5365 1291 5422; x_wconf 91' lang='lat' dir='ltr'><strong>libri</strong></span> <span class='ocrx_word' id='word_1_736' title='bbox 1336 5365 1544 5421; x_wconf 86' lang='lat' dir='ltr'><strong>addunt</strong></span> <span class='ocrx_word' id='word_1_737' title='bbox 1574 5367 1768 5436; x_wconf 86' lang='lat' dir='ltr'><strong>tritici,</strong></span> <span class='ocrx_word' id='word_1_738' title='bbox 1815 5378 1870 5424; x_wconf 89' lang='lat' dir='ltr'><strong>et</strong></span> <span class='ocrx_word' id='word_1_739' title='bbox 1891 5383 2020 5425; x_wconf 86' lang='lat' dir='ltr'><strong>vero</strong></span> <span class='ocrx_word' id='word_1_740' title='bbox 2046 5375 2134 5424; x_wconf 89' lang='lat' dir='ltr'><strong>est</strong></span> 
     </span>
    </p>
   </div>
   <div class='ocr_carea' id='block_1_131' title="bbox 536 5440 1265 5525">
    <p class='ocr_par' dir='ltr' id='par_1_131' title="bbox 536 5440 1265 5525">
     <span class='ocr_line' id='line_1_132' title="bbox 536 5440 1265 5525; baseline -0.005 -11"><span class='ocrx_word' id='word_1_741' title='bbox 536 5457 594 5514; x_wconf 92' lang='lat' dir='ltr'><strong>in</strong></span> <span class='ocrx_word' id='word_1_742' title='bbox 622 5457 850 5513; x_wconf 76' lang='lat' dir='ltr'><strong>l-lebrzeo</strong></span> <span class='ocrx_word' id='word_1_743' title='bbox 872 5503 886 5525; x_wconf 94' lang='lat'><strong>,</strong></span> <span class='ocrx_word' id='word_1_744' title='bbox 914 5467 1054 5519; x_wconf 69' lang='lat' dir='ltr'><strong>tam</strong></span> <span class='ocrx_word' id='word_1_745' title='bbox 1079 5440 1265 5522; x_wconf 56' lang='lat' dir='ltr'><strong>mbas.</strong></span> 
     </span>
    </p>
   </div>
   <div class='ocr_carea' id='block_1_132' title="bbox 614 5529 2138 5604">
    <p class='ocr_par' dir='ltr' id='par_1_132' title="bbox 614 5529 2138 5604">
     <span class='ocr_line' id='line_1_133' title="bbox 614 5529 2138 5604; baseline 0.005 -23"><span class='ocrx_word' id='word_1_746' title='bbox 614 5529 634 5570; x_wconf 68' lang='grc' dir='ltr'>ί</span> <span class='ocrx_word' id='word_1_747' title='bbox 669 5530 820 5604; x_wconf 83' lang='lat' dir='ltr'><strong>Quod</strong></span> <span class='ocrx_word' id='word_1_748' title='bbox 854 5530 1016 5585; x_wconf 86' lang='lat' dir='ltr'><strong>habet</strong></span> <span class='ocrx_word' id='word_1_749' title='bbox 1039 5531 1125 5604; x_wconf 83' lang='lat' dir='ltr'><strong>hic</strong></span> <span class='ocrx_word' id='word_1_750' title='bbox 1150 5529 1376 5604; x_wconf 74' lang='lat' dir='ltr'><strong>l&#39;alatin.</strong></span> <span class='ocrx_word' id='word_1_751' title='bbox 1404 5546 1505 5604; x_wconf 91' lang='lat' dir='ltr'><strong>ms.</strong></span> <span class='ocrx_word' id='word_1_752' title='bbox 1531 5530 1656 5586; x_wconf 84' lang='lat' dir='ltr'><strong>dolo</strong></span> <span class='ocrx_word' id='word_1_753' title='bbox 1681 5547 1780 5604; x_wconf 90' lang='lat' dir='ltr'><strong>pro</strong></span> <span class='ocrx_word' id='word_1_754' title='bbox 1803 5532 2008 5601; x_wconf 67' lang='lat' dir='ltr'><strong>dolore,</strong></span> <span class='ocrx_word' id='word_1_755' title='bbox 2039 5549 2138 5588; x_wconf 87' lang='lat' dir='ltr'><strong>an-</strong></span> 
     </span>
    </p>
   </div>
   <div class='ocr_carea' id='block_1_133' title="bbox 539 5601 2138 5672">
    <p class='ocr_par' dir='ltr' id='par_1_133' title="bbox 539 5601 2138 5672">
     <span class='ocr_line' id='line_1_134' title="bbox 539 5601 2138 5672; baseline 0.002 -16"><span class='ocrx_word' id='word_1_756' title='bbox 539 5601 778 5670; x_wconf 86' lang='lat' dir='ltr'><strong>tiquario</strong></span> <span class='ocrx_word' id='word_1_757' title='bbox 809 5605 982 5670; x_wconf 81' lang='lat' dir='ltr'><strong>culpa:</strong></span> <span class='ocrx_word' id='word_1_758' title='bbox 1010 5601 1194 5672; x_wconf 88' lang='lat' dir='ltr'><strong>tribuo</strong></span> <span class='ocrx_word' id='word_1_759' title='bbox 1215 5641 1230 5664; x_wconf 94' lang='lat'><strong>,</strong></span> <span class='ocrx_word' id='word_1_760' title='bbox 1258 5601 1364 5658; x_wconf 91' lang='lat' dir='ltr'><strong>nisi</strong></span> <span class='ocrx_word' id='word_1_761' title='bbox 1395 5603 1440 5658; x_wconf 90' lang='lat' dir='ltr'><strong>si</strong></span> <span class='ocrx_word' id='word_1_762' title='bbox 1471 5605 1592 5672; x_wconf 88' lang='lat' dir='ltr'><strong>quis</strong></span> <span class='ocrx_word' id='word_1_763' title='bbox 1620 5601 1696 5660; x_wconf 83' lang='lat' dir='ltr'><strong>de</strong></span> <span class='ocrx_word' id='word_1_764' title='bbox 1720 5606 1986 5660; x_wconf 81' lang='lat' dir='ltr'><strong>industria</strong></span> <span class='ocrx_word' id='word_1_765' title='bbox 2017 5620 2138 5661; x_wconf 90' lang='lat' dir='ltr'><strong>eam</strong></span> 
     </span>
    </p>
   </div>
   <div class='ocr_carea' id='block_1_134' title="bbox 541 5671 2141 5747">
    <p class='ocr_par' dir='ltr' id='par_1_134' title="bbox 541 5671 2141 5747">
     <span class='ocr_line' id='line_1_135' title="bbox 541 5671 2141 5747; baseline 0.004 -21"><span class='ocrx_word' id='word_1_766' title='bbox 541 5687 729 5747; x_wconf 89' lang='lat' dir='ltr'><strong>vocem</strong></span> <span class='ocrx_word' id='word_1_767' title='bbox 758 5676 1053 5747; x_wconf 73' lang='lat' dir='ltr'><strong>mutaverit</strong></span> <span class='ocrx_word' id='word_1_768' title='bbox 1079 5671 1337 5747; x_wconf 68' lang='lat' dir='ltr'><strong>Qriticus,</strong></span> <span class='ocrx_word' id='word_1_769' title='bbox 1371 5676 1462 5744; x_wconf 89' lang='lat' dir='ltr'><strong>qui</strong></span> <span class='ocrx_word' id='word_1_770' title='bbox 1490 5671 1793 5732; x_wconf 86' lang='lat' dir='ltr'><strong>observarit</strong></span> <span class='ocrx_word' id='word_1_771' title='bbox 1823 5676 1966 5747; x_wconf 91' lang='lat' dir='ltr'><strong>apud</strong></span> <span class='ocrx_word' id='word_1_772' title='bbox 1996 5673 2141 5733; x_wconf 77' lang='lat' dir='ltr'><strong>LXX</strong></span> 
     </span>
    </p>
   </div>
   <div class='ocr_carea' id='block_1_135' title="bbox 540 5743 2138 5826">
    <p class='ocr_par' dir='ltr' id='par_1_135' title="bbox 540 5743 2138 5826">
     <span class='ocr_line' id='line_1_136' title="bbox 540 5743 2138 5826; baseline 0.003 -27"><span class='ocrx_word' id='word_1_773' title='bbox 540 5746 708 5826; x_wconf 49' lang='lat' dir='ltr'><strong>paulo;</strong></span> <span class='ocrx_word' id='word_1_774' title='bbox 734 5745 897 5826; x_wconf 84' lang='lat' dir='ltr'><strong>verba</strong></span> <span class='ocrx_word' id='word_1_775' title='bbox 928 5744 1045 5826; x_wconf 62' lang='lat' dir='ltr'><strong>haec</strong></span> <span class='ocrx_word' id='word_1_776' title='bbox 1069 5743 1197 5826; x_wconf 83' lang='lat' dir='ltr'><strong>dici,</strong></span> <span class='ocrx_word' id='word_1_777' title='bbox 1219 5743 1271 5801; x_wconf 90' lang='lat' dir='ltr'><strong>id</strong></span> <span class='ocrx_word' id='word_1_778' title='bbox 1301 5743 1407 5812; x_wconf 79' lang='lat' dir='ltr'><strong>est,</strong></span> <span class='ocrx_word' id='word_1_779' title='bbox 1430 5747 1597 5826; x_wconf 74' lang='lat' dir='ltr'><strong>mala,</strong></span> <span class='ocrx_word' id='word_1_780' title='bbox 1627 5764 1735 5816; x_wconf 85' lang='lat' dir='ltr'><strong>non</strong></span> <span class='ocrx_word' id='word_1_781' title='bbox 1758 5743 1938 5805; x_wconf 76' lang='lat' dir='ltr'><strong>dolore</strong></span> <span class='ocrx_word' id='word_1_782' title='bbox 1959 5748 2138 5822; x_wconf 68' lang='lat' dir='ltr'><strong>plena.</strong></span> 
     </span>
    </p>
   </div>
   <div class='ocr_carea' id='block_1_136' title="bbox 542 5813 1201 5890">
    <p class='ocr_par' dir='ltr' id='par_1_136' title="bbox 542 5813 1201 5890">
     <span class='ocr_line' id='line_1_137' title="bbox 542 5813 1201 5890; baseline 0.003 -20"><span class='ocrx_word' id='word_1_783' title='bbox 542 5813 708 5872; x_wconf 82' lang='lat' dir='ltr'><strong>llcbr.</strong></span> <span class='ocrx_word' id='word_1_784' title='bbox 742 5823 900 5871; x_wconf 85' lang='lat' dir='ltr'><strong>vocat</strong></span> <span class='ocrx_word' id='word_1_785' title='bbox 931 5813 1201 5890; x_wconf 73' lang='lat' dir='ltr'><strong>absorpta.</strong></span> 
     </span>
    </p>
   </div>
   <div class='ocr_carea' id='block_1_137' title="bbox 2232 4784 3830 4854">
    <p class='ocr_par' dir='ltr' id='par_1_137' title="bbox 2232 4784 3830 4854">
     <span class='ocr_line' id='line_1_138' title="bbox 2232 4784 3830 4854; baseline -0.006 -8"><span class='ocrx_word' id='word_1_786' title='bbox 2232 4788 2469 4846; x_wconf 89' lang='lat' dir='ltr'><strong>Canonis</strong></span> <span class='ocrx_word' id='word_1_787' title='bbox 2509 4799 2742 4854; x_wconf 89' lang='lat' dir='ltr'><strong>sequens</strong></span> <span class='ocrx_word' id='word_1_788' title='bbox 2787 4785 3089 4840; x_wconf 81' lang='lat' dir='ltr'><strong>versiculus</strong></span> <span class='ocrx_word' id='word_1_789' title='bbox 3132 4802 3146 4841; x_wconf 91' lang='lat'>:</span> <span class='ocrx_word' id='word_1_790' title='bbox 3191 4786 3392 4839; x_wconf 70' lang='lat' dir='ltr'><strong>Anima:</strong></span> <span class='ocrx_word' id='word_1_791' title='bbox 3413 4785 3549 4840; x_wconf 85' lang='lat' dir='ltr'><strong>enim</strong></span> <span class='ocrx_word' id='word_1_792' title='bbox 3587 4784 3830 4838; x_wconf 76' lang='lat' dir='ltr'><strong>esurienti</strong></span> 
     </span>
    </p>
   </div>
   <div class='ocr_carea' id='block_1_138' title="bbox 2230 4855 3832 4924">
    <p class='ocr_par' dir='ltr' id='par_1_138' title="bbox 2230 4855 3832 4924">
     <span class='ocr_line' id='line_1_139' title="bbox 2230 4855 3832 4924; baseline -0.005 -9"><span class='ocrx_word' id='word_1_793' title='bbox 2230 4864 2386 4915; x_wconf 85' lang='lat' dir='ltr'><strong>etiam</strong></span> <span class='ocrx_word' id='word_1_794' title='bbox 2414 4873 2596 4912; x_wconf 85' lang='lat' dir='ltr'><strong>amara</strong></span> <span class='ocrx_word' id='word_1_795' title='bbox 2625 4855 2800 4913; x_wconf 77' lang='lat' dir='ltr'><strong>dulcia</strong></span> <span class='ocrx_word' id='word_1_796' title='bbox 2830 4872 2937 4910; x_wconf 74' lang='lat' dir='ltr'><strong>esse</strong></span> <span class='ocrx_word' id='word_1_797' title='bbox 2976 4857 3235 4912; x_wconf 79' lang='lat' dir='ltr'><strong>videntur.</strong></span> <span class='ocrx_word' id='word_1_798' title='bbox 3266 4857 3400 4924; x_wconf 70' lang='lat' dir='ltr'><strong>Qua:</strong></span> <span class='ocrx_word' id='word_1_799' title='bbox 3439 4855 3606 4911; x_wconf 86' lang='lat' dir='ltr'><strong>verba</strong></span> <span class='ocrx_word' id='word_1_800' title='bbox 3650 4870 3832 4911; x_wconf 83' lang='lat' dir='ltr'><strong>emen-</strong></span> 
     </span>
    </p>
   </div>
   <div class='ocr_carea' id='block_1_139' title="bbox 2228 4925 3833 4988">
    <p class='ocr_par' dir='ltr' id='par_1_139' title="bbox 2228 4925 3833 4988">
     <span class='ocr_line' id='line_1_140' title="bbox 2228 4925 3833 4988; baseline -0.007 0"><span class='ocrx_word' id='word_1_801' title='bbox 2228 4934 2386 4988; x_wconf 90' lang='lat' dir='ltr'><strong>dator</strong></span> <span class='ocrx_word' id='word_1_802' title='bbox 2429 4929 2631 4986; x_wconf 85' lang='lat' dir='ltr'><strong>codicis</strong></span> <span class='ocrx_word' id='word_1_803' title='bbox 2671 4927 2776 4982; x_wconf 92' lang='lat' dir='ltr'><strong>San</strong></span> <span class='ocrx_word' id='word_1_804' title='bbox 2808 4926 3192 4983; x_wconf 88' lang='lat' dir='ltr'><strong>Germanensis</strong></span> <span class='ocrx_word' id='word_1_805' title='bbox 3241 4927 3404 4983; x_wconf 90' lang='lat' dir='ltr'><strong>litura</strong></span> <span class='ocrx_word' id='word_1_806' title='bbox 3448 4925 3671 4983; x_wconf 85' lang='lat' dir='ltr'><strong>delevit.</strong></span> <span class='ocrx_word' id='word_1_807' title='bbox 3723 4925 3833 4981; x_wconf 83' lang='lat' dir='ltr'><strong>Huc</strong></span> 
     </span>
    </p>
   </div>
   <div class='ocr_carea' id='block_1_140' title="bbox 2232 4997 3831 5068">
    <p class='ocr_par' dir='ltr' id='par_1_140' title="bbox 2232 4997 3831 5068">
     <span class='ocr_line' id='line_1_141' title="bbox 2232 4997 3831 5068; baseline -0.006 -8"><span class='ocrx_word' id='word_1_808' title='bbox 2232 5004 2490 5060; x_wconf 82' lang='lat' dir='ltr'><strong>translata</strong></span> <span class='ocrx_word' id='word_1_809' title='bbox 2520 5000 2773 5055; x_wconf 88' lang='lat' dir='ltr'><strong>videntur</strong></span> <span class='ocrx_word' id='word_1_810' title='bbox 2794 5013 2824 5053; x_wconf 90' lang='lat' dir='ltr'><strong>e</strong></span> <span class='ocrx_word' id='word_1_811' title='bbox 2853 5002 3028 5067; x_wconf 91' lang='lat' dir='ltr'><strong>capite</strong></span> <span class='ocrx_word' id='word_1_812' title='bbox 3066 5015 3212 5054; x_wconf 81' lang='lat' dir='ltr'><strong>xxvii</strong></span> <span class='ocrx_word' id='word_1_813' title='bbox 3235 4999 3678 5063; x_wconf 90' lang='lat' dir='ltr'><strong>Proverbiorum,</strong></span> <span class='ocrx_word' id='word_1_814' title='bbox 3711 4997 3831 5068; x_wconf 82' lang='lat' dir='ltr'><strong>quia</strong></span> 
     </span>
    </p>
   </div>
   <div class='ocr_carea' id='block_1_141' title="bbox 2229 5068 3835 5141">
    <p class='ocr_par' dir='ltr' id='par_1_141' title="bbox 2229 5068 3835 5141">
     <span class='ocr_line' id='line_1_142' title="bbox 2229 5068 3835 5141; baseline -0.006 -11"><span class='ocrx_word' id='word_1_815' title='bbox 2229 5090 2373 5131; x_wconf 90' lang='lat' dir='ltr'><strong>vers.</strong></span> <span class='ocrx_word' id='word_1_816' title='bbox 2407 5075 2438 5128; x_wconf 87' lang='lat'><strong>7</strong></span> <span class='ocrx_word' id='word_1_817' title='bbox 2471 5073 2660 5128; x_wconf 86' lang='lat' dir='ltr'><strong>eadem</strong></span> <span class='ocrx_word' id='word_1_818' title='bbox 2699 5071 2968 5126; x_wconf 87' lang='lat' dir='ltr'><strong>sententia</strong></span> <span class='ocrx_word' id='word_1_819' title='bbox 2999 5069 3173 5141; x_wconf 89' lang='lat' dir='ltr'><strong>posita</strong></span> <span class='ocrx_word' id='word_1_820' title='bbox 3217 5071 3488 5141; x_wconf 80' lang='lat' dir='ltr'><strong>reperitur</strong></span> <span class='ocrx_word' id='word_1_821' title='bbox 3523 5068 3835 5141; x_wconf 51' lang='lat' dir='ltr'><strong>{Etruriam</strong></span> 
     </span>
    </p>
   </div>
   <div class='ocr_carea' id='block_1_142' title="bbox 2225 5140 3834 5215">
    <p class='ocr_par' dir='ltr' id='par_1_142' title="bbox 2225 5140 3834 5215">
     <span class='ocr_line' id='line_1_143' title="bbox 2225 5140 3834 5215; baseline -0.004 -13"><span class='ocrx_word' id='word_1_822' title='bbox 2225 5149 2378 5202; x_wconf 83' lang='lat' dir='ltr'><strong>etiam</strong></span> <span class='ocrx_word' id='word_1_823' title='bbox 2432 5159 2664 5199; x_wconf 86' lang='lat' dir='ltr'><strong>amarum</strong></span> <span class='ocrx_word' id='word_1_824' title='bbox 2703 5158 2796 5215; x_wconf 84' lang='lat' dir='ltr'><strong>pro</strong></span> <span class='ocrx_word' id='word_1_825' title='bbox 2841 5140 3215 5215; x_wconf 26' lang='lat' dir='ltr'><strong>dulci’sumet.</strong></span> <span class='ocrx_word' id='word_1_826' title='bbox 3267 5140 3834 5215; x_wconf 79' lang='lat' dir='ltr'><strong>Veteres_Bi_bliorum</strong></span> 
     </span>
    </p>
   </div>
   <div class='ocr_carea' id='block_1_143' title="bbox 2234 5212 3836 5282">
    <p class='ocr_par' dir='ltr' id='par_1_143' title="bbox 2234 5212 3836 5282">
     <span class='ocr_line' id='line_1_144' title="bbox 2234 5212 3836 5282; baseline -0.006 -6"><span class='ocrx_word' id='word_1_827' title='bbox 2234 5216 2645 5276; x_wconf 70' lang='lat' dir='ltr'><strong>Concordantire</strong></span> <span class='ocrx_word' id='word_1_828' title='bbox 2693 5212 2918 5268; x_wconf 84' lang='lat' dir='ltr'><strong>monent</strong></span> <span class='ocrx_word' id='word_1_829' title='bbox 2966 5216 3078 5282; x_wconf 90' lang='lat' dir='ltr'><strong>jam</strong></span> <span class='ocrx_word' id='word_1_830' title='bbox 3121 5213 3326 5270; x_wconf 89' lang='lat' dir='ltr'><strong>dictum</strong></span> <span class='ocrx_word' id='word_1_831' title='bbox 3375 5212 3707 5270; x_wconf 89' lang='lat' dir='ltr'><strong>versiculum</strong></span> <span class='ocrx_word' id='word_1_832' title='bbox 3747 5227 3836 5268; x_wconf 78' lang='lat' dir='ltr'><strong>ex-</strong></span> 
     </span>
    </p>
   </div>
   <div class='ocr_carea' id='block_1_144' title="bbox 2233 5284 2896 5354">
    <p class='ocr_par' dir='ltr' id='par_1_144' title="bbox 2233 5284 2896 5354">
     <span class='ocr_line' id='line_1_145' title="bbox 2233 5284 2896 5354; baseline -0.014 -7"><span class='ocrx_word' id='word_1_833' title='bbox 2233 5301 2379 5348; x_wconf 90' lang='lat' dir='ltr'><strong>stare</strong></span> <span class='ocrx_word' id='word_1_834' title='bbox 2405 5288 2508 5344; x_wconf 88' lang='lat' dir='ltr'><strong>Job</strong></span> <span class='ocrx_word' id='word_1_835' title='bbox 2532 5302 2608 5354; x_wconf 82' lang='lat' dir='ltr'><strong>vr,</strong></span> <span class='ocrx_word' id='word_1_836' title='bbox 2635 5284 2687 5340; x_wconf 88' lang='lat'><strong>6.</strong></span> <span class='ocrx_word' id='word_1_837' title='bbox 2721 5285 2896 5340; x_wconf 62' lang='lat' dir='ltr'><strong>Mam.</strong></span> 
     </span>
    </p>
   </div>
   <div class='ocr_carea' id='block_1_145' title="bbox 2306 5361 3835 5450">
    <p class='ocr_par' dir='ltr' id='par_1_145' title="bbox 2306 5361 3835 5450">
     <span class='ocr_line' id='line_1_146' title="bbox 2306 5361 3835 5450; baseline -0.005 -11"><span class='ocrx_word' id='word_1_838' title='bbox 2306 5414 2376 5425; x_wconf 90' lang='lat'><strong><em>—</em></strong></span> <span class='ocrx_word' id='word_1_839' title='bbox 2398 5380 2572 5438; x_wconf 82' lang='lat' dir='ltr'><strong>Verba</strong></span> <span class='ocrx_word' id='word_1_840' title='bbox 2617 5387 2794 5435; x_wconf 80' lang='lat' dir='ltr'><strong>textus</strong></span> <span class='ocrx_word' id='word_1_841' title='bbox 2833 5361 3023 5442; x_wconf 70' lang='lat' dir='ltr'><strong>mn‘m</strong></span> <span class='ocrx_word' id='word_1_842' title='bbox 3045 5387 3223 5446; x_wconf 57' lang='lat'><strong>1’13,</strong></span> <span class='ocrx_word' id='word_1_843' title='bbox 3257 5392 3318 5435; x_wconf 90' lang='lat' dir='ltr'><strong>se</strong></span> <span class='ocrx_word' id='word_1_844' title='bbox 3354 5377 3554 5450; x_wconf 88' lang='lat' dir='ltr'><strong>legisse</strong></span> <span class='ocrx_word' id='word_1_845' title='bbox 3581 5376 3742 5434; x_wconf 89' lang='lat' dir='ltr'><strong>aliter</strong></span> <span class='ocrx_word' id='word_1_846' title='bbox 3783 5376 3835 5434; x_wconf 85' lang='lat' dir='ltr'><strong>S.</strong></span> 
     </span>
    </p>
   </div>
   <div class='ocr_carea' id='block_1_146' title="bbox 2237 5456 3840 5544">
    <p class='ocr_par' dir='ltr' id='par_1_146' title="bbox 2237 5456 3840 5544">
     <span class='ocr_line' id='line_1_147' title="bbox 2237 5456 3840 5544; baseline -0.004 -11"><span class='ocrx_word' id='word_1_847' title='bbox 2237 5477 2419 5544; x_wconf 84' lang='lat' dir='ltr'><strong>Pater,</strong></span> <span class='ocrx_word' id='word_1_848' title='bbox 2453 5473 2505 5530; x_wconf 89' lang='lat' dir='ltr'><strong>id</strong></span> <span class='ocrx_word' id='word_1_849' title='bbox 2535 5481 2651 5540; x_wconf 89' lang='lat' dir='ltr'><strong>est,</strong></span> <span class='ocrx_word' id='word_1_850' title='bbox 2691 5456 2837 5532; x_wconf 68' lang='lat' dir='ltr'><strong>nm‘)</strong></span> <span class='ocrx_word' id='word_1_851' title='bbox 2875 5478 3017 5531; x_wconf 63' lang='lat' dir='ltr'><strong>nl&#39;i:</strong></span> <span class='ocrx_word' id='word_1_852' title='bbox 3047 5514 3060 5538; x_wconf 91' lang='lat'><strong>,</strong></span> <span class='ocrx_word' id='word_1_853' title='bbox 3099 5479 3252 5527; x_wconf 89' lang='lat' dir='ltr'><strong>notat</strong></span> <span class='ocrx_word' id='word_1_854' title='bbox 3282 5473 3384 5527; x_wconf 90' lang='lat' dir='ltr'><strong>hac</strong></span> <span class='ocrx_word' id='word_1_855' title='bbox 3429 5474 3544 5543; x_wconf 89' lang='lat' dir='ltr'><strong>ipsa</strong></span> <span class='ocrx_word' id='word_1_856' title='bbox 3576 5473 3840 5541; x_wconf 86' lang='lat' dir='ltr'><strong>interpre-</strong></span> 
     </span>
    </p>
   </div>
   <div class='ocr_carea' id='block_1_147' title="bbox 2245 5573 3840 5642">
    <p class='ocr_par' dir='ltr' id='par_1_147' title="bbox 2245 5573 3840 5642">
     <span class='ocr_line' id='line_1_148' title="bbox 2245 5573 3840 5642; baseline -0.004 -7"><span class='ocrx_word' id='word_1_857' title='bbox 2245 5581 2449 5636; x_wconf 86' lang='lat' dir='ltr'><strong>tatione</strong></span> <span class='ocrx_word' id='word_1_858' title='bbox 2471 5593 2589 5641; x_wconf 92' lang='lat' dir='ltr'><strong>sua,</strong></span> <span class='ocrx_word' id='word_1_859' title='bbox 2615 5573 2765 5642; x_wconf 77' lang='lat' dir='ltr'><strong>a/fert</strong></span> <span class='ocrx_word' id='word_1_860' title='bbox 2788 5585 3023 5629; x_wconf 88' lang='lat' dir='ltr'><strong>mortem.</strong></span> <span class='ocrx_word' id='word_1_861' title='bbox 3041 5574 3275 5630; x_wconf 65' lang='lat' dir='ltr'><strong>Hebraea</strong></span> <span class='ocrx_word' id='word_1_862' title='bbox 3288 5589 3422 5630; x_wconf 89' lang='lat' dir='ltr'><strong>vero</strong></span> <span class='ocrx_word' id='word_1_863' title='bbox 3446 5574 3612 5631; x_wconf 88' lang='lat' dir='ltr'><strong>lectio</strong></span> <span class='ocrx_word' id='word_1_864' title='bbox 3629 5573 3840 5631; x_wconf 88' lang='lat' dir='ltr'><strong>tametsi</strong></span> 
     </span>
    </p>
   </div>
   <div class='ocr_carea' id='block_1_148' title="bbox 2249 5646 3838 5717">
    <p class='ocr_par' dir='ltr' id='par_1_148' title="bbox 2249 5646 3838 5717">
     <span class='ocr_line' id='line_1_149' title="bbox 2249 5646 3838 5717; baseline -0.006 -9"><span class='ocrx_word' id='word_1_865' title='bbox 2249 5653 2402 5709; x_wconf 86' lang='lat' dir='ltr'><strong>varie</strong></span> <span class='ocrx_word' id='word_1_866' title='bbox 2440 5650 2508 5704; x_wconf 93' lang='lat' dir='ltr'><strong>ab</strong></span> <span class='ocrx_word' id='word_1_867' title='bbox 2539 5646 2929 5714; x_wconf 85' lang='lat' dir='ltr'><strong>interpretibus</strong></span> <span class='ocrx_word' id='word_1_868' title='bbox 2959 5646 3228 5710; x_wconf 90' lang='lat' dir='ltr'><strong>redditur,</strong></span> <span class='ocrx_word' id='word_1_869' title='bbox 3263 5662 3327 5702; x_wconf 91' lang='lat' dir='ltr'><strong>ac</strong></span> <span class='ocrx_word' id='word_1_870' title='bbox 3355 5657 3482 5717; x_wconf 91' lang='lat' dir='ltr'><strong>sunt</strong></span> <span class='ocrx_word' id='word_1_871' title='bbox 3521 5647 3613 5717; x_wconf 89' lang='lat' dir='ltr'><strong>qui</strong></span> <span class='ocrx_word' id='word_1_872' title='bbox 3642 5646 3838 5702; x_wconf 84' lang='lat' dir='ltr'><strong>Chala-</strong></span> 
     </span>
    </p>
   </div>
   <div class='ocr_carea' id='block_1_149' title="bbox 2253 5716 3840 5782">
    <p class='ocr_par' dir='ltr' id='par_1_149' title="bbox 2253 5716 3840 5782">
     <span class='ocr_line' id='line_1_150' title="bbox 2253 5716 3840 5782; baseline -0.005 -4"><span class='ocrx_word' id='word_1_873' title='bbox 2253 5721 2393 5778; x_wconf 85' lang='lat' dir='ltr'><strong>muth</strong></span> <span class='ocrx_word' id='word_1_874' title='bbox 2422 5719 2593 5778; x_wconf 89' lang='lat' dir='ltr'><strong>velint</strong></span> <span class='ocrx_word' id='word_1_875' title='bbox 2631 5717 2869 5772; x_wconf 81' lang='lat' dir='ltr'><strong>albumen</strong></span> <span class='ocrx_word' id='word_1_876' title='bbox 2897 5717 2976 5770; x_wconf 76' lang='lat' dir='ltr'><strong>ovi</strong></span> <span class='ocrx_word' id='word_1_877' title='bbox 3013 5717 3318 5782; x_wconf 73' lang='lat' dir='ltr'><strong>signiﬁcare</strong></span> <span class='ocrx_word' id='word_1_878' title='bbox 3351 5735 3365 5771; x_wconf 88' lang='lat'>:</span> <span class='ocrx_word' id='word_1_879' title='bbox 3398 5716 3514 5774; x_wconf 88' lang='lat' dir='ltr'><strong>fere</strong></span> <span class='ocrx_word' id='word_1_880' title='bbox 3541 5716 3723 5774; x_wconf 83' lang='lat' dir='ltr'><strong>tamen</strong></span> <span class='ocrx_word' id='word_1_881' title='bbox 3755 5732 3840 5772; x_wconf 75' lang='lat' dir='ltr'><strong>ex-</strong></span> 
     </span>
    </p>
   </div>
   <div class='ocr_carea' id='block_1_150' title="bbox 2254 5788 3840 5880">
    <p class='ocr_par' dir='ltr' id='par_1_150' title="bbox 2254 5788 3840 5880">
     <span class='ocr_line' id='line_1_151' title="bbox 2254 5788 3840 5880; baseline -0.006 -28"><span class='ocrx_word' id='word_1_882' title='bbox 2254 5795 2473 5880; x_wconf 81' lang='lat' dir='ltr'><strong>ponitur</strong></span> <span class='ocrx_word' id='word_1_883' title='bbox 2495 5789 2830 5856; x_wconf 86' lang='lat' dir='ltr'><strong>concinniori</strong></span> <span class='ocrx_word' id='word_1_884' title='bbox 2852 5804 3016 5849; x_wconf 84' lang='lat' dir='ltr'><strong>sensu</strong></span> <span class='ocrx_word' id='word_1_885' title='bbox 3054 5788 3123 5847; x_wconf 90' lang='lat' dir='ltr'><strong>de</strong></span> <span class='ocrx_word' id='word_1_886' title='bbox 3147 5789 3312 5848; x_wconf 90' lang='lat' dir='ltr'><strong>saliva</strong></span> <span class='ocrx_word' id='word_1_887' title='bbox 3344 5788 3697 5856; x_wconf 87' lang='lat' dir='ltr'><strong>dormientis;</strong></span> <span class='ocrx_word' id='word_1_888' title='bbox 3725 5802 3840 5845; x_wconf 86' lang='lat' dir='ltr'><strong>nam</strong></span> 
     </span>
    </p>
   </div>
  </div>
