  <div class='ocr_page' id='page_1' title='image "/cluster/home/n/w/nwhite01/storage/ocr_20150623/28/hvd.32044015471410/550.png"; bbox 0 0 4108 6360; ppageno 0'>
   <div class='ocr_carea' id='block_1_1' title="bbox 294 313 1598 377">
    <p class='ocr_par' dir='ltr' id='par_1_1' title="bbox 294 313 1598 377">
     <span class='ocr_line' id='line_1_1' title="bbox 294 313 1598 377; baseline -0.003 -1"><span class='ocrx_word' id='word_1_1' title='bbox 294 313 435 377; x_wconf 76' lang='grc'><strong>1089</strong></span> <span class='ocrx_word' id='word_1_2' title='bbox 1580 336 1598 372; x_wconf 79' lang='lat' dir='ltr'><strong>s</strong></span> 
     </span>
    </p>
   </div>
   <div class='ocr_carea' id='block_1_2' title="bbox 289 426 1492 507">
    <p class='ocr_par' dir='ltr' id='par_1_2' title="bbox 289 426 1492 507">
     <span class='ocr_line' id='line_1_2' title="bbox 289 426 1492 507; baseline -0.009 -14"><span class='ocrx_word' id='word_1_3' title='bbox 289 436 425 506; x_wconf 74' lang='lat' dir='ltr'><strong>Quae</strong></span> <span class='ocrx_word' id='word_1_4' title='bbox 448 433 597 507; x_wconf 84' lang='lat' dir='ltr'><strong>prius</strong></span> <span class='ocrx_word' id='word_1_5' title='bbox 623 440 847 504; x_wconf 76' lang='lat' dir='ltr'><strong>tangere</strong></span> <span class='ocrx_word' id='word_1_6' title='bbox 866 428 1096 507; x_wconf 73' lang='lat' dir='ltr'><strong>nolebat</strong></span> <span class='ocrx_word' id='word_1_7' title='bbox 1132 426 1310 507; x_wconf 78' lang='lat' dir='ltr'><strong>anima</strong></span> <span class='ocrx_word' id='word_1_8' title='bbox 1336 441 1453 486; x_wconf 89' lang='lat' dir='ltr'><strong>mea</strong></span> <span class='ocrx_word' id='word_1_9' title='bbox 1474 472 1492 501; x_wconf 87' lang='lat'><strong>,</strong></span> 
     </span>
    </p>
   </div>
   <div class='ocr_carea' id='block_1_3' title="bbox 363 501 1389 577">
    <p class='ocr_par' dir='ltr' id='par_1_3' title="bbox 363 501 1389 577">
     <span class='ocr_line' id='line_1_3' title="bbox 363 501 1389 577; baseline -0.008 -14"><span class='ocrx_word' id='word_1_10' title='bbox 363 501 507 563; x_wconf 78' lang='lat' dir='ltr'><strong>nunc</strong></span> <span class='ocrx_word' id='word_1_11' title='bbox 532 520 641 577; x_wconf 65' lang='lat' dir='ltr'><strong>prie</strong></span> <span class='ocrx_word' id='word_1_12' title='bbox 668 501 913 576; x_wconf 79' lang='lat' dir='ltr'><strong>angustia</strong></span> <span class='ocrx_word' id='word_1_13' title='bbox 933 545 947 570; x_wconf 92' lang='lat'><strong>,</strong></span> <span class='ocrx_word' id='word_1_14' title='bbox 982 501 1087 577; x_wconf 84' lang='lat' dir='ltr'><strong>cibi</strong></span> <span class='ocrx_word' id='word_1_15' title='bbox 1108 503 1213 557; x_wconf 90' lang='lat' dir='ltr'><strong>mei</strong></span> <span class='ocrx_word' id='word_1_16' title='bbox 1245 509 1389 556; x_wconf 91' lang='lat' dir='ltr'><strong>sunt.</strong></span> 
     </span>
    </p>
   </div>
   <div class='ocr_carea' id='block_1_4' title="bbox 290 576 1274 650">
    <p class='ocr_par' dir='ltr' id='par_1_4' title="bbox 290 576 1274 650">
     <span class='ocr_line' id='line_1_4' title="bbox 290 576 1274 650; baseline -0.01 -13"><span class='ocrx_word' id='word_1_17' title='bbox 290 580 424 650; x_wconf 91' lang='lat' dir='ltr'><strong>Quis</strong></span> <span class='ocrx_word' id='word_1_18' title='bbox 450 576 574 645; x_wconf 86' lang='lat' dir='ltr'><strong>det,</strong></span> <span class='ocrx_word' id='word_1_19' title='bbox 609 585 667 632; x_wconf 92' lang='lat' dir='ltr'><strong>ut</strong></span> <span class='ocrx_word' id='word_1_20' title='bbox 693 578 869 633; x_wconf 97' lang='lat' dir='ltr'><strong>veniat</strong></span> <span class='ocrx_word' id='word_1_21' title='bbox 900 576 1087 650; x_wconf 73' lang='lat' dir='ltr'><strong>petitio</strong></span> <span class='ocrx_word' id='word_1_22' title='bbox 1117 588 1274 650; x_wconf 91' lang='lat' dir='ltr'><strong>mea__:</strong></span> 
     </span>
    </p>
   </div>
   <div class='ocr_carea' id='block_1_5' title="bbox 361 644 1509 724">
    <p class='ocr_par' dir='ltr' id='par_1_5' title="bbox 361 644 1509 724">
     <span class='ocr_line' id='line_1_5' title="bbox 361 644 1509 724; baseline -0.006 -16"><span class='ocrx_word' id='word_1_23' title='bbox 361 660 419 708; x_wconf 90' lang='lat' dir='ltr'><strong>et</strong></span> <span class='ocrx_word' id='word_1_24' title='bbox 447 644 590 724; x_wconf 86' lang='lat' dir='ltr'><strong>quod</strong></span> <span class='ocrx_word' id='word_1_25' title='bbox 624 657 883 724; x_wconf 81' lang='lat' dir='ltr'><strong>exspecto</strong></span> <span class='ocrx_word' id='word_1_26' title='bbox 901 644 916 716; x_wconf 62' lang='grc' dir='ltr'>ξ</span> <span class='ocrx_word' id='word_1_27' title='bbox 947 646 1151 703; x_wconf 78' lang='lat' dir='ltr'><strong>tribuat</strong></span> <span class='ocrx_word' id='word_1_28' title='bbox 1174 644 1509 724; x_wconf 29' lang='lat' dir='ltr'><strong>mihi‘Deus?</strong></span> 
     </span>
    </p>
   </div>
   <div class='ocr_carea' id='block_1_6' title="bbox 363 717 1324 796">
    <p class='ocr_par' dir='ltr' id='par_1_6' title="bbox 363 717 1324 796">
     <span class='ocr_line' id='line_1_6' title="bbox 363 717 1324 796; baseline -0.009 -17"><span class='ocrx_word' id='word_1_29' title='bbox 363 732 419 779; x_wconf 90' lang='lat' dir='ltr'><strong>et</strong></span> <span class='ocrx_word' id='word_1_30' title='bbox 441 717 531 796; x_wconf 77' lang='lat' dir='ltr'><strong>qui</strong></span> <span class='ocrx_word' id='word_1_31' title='bbox 561 717 761 793; x_wconf 56' lang='lat' dir='ltr'><strong>ccepit&#39;,</strong></span> <span class='ocrx_word' id='word_1_32' title='bbox 796 721 908 790; x_wconf 90' lang='lat' dir='ltr'><strong>ipse</strong></span> <span class='ocrx_word' id='word_1_33' title='bbox 932 734 1018 775; x_wconf 89' lang='lat' dir='ltr'><strong>me</strong></span> <span class='ocrx_word' id='word_1_34' title='bbox 1038 717 1324 796; x_wconf 76' lang='lat' dir='ltr'><strong>conterat?</strong></span> 
     </span>
    </p>
   </div>
   <div class='ocr_carea' id='block_1_7' title="bbox 290 787 1437 859">
    <p class='ocr_par' dir='ltr' id='par_1_7' title="bbox 290 787 1437 859">
     <span class='ocr_line' id='line_1_7' title="bbox 290 787 1437 859; baseline -0.01 -5"><span class='ocrx_word' id='word_1_35' title='bbox 290 787 480 855; x_wconf 74' lang='lat' dir='ltr'><strong>Solva&#39;t</strong></span> <span class='ocrx_word' id='word_1_36' title='bbox 504 787 723 851; x_wconf 81' lang='lat' dir='ltr'><strong>manum</strong></span> <span class='ocrx_word' id='word_1_37' title='bbox 747 787 902 848; x_wconf 81' lang='lat' dir='ltr'><strong>suam</strong></span> <span class='ocrx_word' id='word_1_38' title='bbox 924 834 939 859; x_wconf 96' lang='lat'><strong>,</strong></span> <span class='ocrx_word' id='word_1_39' title='bbox 966 799 1022 847; x_wconf 90' lang='lat' dir='ltr'><strong>et</strong></span> <span class='ocrx_word' id='word_1_40' title='bbox 1044 789 1288 845; x_wconf 88' lang='lat' dir='ltr'><strong>succidat</strong></span> <span class='ocrx_word' id='word_1_41' title='bbox 1310 787 1437 845; x_wconf 87' lang='lat' dir='ltr'><strong>me?</strong></span> 
     </span>
    </p>
   </div>
   <div class='ocr_carea' id='block_1_8' title="bbox 294 861 1206 928">
    <p class='ocr_par' dir='ltr' id='par_1_8' title="bbox 294 861 1206 928">
     <span class='ocr_line' id='line_1_8' title="bbox 294 861 1206 928; baseline -0.008 -4"><span class='ocrx_word' id='word_1_42' title='bbox 294 884 298 889; x_wconf 87' lang='grc'><strong>·</strong></span> <span class='ocrx_word' id='word_1_43' title='bbox 365 869 432 925; x_wconf 82' lang='lat' dir='ltr'><strong>Et</strong></span> <span class='ocrx_word' id='word_1_44' title='bbox 463 867 579 922; x_wconf 65' lang='lat' dir='ltr'><strong>haec</strong></span> <span class='ocrx_word' id='word_1_45' title='bbox 608 864 740 922; x_wconf 90' lang='lat' dir='ltr'><strong>mihi</strong></span> <span class='ocrx_word' id='word_1_46' title='bbox 771 866 843 920; x_wconf 93' lang='lat' dir='ltr'><strong>sit</strong></span> <span class='ocrx_word' id='word_1_47' title='bbox 872 861 1206 928; x_wconf 72' lang='lat' dir='ltr'><strong>consolatio,</strong></span> 
     </span>
    </p>
   </div>
   <div class='ocr_carea' id='block_1_9' title="bbox 365 935 1461 1009">
    <p class='ocr_par' dir='ltr' id='par_1_9' title="bbox 365 935 1461 1009">
     <span class='ocr_line' id='line_1_9' title="bbox 365 935 1461 1009; baseline -0.006 -14"><span class='ocrx_word' id='word_1_48' title='bbox 365 951 425 995; x_wconf 89' lang='lat' dir='ltr'><strong>ut</strong></span> <span class='ocrx_word' id='word_1_49' title='bbox 453 937 711 1009; x_wconf 83' lang='lat' dir='ltr'><strong>affligens</strong></span> <span class='ocrx_word' id='word_1_50' title='bbox 730 952 817 993; x_wconf 91' lang='lat' dir='ltr'><strong>me</strong></span> <span class='ocrx_word' id='word_1_51' title='bbox 854 935 1077 1002; x_wconf 88' lang='lat' dir='ltr'><strong>dolore,</strong></span> <span class='ocrx_word' id='word_1_52' title='bbox 1113 948 1222 1009; x_wconf 77' lang='lat' dir='ltr'><strong>non</strong></span> <span class='ocrx_word' id='word_1_53' title='bbox 1245 940 1461 1009; x_wconf 72' lang='lat' dir='ltr'><strong>parcat,</strong></span> 
     </span>
    </p>
   </div>
   <div class='ocr_carea' id='block_1_10' title="bbox 366 1006 1470 1068">
    <p class='ocr_par' dir='ltr' id='par_1_10' title="bbox 366 1006 1470 1068">
     <span class='ocr_line' id='line_1_10' title="bbox 366 1006 1470 1068; baseline -0.007 -1"><span class='ocrx_word' id='word_1_54' title='bbox 366 1026 467 1068; x_wconf 89' lang='lat' dir='ltr'><strong>nec</strong></span> <span class='ocrx_word' id='word_1_55' title='bbox 492 1006 865 1067; x_wconf 81' lang='lat' dir='ltr'><strong>contradicam</strong></span> <span class='ocrx_word' id='word_1_56' title='bbox 896 1006 1241 1063; x_wconf 87' lang='lat' dir='ltr'><strong>sermonibus</strong></span> <span class='ocrx_word' id='word_1_57' title='bbox 1264 1006 1470 1061; x_wconf 90' lang='lat' dir='ltr'><strong>Sancti.</strong></span> 
     </span>
    </p>
   </div>
   <div class='ocr_carea' id='block_1_11' title="bbox 290 1077 1638 1156">
    <p class='ocr_par' dir='ltr' id='par_1_11' title="bbox 290 1077 1638 1156">
     <span class='ocr_line' id='line_1_11' title="bbox 290 1077 1638 1156; baseline -0.005 -17"><span class='ocrx_word' id='word_1_58' title='bbox 290 1084 424 1156; x_wconf 63' lang='lat' dir='ltr'><strong>Quae</strong></span> <span class='ocrx_word' id='word_1_59' title='bbox 449 1092 533 1141; x_wconf 89' lang='lat' dir='ltr'><strong>est</strong></span> <span class='ocrx_word' id='word_1_60' title='bbox 559 1079 996 1156; x_wconf 82' lang='lat' dir='ltr'><strong>eniml&#39;ortitudo</strong></span> <span class='ocrx_word' id='word_1_61' title='bbox 1027 1092 1145 1134; x_wconf 90' lang='lat' dir='ltr'><strong>mea</strong></span> <span class='ocrx_word' id='word_1_62' title='bbox 1168 1086 1271 1156; x_wconf 89' lang='lat' dir='ltr'><strong>,_ut</strong></span> <span class='ocrx_word' id='word_1_63' title='bbox 1301 1077 1638 1156; x_wconf 79' lang='lat' dir='ltr'><strong>sustineam?</strong></span> 
     </span>
    </p>
   </div>
   <div class='ocr_carea' id='block_1_12' title="bbox 367 1149 1583 1225">
    <p class='ocr_par' dir='ltr' id='par_1_12' title="bbox 367 1149 1583 1225">
     <span class='ocr_line' id='line_1_12' title="bbox 367 1149 1583 1225; baseline -0.004 -16"><span class='ocrx_word' id='word_1_64' title='bbox 367 1168 459 1211; x_wconf 93' lang='lat' dir='ltr'><strong>aut</strong></span> <span class='ocrx_word' id='word_1_65' title='bbox 487 1155 611 1225; x_wconf 87' lang='lat' dir='ltr'><strong>quis</strong></span> <span class='ocrx_word' id='word_1_66' title='bbox 639 1154 760 1209; x_wconf 85' lang='lat' dir='ltr'><strong>linis</strong></span> <span class='ocrx_word' id='word_1_67' title='bbox 790 1165 973 1225; x_wconf 84' lang='lat' dir='ltr'><strong>meus,</strong></span> <span class='ocrx_word' id='word_1_68' title='bbox 1000 1158 1067 1225; x_wconf 14' lang='lat' dir='ltr'><strong>Aut</strong></span> <span class='ocrx_word' id='word_1_69' title='bbox 1093 1151 1360 1225; x_wconf 77' lang='lat' dir='ltr'><strong>patienter</strong></span> <span class='ocrx_word' id='word_1_70' title='bbox 1388 1149 1583 1220; x_wconf 83' lang='lat' dir='ltr'><strong>agam?</strong></span> 
     </span>
    </p>
   </div>
   <div class='ocr_carea' id='block_1_13' title="bbox 296 1222 1435 1296">
    <p class='ocr_par' dir='ltr' id='par_1_13' title="bbox 296 1222 1435 1296">
     <span class='ocr_line' id='line_1_13' title="bbox 296 1222 1435 1296; baseline -0.009 -11"><span class='ocrx_word' id='word_1_71' title='bbox 296 1226 409 1285; x_wconf 89' lang='lat' dir='ltr'><strong>Nec</strong></span> <span class='ocrx_word' id='word_1_72' title='bbox 438 1222 696 1283; x_wconf 79' lang='lat' dir='ltr'><strong>fortitudo</strong></span> <span class='ocrx_word' id='word_1_73' title='bbox 724 1223 961 1296; x_wconf 87' lang='lat' dir='ltr'><strong>lapidum</strong></span> <span class='ocrx_word' id='word_1_74' title='bbox 987 1222 1255 1296; x_wconf 63' lang='lat' dir='ltr'><strong>fortitudo</strong></span> <span class='ocrx_word' id='word_1_75' title='bbox 1274 1235 1400 1296; x_wconf 78' lang='lat' dir='ltr'><strong>mea</strong></span> <span class='ocrx_word' id='word_1_76' title='bbox 1419 1261 1435 1287; x_wconf 93' lang='lat'><strong>,</strong></span> 
     </span>
    </p>
   </div>
   <div class='ocr_carea' id='block_1_14' title="bbox 369 1289 1426 1367">
    <p class='ocr_par' dir='ltr' id='par_1_14' title="bbox 369 1289 1426 1367">
     <span class='ocr_line' id='line_1_14' title="bbox 369 1289 1426 1367; baseline -0.007 -13"><span class='ocrx_word' id='word_1_77' title='bbox 369 1314 471 1356; x_wconf 91' lang='lat' dir='ltr'><strong>nec</strong></span> <span class='ocrx_word' id='word_1_78' title='bbox 494 1314 625 1354; x_wconf 88' lang='lat' dir='ltr'><strong>caro</strong></span> <span class='ocrx_word' id='word_1_79' title='bbox 652 1289 948 1353; x_wconf 61' lang='lat' dir='ltr'><strong>mea&#39;aenea</strong></span> <span class='ocrx_word' id='word_1_80' title='bbox 985 1289 1294 1367; x_wconf 70' lang='lat' dir='ltr'><strong>[Al._:erea]</strong></span> <span class='ocrx_word' id='word_1_81' title='bbox 1322 1301 1426 1347; x_wconf 88' lang='lat' dir='ltr'><strong>est.</strong></span> 
     </span>
    </p>
   </div>
   <div class='ocr_carea' id='block_1_15' title="bbox 295 1364 1399 1441">
    <p class='ocr_par' dir='ltr' id='par_1_15' title="bbox 295 1364 1399 1441">
     <span class='ocr_line' id='line_1_15' title="bbox 295 1364 1399 1441; baseline -0.01 -12"><span class='ocrx_word' id='word_1_82' title='bbox 295 1371 473 1441; x_wconf 76' lang='lat' dir='ltr'><strong>Bece,</strong></span> <span class='ocrx_word' id='word_1_83' title='bbox 496 1385 605 1426; x_wconf 91' lang='lat' dir='ltr'><strong>non</strong></span> <span class='ocrx_word' id='word_1_84' title='bbox 636 1377 721 1425; x_wconf 87' lang='lat' dir='ltr'><strong>est</strong></span> <span class='ocrx_word' id='word_1_85' title='bbox 743 1364 1005 1423; x_wconf 76' lang='lat' dir='ltr'><strong>auxilium</strong></span> <span class='ocrx_word' id='word_1_86' title='bbox 1030 1364 1160 1441; x_wconf 83' lang='lat' dir='ltr'><strong>mihi</strong></span> <span class='ocrx_word' id='word_1_87' title='bbox 1191 1365 1243 1419; x_wconf 90' lang='lat' dir='ltr'><strong>in</strong></span> <span class='ocrx_word' id='word_1_88' title='bbox 1278 1380 1399 1433; x_wconf 87' lang='lat' dir='ltr'><strong>me,</strong></span> 
     </span>
    </p>
   </div>
   <div class='ocr_carea' id='block_1_16' title="bbox 366 1438 1679 1511">
    <p class='ocr_par' dir='ltr' id='par_1_16' title="bbox 366 1438 1679 1511">
     <span class='ocr_line' id='line_1_16' title="bbox 366 1438 1679 1511; baseline -0.004 -11"><span class='ocrx_word' id='word_1_89' title='bbox 366 1454 423 1500; x_wconf 88' lang='lat' dir='ltr'><strong>et</strong></span> <span class='ocrx_word' id='word_1_90' title='bbox 448 1438 739 1499; x_wconf 83' lang='lat' dir='ltr'><strong>necessarii</strong></span> <span class='ocrx_word' id='word_1_91' title='bbox 764 1454 981 1511; x_wconf 91' lang='lat' dir='ltr'><strong>quoque</strong></span> <span class='ocrx_word' id='word_1_92' title='bbox 1006 1438 1113 1511; x_wconf 87' lang='lat' dir='ltr'><strong>mei</strong></span> <span class='ocrx_word' id='word_1_93' title='bbox 1138 1443 1488 1511; x_wconf 84' lang='lat' dir='ltr'><strong>recesserunt</strong></span> <span class='ocrx_word' id='word_1_94' title='bbox 1513 1451 1543 1492; x_wconf 92' lang='lat' dir='ltr'><strong>a</strong></span> <span class='ocrx_word' id='word_1_95' title='bbox 1571 1451 1679 1496; x_wconf 88' lang='lat' dir='ltr'><strong>me.</strong></span> 
     </span>
    </p>
   </div>
   <div class='ocr_carea' id='block_1_17' title="bbox 295 1506 1470 1585">
    <p class='ocr_par' dir='ltr' id='par_1_17' title="bbox 295 1506 1470 1585">
     <span class='ocr_line' id='line_1_17' title="bbox 295 1506 1470 1585; baseline -0.007 -14"><span class='ocrx_word' id='word_1_96' title='bbox 295 1515 399 1585; x_wconf 93' lang='lat' dir='ltr'><strong>Qui</strong></span> <span class='ocrx_word' id='word_1_97' title='bbox 429 1514 566 1569; x_wconf 83' lang='lat' dir='ltr'><strong>tollit</strong></span> <span class='ocrx_word' id='word_1_98' title='bbox 586 1506 853 1585; x_wconf 16' lang='lat' dir='ltr'><strong>abgami&#39;co</strong></span> <span class='ocrx_word' id='word_1_99' title='bbox 879 1506 979 1585; x_wconf 82' lang='lat' dir='ltr'><strong>suo</strong></span> <span class='ocrx_word' id='word_1_100' title='bbox 1005 1506 1470 1585; x_wconf 82' lang='lat' dir='ltr'><strong>misericordiam,</strong></span> 
     </span>
    </p>
   </div>
   <div class='ocr_carea' id='block_1_18' title="bbox 372 1580 1245 1652">
    <p class='ocr_par' dir='ltr' id='par_1_18' title="bbox 372 1580 1245 1652">
     <span class='ocr_line' id='line_1_18' title="bbox 372 1580 1245 1652; baseline -0.005 -11"><span class='ocrx_word' id='word_1_101' title='bbox 372 1587 626 1642; x_wconf 81' lang='lat' dir='ltr'><strong>timorem</strong></span> <span class='ocrx_word' id='word_1_102' title='bbox 655 1583 868 1640; x_wconf 90' lang='lat' dir='ltr'><strong>Domini</strong></span> <span class='ocrx_word' id='word_1_103' title='bbox 893 1580 1245 1652; x_wconf 89' lang='lat' dir='ltr'><strong>derelinquit.</strong></span> 
     </span>
    </p>
   </div>
   <div class='ocr_carea' id='block_1_19' title="bbox 298 1655 1198 1726">
    <p class='ocr_par' dir='ltr' id='par_1_19' title="bbox 298 1655 1198 1726">
     <span class='ocr_line' id='line_1_19' title="bbox 298 1655 1198 1726; baseline -0.007 -11"><span class='ocrx_word' id='word_1_104' title='bbox 298 1657 521 1715; x_wconf 78' lang='lat' dir='ltr'><strong>Fratres</strong></span> <span class='ocrx_word' id='word_1_105' title='bbox 548 1657 650 1714; x_wconf 90' lang='lat' dir='ltr'><strong>mei</strong></span> <span class='ocrx_word' id='word_1_106' title='bbox 676 1655 1055 1726; x_wconf 66' lang='lat' dir='ltr'><strong>praeterierunt</strong></span> <span class='ocrx_word' id='word_1_107' title='bbox 1081 1669 1198 1719; x_wconf 88' lang='lat' dir='ltr'><strong>me,</strong></span> 
     </span>
    </p>
   </div>
   <div class='ocr_carea' id='block_1_20' title="bbox 370 1723 1789 1796">
    <p class='ocr_par' dir='ltr' id='par_1_20' title="bbox 370 1723 1789 1796">
     <span class='ocr_line' id='line_1_20' title="bbox 370 1723 1789 1796; baseline -0.002 -11"><span class='ocrx_word' id='word_1_108' title='bbox 370 1730 514 1786; x_wconf 82' lang='lat' dir='ltr'><strong>sicut</strong></span> <span class='ocrx_word' id='word_1_109' title='bbox 541 1723 761 1787; x_wconf 76' lang='lat' dir='ltr'><strong>torrens</strong></span> <span class='ocrx_word' id='word_1_110' title='bbox 785 1729 875 1796; x_wconf 85' lang='lat' dir='ltr'><strong>qui</strong></span> <span class='ocrx_word' id='word_1_111' title='bbox 906 1727 1102 1795; x_wconf 82' lang='lat' dir='ltr'><strong>raptim</strong></span> <span class='ocrx_word' id='word_1_112' title='bbox 1129 1723 1323 1780; x_wconf 78' lang='lat' dir='ltr'><strong>transit</strong></span> <span class='ocrx_word' id='word_1_113' title='bbox 1351 1723 1401 1779; x_wconf 91' lang='lat' dir='ltr'><strong>in</strong></span> <span class='ocrx_word' id='word_1_114' title='bbox 1431 1724 1789 1784; x_wconf 79' lang='lat' dir='ltr'><strong>convallibus.</strong></span> 
     </span>
    </p>
   </div>
   <div class='ocr_carea' id='block_1_21' title="bbox 299 1798 1612 1872">
    <p class='ocr_par' dir='ltr' id='par_1_21' title="bbox 299 1798 1612 1872">
     <span class='ocr_line' id='line_1_21' title="bbox 299 1798 1612 1872; baseline -0.005 -15"><span class='ocrx_word' id='word_1_115' title='bbox 299 1800 401 1872; x_wconf 90' lang='lat' dir='ltr'><strong>Qui</strong></span> <span class='ocrx_word' id='word_1_116' title='bbox 435 1800 627 1857; x_wconf 88' lang='lat' dir='ltr'><strong>timent</strong></span> <span class='ocrx_word' id='word_1_117' title='bbox 652 1799 1137 1872; x_wconf 23' lang='lat' dir='ltr'><strong>pruinamsirrnet</strong></span> <span class='ocrx_word' id='word_1_118' title='bbox 1161 1811 1327 1872; x_wconf 82' lang='lat' dir='ltr'><strong>super</strong></span> <span class='ocrx_word' id='word_1_119' title='bbox 1359 1798 1577 1872; x_wconf 79' lang='lat' dir='ltr'><strong>eos__nix</strong></span> <span class='ocrx_word' id='word_1_120' title='bbox 1598 1839 1612 1859; x_wconf 90' lang='lat'><strong>,</strong></span> 
     </span>
    </p>
   </div>
   <div class='ocr_carea' id='block_1_22' title="bbox 372 1867 1654 1944">
    <p class='ocr_par' dir='ltr' id='par_1_22' title="bbox 372 1867 1654 1944">
     <span class='ocr_line' id='line_1_22' title="bbox 372 1867 1654 1944; baseline -0.004 -15"><span class='ocrx_word' id='word_1_121' title='bbox 372 1881 617 1944; x_wconf 89' lang='lat' dir='ltr'><strong>tempore</strong></span> <span class='ocrx_word' id='word_1_122' title='bbox 636 1867 665 1938; x_wconf 65' lang='grc'><strong>,⁷</strong></span> <span class='ocrx_word' id='word_1_123' title='bbox 684 1887 795 1944; x_wconf 91' lang='lat' dir='ltr'><strong>quo</strong></span> <span class='ocrx_word' id='word_1_124' title='bbox 822 1869 1023 1944; x_wconf 82' lang='lat' dir='ltr'><strong>fuerint</strong></span> <span class='ocrx_word' id='word_1_125' title='bbox 1044 1868 1329 1944; x_wconf 66' lang='lat' dir='ltr'><strong>dissipati,</strong></span> <span class='ocrx_word' id='word_1_126' title='bbox 1352 1867 1610 1944; x_wconf 82' lang='lat' dir='ltr'><strong>peribunt</strong></span> <span class='ocrx_word' id='word_1_127' title='bbox 1641 1888 1654 1924; x_wconf 89' lang='lat'><strong>:</strong></span> 
     </span>
    </p>
   </div>
   <div class='ocr_carea' id='block_1_23' title="bbox 372 1938 1903 2015">
    <p class='ocr_par' dir='ltr' id='par_1_23' title="bbox 372 1938 1903 2015">
     <span class='ocr_line' id='line_1_23' title="bbox 372 1938 1903 2015; baseline 0.001 -14"><span class='ocrx_word' id='word_1_128' title='bbox 372 1952 433 2001; x_wconf 91' lang='lat' dir='ltr'><strong>et</strong></span> <span class='ocrx_word' id='word_1_129' title='bbox 457 1938 516 2000; x_wconf 80' lang='grc' dir='ltr'><strong>ιιί</strong></span> <span class='ocrx_word' id='word_1_130' title='bbox 544 1938 828 2000; x_wconf 81' lang='lat' dir='ltr'><strong>incaluerit</strong></span> <span class='ocrx_word' id='word_1_131' title='bbox 854 1942 961 2015; x_wconf 74' lang='grc' dir='ltr'><strong>[ΑΙ.</strong></span> <span class='ocrx_word' id='word_1_132' title='bbox 986 1938 1355 2012; x_wconf 78' lang='lat' dir='ltr'><strong>incaluerint],</strong></span> <span class='ocrx_word' id='word_1_133' title='bbox 1382 1939 1665 1998; x_wconf 84' lang='lat' dir='ltr'><strong>solventur</strong></span> <span class='ocrx_word' id='word_1_134' title='bbox 1685 1942 1754 1999; x_wconf 93' lang='lat' dir='ltr'><strong>de</strong></span> <span class='ocrx_word' id='word_1_135' title='bbox 1780 1942 1903 2002; x_wconf 90' lang='lat' dir='ltr'><strong>loco</strong></span> 
     </span>
    </p>
   </div>
   <div class='ocr_carea' id='block_1_24' title="bbox 446 2032 567 2073">
    <p class='ocr_par' dir='ltr' id='par_1_24' title="bbox 446 2032 567 2073">
     <span class='ocr_line' id='line_1_24' title="bbox 446 2032 567 2073; baseline -0.017 -1"><span class='ocrx_word' id='word_1_136' title='bbox 446 2032 567 2073; x_wconf 79' lang='lat'><strong>8110.</strong></span> 
     </span>
    </p>
   </div>
   <div class='ocr_carea' id='block_1_25' title="bbox 301 2086 1511 2157">
    <p class='ocr_par' dir='ltr' id='par_1_25' title="bbox 301 2086 1511 2157">
     <span class='ocr_line' id='line_1_25' title="bbox 301 2086 1511 2157; baseline -0.007 -11"><span class='ocrx_word' id='word_1_137' title='bbox 301 2088 563 2146; x_wconf 74' lang='lat' dir='ltr'><strong>Involutte</strong></span> <span class='ocrx_word' id='word_1_138' title='bbox 591 2098 717 2144; x_wconf 90' lang='lat' dir='ltr'><strong>sunt</strong></span> <span class='ocrx_word' id='word_1_139' title='bbox 743 2086 951 2144; x_wconf 69' lang='lat' dir='ltr'><strong>semita)</strong></span> <span class='ocrx_word' id='word_1_140' title='bbox 972 2098 1253 2157; x_wconf 91' lang='lat' dir='ltr'><strong>gressuum</strong></span> <span class='ocrx_word' id='word_1_141' title='bbox 1283 2097 1471 2139; x_wconf 92' lang='lat' dir='ltr'><strong>eorum</strong></span> <span class='ocrx_word' id='word_1_142' title='bbox 1500 2101 1511 2137; x_wconf 92' lang='lat'><strong>:</strong></span> 
     </span>
    </p>
   </div>
   <div class='ocr_carea' id='block_1_26' title="bbox 374 2157 1509 2227">
    <p class='ocr_par' dir='ltr' id='par_1_26' title="bbox 374 2157 1509 2227">
     <span class='ocr_line' id='line_1_26' title="bbox 374 2157 1509 2227; baseline -0.009 -9"><span class='ocrx_word' id='word_1_143' title='bbox 374 2159 727 2218; x_wconf 87' lang='lat' dir='ltr'><strong>ambulabunt</strong></span> <span class='ocrx_word' id='word_1_144' title='bbox 769 2160 823 2215; x_wconf 92' lang='lat' dir='ltr'><strong>in</strong></span> <span class='ocrx_word' id='word_1_145' title='bbox 854 2173 1079 2215; x_wconf 91' lang='lat' dir='ltr'><strong>vacuum</strong></span> <span class='ocrx_word' id='word_1_146' title='bbox 1102 2199 1117 2224; x_wconf 89' lang='lat'><strong>,</strong></span> <span class='ocrx_word' id='word_1_147' title='bbox 1150 2166 1203 2227; x_wconf 91' lang='lat' dir='ltr'><strong>et</strong></span> <span class='ocrx_word' id='word_1_148' title='bbox 1235 2157 1509 2227; x_wconf 85' lang='lat' dir='ltr'><strong>peribunt.</strong></span> 
     </span>
    </p>
   </div>
   <div class='ocr_carea' id='block_1_27' title="bbox 303 2226 1903 2303">
    <p class='ocr_par' dir='ltr' id='par_1_27' title="bbox 303 2226 1903 2303">
     <span class='ocr_line' id='line_1_27' title="bbox 303 2226 1903 2303; baseline -0.001 -11"><span class='ocrx_word' id='word_1_149' title='bbox 303 2232 659 2303; x_wconf 81' lang='lat' dir='ltr'><strong>Considerate</strong></span> <span class='ocrx_word' id='word_1_150' title='bbox 699 2232 921 2303; x_wconf 84' lang='lat' dir='ltr'><strong>semitas</strong></span> <span class='ocrx_word' id='word_1_151' title='bbox 950 2229 1157 2303; x_wconf 75' lang='lat' dir='ltr'><strong>Thema</strong></span> <span class='ocrx_word' id='word_1_152' title='bbox 1190 2226 1311 2301; x_wconf 81' lang='grc' dir='ltr'><strong>[Αι.</strong></span> <span class='ocrx_word' id='word_1_153' title='bbox 1346 2226 1590 2286; x_wconf 89' lang='lat' dir='ltr'><strong>Theman</strong></span> <span class='ocrx_word' id='word_1_154' title='bbox 1612 2228 1631 2303; x_wconf 94' lang='lat'>]</span> <span class='ocrx_word' id='word_1_155' title='bbox 1655 2271 1671 2300; x_wconf 97' lang='lat'><strong>,</strong></span> <span class='ocrx_word' id='word_1_156' title='bbox 1705 2230 1903 2291; x_wconf 78' lang='lat' dir='ltr'><strong>itinera</strong></span> 
     </span>
    </p>
   </div>
   <div class='ocr_carea' id='block_1_28' title="bbox 450 2301 1014 2377">
    <p class='ocr_par' dir='ltr' id='par_1_28' title="bbox 450 2301 1014 2377">
     <span class='ocr_line' id='line_1_28' title="bbox 450 2301 1014 2377; baseline -0.012 -14"><span class='ocrx_word' id='word_1_157' title='bbox 450 2303 587 2363; x_wconf 81' lang='lat' dir='ltr'><strong>Saba</strong></span> <span class='ocrx_word' id='word_1_158' title='bbox 620 2302 730 2377; x_wconf 80' lang='grc' dir='ltr'><strong>[ΑΙ.</strong></span> <span class='ocrx_word' id='word_1_159' title='bbox 765 2301 983 2377; x_wconf 72' lang='lat' dir='ltr'><strong>sabain]</strong></span> <span class='ocrx_word' id='word_1_160' title='bbox 999 2342 1014 2366; x_wconf 95' lang='lat'><strong>,</strong></span> 
     </span>
    </p>
   </div>
   <div class='ocr_carea' id='block_1_29' title="bbox 378 2370 1543 2447">
    <p class='ocr_par' dir='ltr' id='par_1_29' title="bbox 378 2370 1543 2447">
     <span class='ocr_line' id='line_1_29' title="bbox 378 2370 1543 2447; baseline -0.006 -14"><span class='ocrx_word' id='word_1_161' title='bbox 378 2386 433 2434; x_wconf 89' lang='lat' dir='ltr'><strong>et</strong></span> <span class='ocrx_word' id='word_1_162' title='bbox 456 2370 766 2447; x_wconf 71' lang='lat' dir='ltr'><strong>exspectate</strong></span> <span class='ocrx_word' id='word_1_163' title='bbox 799 2373 903 2447; x_wconf 74' lang='lat' dir='ltr'><strong>[AL</strong></span> <span class='ocrx_word' id='word_1_164' title='bbox 939 2370 1206 2444; x_wconf 78' lang='lat' dir='ltr'><strong>spectate]</strong></span> <span class='ocrx_word' id='word_1_165' title='bbox 1237 2371 1543 2447; x_wconf 79' lang='lat' dir='ltr'><strong>paulisper.</strong></span> 
     </span>
    </p>
   </div>
   <div class='ocr_carea' id='block_1_30' title="bbox 306 2441 1701 2517">
    <p class='ocr_par' dir='ltr' id='par_1_30' title="bbox 306 2441 1701 2517">
     <span class='ocr_line' id='line_1_30' title="bbox 306 2441 1701 2517; baseline -0.007 -8"><span class='ocrx_word' id='word_1_166' title='bbox 306 2448 531 2508; x_wconf 83' lang='lat' dir='ltr'><strong>Confusi</strong></span> <span class='ocrx_word' id='word_1_167' title='bbox 553 2441 709 2514; x_wconf 80' lang='lat' dir='ltr'><strong>sunt,</strong></span> <span class='ocrx_word' id='word_1_168' title='bbox 743 2441 865 2517; x_wconf 78' lang='lat' dir='ltr'><strong>quia</strong></span> <span class='ocrx_word' id='word_1_169' title='bbox 896 2441 1258 2515; x_wconf 71' lang='lat' dir='ltr'><strong>speraverant</strong></span> <span class='ocrx_word' id='word_1_170' title='bbox 1284 2441 1393 2516; x_wconf 79' lang='grc' dir='ltr'><strong>[Αἰ.</strong></span> <span class='ocrx_word' id='word_1_171' title='bbox 1416 2441 1653 2517; x_wconf 83' lang='lat' dir='ltr'><strong>speravi]</strong></span> <span class='ocrx_word' id='word_1_172' title='bbox 1689 2466 1701 2501; x_wconf 86' lang='lat'>:</span> 
     </span>
    </p>
   </div>
   <div class='ocr_carea' id='block_1_31' title="bbox 381 2516 1975 2594">
    <p class='ocr_par' dir='ltr' id='par_1_31' title="bbox 381 2516 1975 2594">
     <span class='ocr_line' id='line_1_31' title="bbox 381 2516 1975 2594; baseline 0.001 -17"><span class='ocrx_word' id='word_1_173' title='bbox 381 2526 652 2577; x_wconf 89' lang='lat' dir='ltr'><strong>venerunt</strong></span> <span class='ocrx_word' id='word_1_174' title='bbox 678 2516 898 2591; x_wconf 86' lang='lat' dir='ltr'><strong>quoque</strong></span> <span class='ocrx_word' id='word_1_175' title='bbox 917 2532 1089 2588; x_wconf 89' lang='lat' dir='ltr'><strong>usque</strong></span> <span class='ocrx_word' id='word_1_176' title='bbox 1114 2517 1181 2572; x_wconf 89' lang='lat' dir='ltr'><strong>ad</strong></span> <span class='ocrx_word' id='word_1_177' title='bbox 1200 2531 1310 2584; x_wconf 89' lang='lat' dir='ltr'><strong>me,</strong></span> <span class='ocrx_word' id='word_1_178' title='bbox 1341 2526 1396 2572; x_wconf 90' lang='lat' dir='ltr'><strong>et</strong></span> <span class='ocrx_word' id='word_1_179' title='bbox 1425 2516 1649 2587; x_wconf 80' lang='lat' dir='ltr'><strong>pudore</strong></span> <span class='ocrx_word' id='word_1_180' title='bbox 1662 2521 1906 2594; x_wconf 91' lang='lat' dir='ltr'><strong>cooperti</strong></span> <span class='ocrx_word' id='word_1_181' title='bbox 1970 2536 1975 2537; x_wconf 47' lang='grc' dir='ltr'>ί</span> 
     </span>
    </p>
   </div>
   <div class='ocr_carea' id='block_1_32' title="bbox 455 2600 603 2648">
    <p class='ocr_par' dir='ltr' id='par_1_32' title="bbox 455 2600 603 2648">
     <span class='ocr_line' id='line_1_32' title="bbox 455 2600 603 2648; baseline 0 0"><span class='ocrx_word' id='word_1_182' title='bbox 455 2600 603 2648; x_wconf 84' lang='lat' dir='ltr'><strong>sunt.</strong></span> 
     </span>
    </p>
   </div>
   <div class='ocr_carea' id='block_1_33' title="bbox 311 2662 762 2724">
    <p class='ocr_par' dir='ltr' id='par_1_33' title="bbox 311 2662 762 2724">
     <span class='ocr_line' id='line_1_33' title="bbox 311 2662 762 2724; baseline -0.016 0"><span class='ocrx_word' id='word_1_183' title='bbox 311 2664 468 2724; x_wconf 84' lang='lat' dir='ltr'><strong>Nunc</strong></span> <span class='ocrx_word' id='word_1_184' title='bbox 496 2662 723 2720; x_wconf 77' lang='lat' dir='ltr'><strong>venistis</strong></span> <span class='ocrx_word' id='word_1_185' title='bbox 747 2678 762 2717; x_wconf 91' lang='lat'><strong>:</strong></span> 
     </span>
    </p>
   </div>
   <div class='ocr_carea' id='block_1_34' title="bbox 384 2731 1655 2805">
    <p class='ocr_par' dir='ltr' id='par_1_34' title="bbox 384 2731 1655 2805">
     <span class='ocr_line' id='line_1_34' title="bbox 384 2731 1655 2805; baseline -0.002 -11"><span class='ocrx_word' id='word_1_186' title='bbox 384 2746 441 2794; x_wconf 89' lang='lat' dir='ltr'><strong>et</strong></span> <span class='ocrx_word' id='word_1_187' title='bbox 471 2736 633 2792; x_wconf 87' lang='lat' dir='ltr'><strong>modo</strong></span> <span class='ocrx_word' id='word_1_188' title='bbox 663 2734 915 2792; x_wconf 81' lang='lat' dir='ltr'><strong>videntes</strong></span> <span class='ocrx_word' id='word_1_189' title='bbox 944 2731 1156 2805; x_wconf 79' lang='lat' dir='ltr'><strong>plagam</strong></span> <span class='ocrx_word' id='word_1_190' title='bbox 1186 2746 1363 2790; x_wconf 86' lang='lat' dir='ltr'><strong>meam</strong></span> <span class='ocrx_word' id='word_1_191' title='bbox 1382 2771 1399 2801; x_wconf 94' lang='lat'><strong>,</strong></span> <span class='ocrx_word' id='word_1_192' title='bbox 1430 2731 1655 2791; x_wconf 88' lang='lat' dir='ltr'><strong>timetis.</strong></span> 
     </span>
    </p>
   </div>
   <div class='ocr_carea' id='block_1_35' title="bbox 318 2804 1215 2872">
    <p class='ocr_par' dir='ltr' id='par_1_35' title="bbox 318 2804 1215 2872">
     <span class='ocr_line' id='line_1_35' title="bbox 318 2804 1215 2872; baseline -0.008 -6"><span class='ocrx_word' id='word_1_193' title='bbox 318 2806 590 2872; x_wconf 84' lang='lat' dir='ltr'><strong>Numquid</strong></span> <span class='ocrx_word' id='word_1_194' title='bbox 623 2806 734 2863; x_wconf 78' lang='lat' dir='ltr'><strong>dixi</strong></span> <span class='ocrx_word' id='word_1_195' title='bbox 766 2826 781 2861; x_wconf 87' lang='lat'><strong>:</strong></span> <span class='ocrx_word' id='word_1_196' title='bbox 811 2804 1015 2862; x_wconf 78' lang='lat' dir='ltr'><strong>Alferte</strong></span> <span class='ocrx_word' id='word_1_197' title='bbox 1046 2804 1215 2872; x_wconf 90' lang='lat' dir='ltr'><strong>mihi,</strong></span> 
     </span>
    </p>
   </div>
   <div class='ocr_carea' id='block_1_36' title="bbox 387 2876 1496 2938">
    <p class='ocr_par' dir='ltr' id='par_1_36' title="bbox 387 2876 1496 2938">
     <span class='ocr_line' id='line_1_36' title="bbox 387 2876 1496 2938; baseline -0.004 -1"><span class='ocrx_word' id='word_1_198' title='bbox 387 2886 446 2938; x_wconf 85' lang='lat' dir='ltr'><strong>et</strong></span> <span class='ocrx_word' id='word_1_199' title='bbox 468 2876 538 2936; x_wconf 89' lang='lat' dir='ltr'><strong>de</strong></span> <span class='ocrx_word' id='word_1_200' title='bbox 561 2879 859 2935; x_wconf 86' lang='lat' dir='ltr'><strong>substantia</strong></span> <span class='ocrx_word' id='word_1_201' title='bbox 890 2887 1067 2934; x_wconf 89' lang='lat' dir='ltr'><strong>vestra</strong></span> <span class='ocrx_word' id='word_1_202' title='bbox 1097 2876 1300 2932; x_wconf 87' lang='lat' dir='ltr'><strong>donate</strong></span> <span class='ocrx_word' id='word_1_203' title='bbox 1327 2876 1496 2933; x_wconf 82' lang='lat' dir='ltr'><strong>mihi?</strong></span> 
     </span>
    </p>
   </div>
   <div class='ocr_carea' id='block_1_37' title="bbox 317 2946 1371 3019">
    <p class='ocr_par' dir='ltr' id='par_1_37' title="bbox 317 2946 1371 3019">
     <span class='ocr_line' id='line_1_37' title="bbox 317 2946 1371 3019; baseline -0.006 -12"><span class='ocrx_word' id='word_1_204' title='bbox 317 2948 415 3008; x_wconf 74' lang='lat' dir='ltr'><strong>Vel</strong></span> <span class='ocrx_word' id='word_1_205' title='bbox 434 2994 450 3019; x_wconf 92' lang='lat'><strong>,</strong></span> <span class='ocrx_word' id='word_1_206' title='bbox 488 2950 740 3007; x_wconf 88' lang='lat' dir='ltr'><strong>Liberate</strong></span> <span class='ocrx_word' id='word_1_207' title='bbox 770 2965 857 3006; x_wconf 92' lang='lat' dir='ltr'><strong>me</strong></span> <span class='ocrx_word' id='word_1_208' title='bbox 883 2950 950 3005; x_wconf 93' lang='lat' dir='ltr'><strong>de</strong></span> <span class='ocrx_word' id='word_1_209' title='bbox 978 2964 1140 3003; x_wconf 91' lang='lat' dir='ltr'><strong>manu</strong></span> <span class='ocrx_word' id='word_1_210' title='bbox 1172 2946 1371 3014; x_wconf 90' lang='lat' dir='ltr'><strong>hostis,</strong></span> 
     </span>
    </p>
   </div>
   <div class='ocr_carea' id='block_1_38' title="bbox 387 3019 1461 3080">
    <p class='ocr_par' dir='ltr' id='par_1_38' title="bbox 387 3019 1461 3080">
     <span class='ocr_line' id='line_1_38' title="bbox 387 3019 1461 3080; baseline -0.005 0"><span class='ocrx_word' id='word_1_211' title='bbox 387 3034 444 3080; x_wconf 91' lang='lat' dir='ltr'><strong>et</strong></span> <span class='ocrx_word' id='word_1_212' title='bbox 469 3023 537 3079; x_wconf 91' lang='lat' dir='ltr'><strong>de</strong></span> <span class='ocrx_word' id='word_1_213' title='bbox 567 3037 729 3078; x_wconf 91' lang='lat' dir='ltr'><strong>manu</strong></span> <span class='ocrx_word' id='word_1_214' title='bbox 755 3022 1102 3078; x_wconf 78' lang='lat' dir='ltr'><strong>robuStorum</strong></span> <span class='ocrx_word' id='word_1_215' title='bbox 1130 3019 1305 3075; x_wconf 89' lang='lat' dir='ltr'><strong>eruite</strong></span> <span class='ocrx_word' id='word_1_216' title='bbox 1336 3021 1461 3076; x_wconf 88' lang='lat' dir='ltr'><strong>me?</strong></span> 
     </span>
    </p>
   </div>
   <div class='ocr_carea' id='block_1_39' title="bbox 320 3092 1142 3164">
    <p class='ocr_par' dir='ltr' id='par_1_39' title="bbox 320 3092 1142 3164">
     <span class='ocr_line' id='line_1_39' title="bbox 320 3092 1142 3164; baseline -0.004 -12"><span class='ocrx_word' id='word_1_217' title='bbox 320 3095 526 3152; x_wconf 91' lang='lat' dir='ltr'><strong>Docete</strong></span> <span class='ocrx_word' id='word_1_218' title='bbox 557 3110 641 3149; x_wconf 89' lang='lat' dir='ltr'><strong>me</strong></span> <span class='ocrx_word' id='word_1_219' title='bbox 656 3104 757 3163; x_wconf 88' lang='lat' dir='ltr'><strong>,.et</strong></span> <span class='ocrx_word' id='word_1_220' title='bbox 778 3107 879 3164; x_wconf 86' lang='lat' dir='ltr'><strong>ego</strong></span> <span class='ocrx_word' id='word_1_221' title='bbox 906 3092 1095 3148; x_wconf 81' lang='lat' dir='ltr'><strong>tacebo</strong></span> <span class='ocrx_word' id='word_1_222' title='bbox 1127 3108 1142 3149; x_wconf 85' lang='lat'><strong>:</strong></span> 
     </span>
    </p>
   </div>
   <div class='ocr_carea' id='block_1_40' title="bbox 392 3162 1555 3236">
    <p class='ocr_par' dir='ltr' id='par_1_40' title="bbox 392 3162 1555 3236">
     <span class='ocr_line' id='line_1_40' title="bbox 392 3162 1555 3236; baseline 0 -15"><span class='ocrx_word' id='word_1_223' title='bbox 392 3174 451 3223; x_wconf 86' lang='lat' dir='ltr'><strong>ct</strong></span> <span class='ocrx_word' id='word_1_224' title='bbox 474 3166 518 3221; x_wconf 90' lang='lat' dir='ltr'><strong>si</strong></span> <span class='ocrx_word' id='word_1_225' title='bbox 549 3167 672 3234; x_wconf 88' lang='lat' dir='ltr'><strong>quid</strong></span> <span class='ocrx_word' id='word_1_226' title='bbox 697 3162 837 3220; x_wconf 81' lang='lat' dir='ltr'><strong>forte</strong></span> <span class='ocrx_word' id='word_1_227' title='bbox 864 3164 1141 3236; x_wconf 87' lang='lat' dir='ltr'><strong>ignoravi,</strong></span> <span class='ocrx_word' id='word_1_228' title='bbox 1168 3162 1418 3219; x_wconf 87' lang='lat' dir='ltr'><strong>instruite</strong></span> <span class='ocrx_word' id='word_1_229' title='bbox 1446 3178 1555 3221; x_wconf 92' lang='lat' dir='ltr'><strong>me.</strong></span> 
     </span>
    </p>
   </div>
   <div class='ocr_carea' id='block_1_41' title="bbox 238 3236 1522 3307">
    <p class='ocr_par' dir='ltr' id='par_1_41' title="bbox 238 3236 1522 3307">
     <span class='ocr_line' id='line_1_41' title="bbox 238 3236 1522 3307; baseline 0.001 -18"><span class='ocrx_word' id='word_1_230' title='bbox 238 3282 245 3289; x_wconf 94' lang='lat'><strong>.</strong></span> <span class='ocrx_word' id='word_1_231' title='bbox 320 3238 500 3307; x_wconf 87' lang='lat' dir='ltr'><strong>Quare</strong></span> <span class='ocrx_word' id='word_1_232' title='bbox 526 3236 838 3292; x_wconf 81' lang='lat' dir='ltr'><strong>detraxistis</strong></span> <span class='ocrx_word' id='word_1_233' title='bbox 874 3236 1217 3292; x_wconf 88' lang='lat' dir='ltr'><strong>sermonibus</strong></span> <span class='ocrx_word' id='word_1_234' title='bbox 1245 3236 1522 3307; x_wconf 89' lang='lat' dir='ltr'><strong>veritatis,</strong></span> 
     </span>
    </p>
   </div>
   <div class='ocr_carea' id='block_1_42' title="bbox 392 3306 1915 3452">
    <p class='ocr_par' dir='ltr' id='par_1_42' title="bbox 392 3306 1915 3452">
     <span class='ocr_line' id='line_1_42' title="bbox 392 3306 1915 3452; baseline 0 -87"><span class='ocrx_word' id='word_1_235' title='bbox 392 3325 514 3366; x_wconf 90' lang='lat' dir='ltr'><strong>cum</strong></span> <span class='ocrx_word' id='word_1_236' title='bbox 537 3323 577 3452; x_wconf 74' lang='grc' dir='ltr'><strong>θ]</strong></span> <span class='ocrx_word' id='word_1_237' title='bbox 595 3308 750 3435; x_wconf 42' lang='lat' dir='ltr'><strong>globis</strong></span> <span class='ocrx_word' id='word_1_238' title='bbox 780 3307 961 3364; x_wconf 91' lang='lat' dir='ltr'><strong>nullus</strong></span> <span class='ocrx_word' id='word_1_239' title='bbox 984 3308 1053 3363; x_wconf 88' lang='lat' dir='ltr'><strong>sit</strong></span> <span class='ocrx_word' id='word_1_240' title='bbox 1079 3307 1173 3378; x_wconf 91' lang='lat' dir='ltr'><strong>qui</strong></span> <span class='ocrx_word' id='word_1_241' title='bbox 1199 3306 1371 3377; x_wconf 91' lang='lat' dir='ltr'><strong>possit</strong></span> <span class='ocrx_word' id='word_1_242' title='bbox 1395 3322 1626 3379; x_wconf 80' lang='lat' dir='ltr'><strong>arguere</strong></span> <span class='ocrx_word' id='word_1_243' title='bbox 1657 3307 1763 3380; x_wconf 82' lang='grc' dir='ltr'><strong>[ΑΙ.</strong></span> <span class='ocrx_word' id='word_1_244' title='bbox 1788 3308 1915 3365; x_wconf 82' lang='lat' dir='ltr'><strong>add.</strong></span> 
     </span>
     <span class='ocr_line' id='line_1_43' title="bbox 467 3396 555 3437; baseline -0.023 0"><span class='ocrx_word' id='word_1_245' title='bbox 467 3396 555 3437; x_wconf 91' lang='lat' dir='ltr'><strong>me</strong></span> 
     </span>
    </p>
   </div>
   <div class='ocr_carea' id='block_1_43' title="bbox 467 3396 555 3437">
    <p class='ocr_par' dir='ltr' id='par_1_43' title="bbox 467 3396 555 3437">
     <span class='ocr_line' id='line_1_44' title="bbox 467 3396 555 3437; baseline -0.023 0"><span class='ocrx_word' id='word_1_246' title='bbox 467 3396 555 3437; x_wconf 90' lang='lat' dir='ltr'><strong>me</strong></span> 
     </span>
    </p>
   </div>
   <div class='ocr_carea' id='block_1_44' title="bbox 323 3449 1693 3523">
    <p class='ocr_par' dir='ltr' id='par_1_44' title="bbox 323 3449 1693 3523">
     <span class='ocr_line' id='line_1_45' title="bbox 323 3449 1693 3523; baseline -0.001 -12"><span class='ocrx_word' id='word_1_247' title='bbox 323 3451 407 3511; x_wconf 79' lang='lat' dir='ltr'><strong>Ad</strong></span> <span class='ocrx_word' id='word_1_248' title='bbox 430 3449 819 3521; x_wconf 78' lang='lat' dir='ltr'><strong>increpandam</strong></span> <span class='ocrx_word' id='word_1_249' title='bbox 843 3459 1051 3507; x_wconf 90' lang='lat' dir='ltr'><strong>tantum</strong></span> <span class='ocrx_word' id='word_1_250' title='bbox 1083 3449 1299 3523; x_wconf 78' lang='lat' dir='ltr'><strong>eloquia</strong></span> <span class='ocrx_word' id='word_1_251' title='bbox 1323 3451 1693 3523; x_wconf 89' lang='lat' dir='ltr'><strong>concinnatis,</strong></span> 
     </span>
    </p>
   </div>
   <div class='ocr_carea' id='block_1_45' title="bbox 397 3521 1274 3593">
    <p class='ocr_par' dir='ltr' id='par_1_45' title="bbox 397 3521 1274 3593">
     <span class='ocr_line' id='line_1_46' title="bbox 397 3521 1274 3593; baseline -0.006 -13"><span class='ocrx_word' id='word_1_252' title='bbox 397 3532 453 3580; x_wconf 87' lang='lat' dir='ltr'><strong>et</strong></span> <span class='ocrx_word' id='word_1_253' title='bbox 480 3524 533 3579; x_wconf 91' lang='lat' dir='ltr'><strong>in</strong></span> <span class='ocrx_word' id='word_1_254' title='bbox 559 3529 778 3580; x_wconf 85' lang='lat' dir='ltr'><strong>ventum</strong></span> <span class='ocrx_word' id='word_1_255' title='bbox 806 3524 972 3580; x_wconf 89' lang='lat' dir='ltr'><strong>verba</strong></span> <span class='ocrx_word' id='word_1_256' title='bbox 996 3521 1274 3593; x_wconf 91' lang='lat' dir='ltr'><strong>profertis.</strong></span> 
     </span>
    </p>
   </div>
   <div class='ocr_carea' id='block_1_46' title="bbox 323 3594 1056 3669">
    <p class='ocr_par' dir='ltr' id='par_1_46' title="bbox 323 3594 1056 3669">
     <span class='ocr_line' id='line_1_47' title="bbox 323 3594 1056 3669; baseline 0.003 -20"><span class='ocrx_word' id='word_1_257' title='bbox 323 3594 503 3666; x_wconf 90' lang='lat' dir='ltr'><strong>Super</strong></span> <span class='ocrx_word' id='word_1_258' title='bbox 524 3595 788 3669; x_wconf 90' lang='lat' dir='ltr'><strong>pupillum</strong></span> <span class='ocrx_word' id='word_1_259' title='bbox 818 3595 1020 3669; x_wconf 88' lang='lat' dir='ltr'><strong>irruitis</strong></span> <span class='ocrx_word' id='word_1_260' title='bbox 1042 3638 1056 3669; x_wconf 84' lang='lat'><strong>,</strong></span> 
     </span>
    </p>
   </div>
   <div class='ocr_carea' id='block_1_47' title="bbox 402 3665 1628 3724">
    <p class='ocr_par' dir='ltr' id='par_1_47' title="bbox 402 3665 1628 3724">
     <span class='ocr_line' id='line_1_48' title="bbox 402 3665 1628 3724; baseline 0.001 -1"><span class='ocrx_word' id='word_1_261' title='bbox 402 3665 460 3723; x_wconf 81' lang='lat' dir='ltr'><strong>et</strong></span> <span class='ocrx_word' id='word_1_262' title='bbox 484 3665 802 3724; x_wconf 81' lang='lat' dir='ltr'><strong>subvertere</strong></span> <span class='ocrx_word' id='word_1_263' title='bbox 832 3668 1065 3723; x_wconf 91' lang='lat' dir='ltr'><strong>nitimini</strong></span> <span class='ocrx_word' id='word_1_264' title='bbox 1104 3665 1339 3723; x_wconf 89' lang='lat' dir='ltr'><strong>amicum</strong></span> <span class='ocrx_word' id='word_1_265' title='bbox 1368 3676 1628 3724; x_wconf 90' lang='lat' dir='ltr'><strong>vestrum.</strong></span> 
     </span>
    </p>
   </div>
   <div class='ocr_carea' id='block_1_48' title="bbox 325 3736 1479 3811">
    <p class='ocr_par' dir='ltr' id='par_1_48' title="bbox 325 3736 1479 3811">
     <span class='ocr_line' id='line_1_49' title="bbox 325 3736 1479 3811; baseline 0.001 -16"><span class='ocrx_word' id='word_1_266' title='bbox 325 3736 714 3796; x_wconf 71' lang='lat' dir='ltr'><strong>Verumtamen</strong></span> <span class='ocrx_word' id='word_1_267' title='bbox 746 3738 892 3811; x_wconf 89' lang='lat' dir='ltr'><strong>quod</strong></span> <span class='ocrx_word' id='word_1_268' title='bbox 923 3739 1198 3809; x_wconf 73' lang='lat' dir='ltr'><strong>cmpistis,</strong></span> <span class='ocrx_word' id='word_1_269' title='bbox 1222 3740 1437 3808; x_wconf 76' lang='lat' dir='ltr'><strong>explete</strong></span> <span class='ocrx_word' id='word_1_270' title='bbox 1465 3757 1479 3796; x_wconf 90' lang='lat'><strong>:</strong></span> 
     </span>
    </p>
   </div>
   <div class='ocr_carea' id='block_1_49' title="bbox 399 3811 1563 3881">
    <p class='ocr_par' dir='ltr' id='par_1_49' title="bbox 399 3811 1563 3881">
     <span class='ocr_line' id='line_1_50' title="bbox 399 3811 1563 3881; baseline -0.002 -14"><span class='ocrx_word' id='word_1_271' title='bbox 399 3813 635 3881; x_wconf 65' lang='lat' dir='ltr'><strong>praebete</strong></span> <span class='ocrx_word' id='word_1_272' title='bbox 661 3827 877 3877; x_wconf 90' lang='lat' dir='ltr'><strong>aurem,</strong></span> <span class='ocrx_word' id='word_1_273' title='bbox 911 3820 968 3866; x_wconf 88' lang='lat' dir='ltr'><strong>et</strong></span> <span class='ocrx_word' id='word_1_274' title='bbox 993 3811 1174 3866; x_wconf 89' lang='lat' dir='ltr'><strong>videte</strong></span> <span class='ocrx_word' id='word_1_275' title='bbox 1211 3827 1279 3865; x_wconf 88' lang='lat' dir='ltr'><strong>an</strong></span> <span class='ocrx_word' id='word_1_276' title='bbox 1309 3813 1563 3867; x_wconf 89' lang='lat' dir='ltr'><strong>mentiar.</strong></span> 
     </span>
    </p>
   </div>
   <div class='ocr_carea' id='block_1_50' title="bbox 328 3878 1674 3955">
    <p class='ocr_par' dir='ltr' id='par_1_50' title="bbox 328 3878 1674 3955">
     <span class='ocr_line' id='line_1_51' title="bbox 328 3878 1674 3955; baseline 0 -18"><span class='ocrx_word' id='word_1_277' title='bbox 328 3878 711 3955; x_wconf 79' lang='lat' dir='ltr'><strong>Respondete,</strong></span> <span class='ocrx_word' id='word_1_278' title='bbox 753 3881 1018 3955; x_wconf 82' lang='lat' dir='ltr'><strong>obsecro,</strong></span> <span class='ocrx_word' id='word_1_279' title='bbox 1050 3882 1253 3952; x_wconf 91' lang='lat' dir='ltr'><strong>absque</strong></span> <span class='ocrx_word' id='word_1_280' title='bbox 1281 3883 1632 3955; x_wconf 77' lang='lat' dir='ltr'><strong>etintentione</strong></span> <span class='ocrx_word' id='word_1_281' title='bbox 1659 3900 1674 3937; x_wconf 90' lang='lat'><strong>:</strong></span> 
     </span>
    </p>
   </div>
   <div class='ocr_carea' id='block_1_51' title="bbox 404 3953 1681 4024">
    <p class='ocr_par' dir='ltr' id='par_1_51' title="bbox 404 3953 1681 4024">
     <span class='ocr_line' id='line_1_52' title="bbox 404 3953 1681 4024; baseline -0.001 -15"><span class='ocrx_word' id='word_1_282' title='bbox 404 3953 461 4009; x_wconf 81' lang='lat' dir='ltr'><strong>et</strong></span> <span class='ocrx_word' id='word_1_283' title='bbox 489 3955 774 4023; x_wconf 86' lang='lat' dir='ltr'><strong>loquentes</strong></span> <span class='ocrx_word' id='word_1_284' title='bbox 800 3953 853 4009; x_wconf 92' lang='lat' dir='ltr'><strong>id</strong></span> <span class='ocrx_word' id='word_1_285' title='bbox 879 3953 1021 4024; x_wconf 92' lang='lat' dir='ltr'><strong>quod</strong></span> <span class='ocrx_word' id='word_1_286' title='bbox 1046 3955 1250 4023; x_wconf 83' lang='lat' dir='ltr'><strong>jusmm</strong></span> <span class='ocrx_word' id='word_1_287' title='bbox 1277 3961 1363 4009; x_wconf 90' lang='lat' dir='ltr'><strong>est</strong></span> <span class='ocrx_word' id='word_1_288' title='bbox 1382 3995 1397 4019; x_wconf 87' lang='lat'><strong>,</strong></span> <span class='ocrx_word' id='word_1_289' title='bbox 1421 3953 1681 4023; x_wconf 70' lang='lat' dir='ltr'><strong>iudicate.</strong></span> 
     </span>
    </p>
   </div>
   <div class='ocr_carea' id='block_1_52' title="bbox 331 4023 1690 4095">
    <p class='ocr_par' dir='ltr' id='par_1_52' title="bbox 331 4023 1690 4095">
     <span class='ocr_line' id='line_1_53' title="bbox 331 4023 1690 4095; baseline 0 -14"><span class='ocrx_word' id='word_1_290' title='bbox 331 4023 405 4081; x_wconf 85' lang='lat' dir='ltr'><strong>Et</strong></span> <span class='ocrx_word' id='word_1_291' title='bbox 426 4041 531 4081; x_wconf 90' lang='lat' dir='ltr'><strong>non</strong></span> <span class='ocrx_word' id='word_1_292' title='bbox 566 4025 856 4083; x_wconf 88' lang='lat' dir='ltr'><strong>invenietis</strong></span> <span class='ocrx_word' id='word_1_293' title='bbox 881 4023 934 4081; x_wconf 83' lang='lat' dir='ltr'><strong>in</strong></span> <span class='ocrx_word' id='word_1_294' title='bbox 960 4024 1138 4095; x_wconf 86' lang='lat' dir='ltr'><strong>lingua</strong></span> <span class='ocrx_word' id='word_1_295' title='bbox 1168 4040 1287 4080; x_wconf 92' lang='lat' dir='ltr'><strong>mea</strong></span> <span class='ocrx_word' id='word_1_296' title='bbox 1319 4025 1690 4095; x_wconf 89' lang='lat' dir='ltr'><strong>iniquitatem,</strong></span> 
     </span>
    </p>
   </div>
   <div class='ocr_carea' id='block_1_53' title="bbox 404 4097 1636 4167">
    <p class='ocr_par' dir='ltr' id='par_1_53' title="bbox 404 4097 1636 4167">
     <span class='ocr_line' id='line_1_54' title="bbox 404 4097 1636 4167; baseline -0.001 -14"><span class='ocrx_word' id='word_1_297' title='bbox 404 4112 503 4155; x_wconf 90' lang='lat' dir='ltr'><strong>nec</strong></span> <span class='ocrx_word' id='word_1_298' title='bbox 533 4100 585 4153; x_wconf 93' lang='lat' dir='ltr'><strong>in</strong></span> <span class='ocrx_word' id='word_1_299' title='bbox 610 4097 856 4154; x_wconf 78' lang='lat' dir='ltr'><strong>faucibus</strong></span> <span class='ocrx_word' id='word_1_300' title='bbox 884 4097 1021 4152; x_wconf 78' lang='lat' dir='ltr'><strong>meis</strong></span> <span class='ocrx_word' id='word_1_301' title='bbox 1041 4097 1270 4152; x_wconf 90' lang='lat' dir='ltr'><strong>stultitia</strong></span> <span class='ocrx_word' id='word_1_302' title='bbox 1297 4098 1636 4167; x_wconf 90' lang='lat' dir='ltr'><strong>personabit.</strong></span> 
     </span>
    </p>
   </div>
   <div class='ocr_carea' id='block_1_54' title="bbox 334 4162 1923 4242">
    <p class='ocr_par' dir='ltr' id='par_1_54' title="bbox 334 4162 1923 4242">
     <span class='ocr_line' id='line_1_55' title="bbox 334 4162 1923 4242; baseline 0.001 -19"><span class='ocrx_word' id='word_1_303' title='bbox 334 4162 488 4241; x_wconf 84' lang='lat' dir='ltr'><strong>[Cap.</strong></span> <span class='ocrx_word' id='word_1_304' title='bbox 519 4169 667 4242; x_wconf 81' lang='lat' dir='ltr'><strong>_Vll.]</strong></span> <span class='ocrx_word' id='word_1_305' title='bbox 690 4169 898 4242; x_wconf 85' lang='lat' dir='ltr'><strong>Militia</strong></span> <span class='ocrx_word' id='word_1_306' title='bbox 938 4178 1023 4225; x_wconf 92' lang='lat' dir='ltr'><strong>est</strong></span> <span class='ocrx_word' id='word_1_307' title='bbox 1053 4169 1159 4242; x_wconf 86' lang='lat' dir='ltr'><strong>vita</strong></span> <span class='ocrx_word' id='word_1_308' title='bbox 1207 4162 1442 4242; x_wconf 78' lang='lat' dir='ltr'><strong>hominis</strong></span> <span class='ocrx_word' id='word_1_309' title='bbox 1479 4184 1642 4240; x_wconf 90' lang='lat' dir='ltr'><strong>super</strong></span> <span class='ocrx_word' id='word_1_310' title='bbox 1673 4179 1875 4227; x_wconf 87' lang='lat' dir='ltr'><strong>terram</strong></span> <span class='ocrx_word' id='word_1_311' title='bbox 1908 4186 1923 4225; x_wconf 88' lang='lat'><strong>:</strong></span> 
     </span>
    </p>
   </div>
   <div class='ocr_carea' id='block_1_55' title="bbox 404 4240 1414 4310">
    <p class='ocr_par' dir='ltr' id='par_1_55' title="bbox 404 4240 1414 4310">
     <span class='ocr_line' id='line_1_56' title="bbox 404 4240 1414 4310; baseline -0.002 -15"><span class='ocrx_word' id='word_1_312' title='bbox 404 4240 461 4296; x_wconf 86' lang='lat' dir='ltr'><strong>et</strong></span> <span class='ocrx_word' id='word_1_313' title='bbox 486 4240 625 4297; x_wconf 89' lang='lat' dir='ltr'><strong>sicut</strong></span> <span class='ocrx_word' id='word_1_314' title='bbox 645 4240 765 4297; x_wconf 87' lang='lat' dir='ltr'><strong>dies</strong></span> <span class='ocrx_word' id='word_1_315' title='bbox 788 4241 1107 4297; x_wconf 90' lang='lat' dir='ltr'><strong>mercenarii</strong></span> <span class='ocrx_word' id='word_1_316' title='bbox 1131 4241 1247 4295; x_wconf 93' lang='lat' dir='ltr'><strong>dies</strong></span> <span class='ocrx_word' id='word_1_317' title='bbox 1275 4240 1414 4310; x_wconf 88' lang='lat' dir='ltr'><strong>ejus.</strong></span> 
     </span>
    </p>
   </div>
   <div class='ocr_carea' id='block_1_56' title="bbox 333 4311 1323 4378">
    <p class='ocr_par' dir='ltr' id='par_1_56' title="bbox 333 4311 1323 4378">
     <span class='ocr_line' id='line_1_57' title="bbox 333 4311 1323 4378; baseline -0.002 -10"><span class='ocrx_word' id='word_1_318' title='bbox 333 4311 493 4369; x_wconf 87' lang='lat' dir='ltr'><strong>Sicut</strong></span> <span class='ocrx_word' id='word_1_319' title='bbox 518 4328 711 4370; x_wconf 88' lang='lat' dir='ltr'><strong>servus</strong></span> <span class='ocrx_word' id='word_1_320' title='bbox 735 4312 1013 4369; x_wconf 87' lang='lat' dir='ltr'><strong>desiderat</strong></span> <span class='ocrx_word' id='word_1_321' title='bbox 1042 4312 1289 4367; x_wconf 90' lang='lat' dir='ltr'><strong>umbram</strong></span> <span class='ocrx_word' id='word_1_322' title='bbox 1308 4354 1323 4378; x_wconf 94' lang='lat'><strong>,</strong></span> 
     </span>
    </p>
   </div>
   <div class='ocr_carea' id='block_1_57' title="bbox 409 4384 1927 4458">
    <p class='ocr_par' dir='ltr' id='par_1_57' title="bbox 409 4384 1927 4458">
     <span class='ocr_line' id='line_1_58' title="bbox 409 4384 1927 4458; baseline 0.004 -19"><span class='ocrx_word' id='word_1_323' title='bbox 409 4392 466 4440; x_wconf 92' lang='lat' dir='ltr'><strong>et</strong></span> <span class='ocrx_word' id='word_1_324' title='bbox 489 4384 630 4440; x_wconf 89' lang='lat' dir='ltr'><strong>sicut</strong></span> <span class='ocrx_word' id='word_1_325' title='bbox 658 4385 1029 4458; x_wconf 81' lang='lat' dir='ltr'><strong>mercenarius</strong></span> <span class='ocrx_word' id='word_1_326' title='bbox 1050 4385 1395 4454; x_wconf 82' lang='lat' dir='ltr'><strong>praestolatur</strong></span> <span class='ocrx_word' id='word_1_327' title='bbox 1418 4385 1581 4443; x_wconf 85' lang='lat' dir='ltr'><strong>linem</strong></span> <span class='ocrx_word' id='word_1_328' title='bbox 1600 4386 1782 4458; x_wconf 86' lang='lat' dir='ltr'><strong>operis</strong></span> <span class='ocrx_word' id='word_1_329' title='bbox 1804 4386 1886 4443; x_wconf 90' lang='lat' dir='ltr'><strong>sui</strong></span> <span class='ocrx_word' id='word_1_330' title='bbox 1911 4403 1927 4447; x_wconf 86' lang='lat'><strong>;</strong></span> 
     </span>
    </p>
   </div>
   <div class='ocr_carea' id='block_1_58' title="bbox 341 4453 1320 4527">
    <p class='ocr_par' dir='ltr' id='par_1_58' title="bbox 341 4453 1320 4527">
     <span class='ocr_line' id='line_1_59' title="bbox 341 4453 1320 4527; baseline -0.001 -15"><span class='ocrx_word' id='word_1_331' title='bbox 341 4453 433 4512; x_wconf 77' lang='lat' dir='ltr'><strong>Sic</strong></span> <span class='ocrx_word' id='word_1_332' title='bbox 456 4463 512 4510; x_wconf 91' lang='lat' dir='ltr'><strong>et</strong></span> <span class='ocrx_word' id='word_1_333' title='bbox 531 4471 635 4527; x_wconf 88' lang='lat' dir='ltr'><strong>ego</strong></span> <span class='ocrx_word' id='word_1_334' title='bbox 664 4455 822 4527; x_wconf 84' lang='lat' dir='ltr'><strong>habui</strong></span> <span class='ocrx_word' id='word_1_335' title='bbox 855 4453 1069 4512; x_wconf 82' lang='lat' dir='ltr'><strong>menses</strong></span> <span class='ocrx_word' id='word_1_336' title='bbox 1091 4471 1290 4511; x_wconf 90' lang='lat' dir='ltr'><strong>vacuos</strong></span> <span class='ocrx_word' id='word_1_337' title='bbox 1305 4498 1320 4522; x_wconf 92' lang='lat'><strong>,</strong></span> 
     </span>
    </p>
   </div>
   <div class='ocr_carea' id='block_1_59' title="bbox 413 4526 1533 4583">
    <p class='ocr_par' dir='ltr' id='par_1_59' title="bbox 413 4526 1533 4583">
     <span class='ocr_line' id='line_1_60' title="bbox 413 4526 1533 4583; baseline 0.001 -1"><span class='ocrx_word' id='word_1_338' title='bbox 413 4536 469 4582; x_wconf 90' lang='lat' dir='ltr'><strong>et</strong></span> <span class='ocrx_word' id='word_1_339' title='bbox 498 4536 687 4582; x_wconf 86' lang='lat' dir='ltr'><strong>noctes</strong></span> <span class='ocrx_word' id='word_1_340' title='bbox 710 4526 1011 4582; x_wconf 89' lang='lat' dir='ltr'><strong>laboriosas</strong></span> <span class='ocrx_word' id='word_1_341' title='bbox 1039 4529 1350 4581; x_wconf 81' lang='lat' dir='ltr'><strong>enumeravi</strong></span> <span class='ocrx_word' id='word_1_342' title='bbox 1380 4528 1533 4583; x_wconf 89' lang='lat' dir='ltr'><strong>mihi.</strong></span> 
     </span>
    </p>
   </div>
   <div class='ocr_carea' id='block_1_60' title="bbox 338 4596 1931 4674">
    <p class='ocr_par' dir='ltr' id='par_1_60' title="bbox 338 4596 1931 4674">
     <span class='ocr_line' id='line_1_61' title="bbox 338 4596 1931 4674; baseline 0.005 -24"><span class='ocrx_word' id='word_1_343' title='bbox 338 4596 395 4650; x_wconf 89' lang='lat' dir='ltr'><strong>Si</strong></span> <span class='ocrx_word' id='word_1_344' title='bbox 423 4596 730 4663; x_wconf 90' lang='lat' dir='ltr'><strong>dormiero,</strong></span> <span class='ocrx_word' id='word_1_345' title='bbox 760 4596 882 4652; x_wconf 89' lang='lat' dir='ltr'><strong>dico</strong></span> <span class='ocrx_word' id='word_1_346' title='bbox 908 4597 1016 4674; x_wconf 66' lang='grc' dir='ltr'><strong>μί,</strong></span> <span class='ocrx_word' id='word_1_347' title='bbox 1045 4597 1245 4668; x_wconf 81' lang='lat' dir='ltr'><strong>dicam]</strong></span> <span class='ocrx_word' id='word_1_348' title='bbox 1270 4614 1284 4653; x_wconf 92' lang='lat'>:</span> <span class='ocrx_word' id='word_1_349' title='bbox 1310 4599 1537 4667; x_wconf 88' lang='lat' dir='ltr'><strong>Quando</strong></span> <span class='ocrx_word' id='word_1_350' title='bbox 1564 4602 1931 4674; x_wconf 82' lang='lat' dir='ltr'><strong>consurgam?</strong></span> 
     </span>
    </p>
   </div>
   <div class='ocr_carea' id='block_1_61' title="bbox 412 4669 1469 4738">
    <p class='ocr_par' dir='ltr' id='par_1_61' title="bbox 412 4669 1469 4738">
     <span class='ocr_line' id='line_1_62' title="bbox 412 4669 1469 4738; baseline 0.002 -15"><span class='ocrx_word' id='word_1_351' title='bbox 412 4676 469 4723; x_wconf 90' lang='lat' dir='ltr'><strong>et</strong></span> <span class='ocrx_word' id='word_1_352' title='bbox 490 4682 708 4723; x_wconf 90' lang='lat' dir='ltr'><strong>rursum</strong></span> <span class='ocrx_word' id='word_1_353' title='bbox 736 4669 1066 4737; x_wconf 82' lang='lat' dir='ltr'><strong>exspectabo</strong></span> <span class='ocrx_word' id='word_1_354' title='bbox 1096 4678 1122 4705; x_wconf 70' lang='grc' dir='ltr'>α</span> <span class='ocrx_word' id='word_1_355' title='bbox 1152 4684 1434 4738; x_wconf 87' lang='lat' dir='ltr'><strong>vesperam</strong></span> <span class='ocrx_word' id='word_1_356' title='bbox 1453 4710 1469 4737; x_wconf 94' lang='lat'><strong>,</strong></span> 
     </span>
    </p>
   </div>
   <div class='ocr_carea' id='block_1_62' title="bbox 411 4738 1653 4810">
    <p class='ocr_par' dir='ltr' id='par_1_62' title="bbox 411 4738 1653 4810">
     <span class='ocr_line' id='line_1_63' title="bbox 411 4738 1653 4810; baseline 0.003 -17"><span class='ocrx_word' id='word_1_357' title='bbox 411 4747 467 4794; x_wconf 90' lang='lat' dir='ltr'><strong>et</strong></span> <span class='ocrx_word' id='word_1_358' title='bbox 489 4738 743 4809; x_wconf 90' lang='lat' dir='ltr'><strong>replehor</strong></span> <span class='ocrx_word' id='word_1_359' title='bbox 772 4739 1053 4795; x_wconf 85' lang='lat' dir='ltr'><strong>doloribus</strong></span> <span class='ocrx_word' id='word_1_360' title='bbox 1083 4755 1250 4810; x_wconf 90' lang='lat' dir='ltr'><strong>usque</strong></span> <span class='ocrx_word' id='word_1_361' title='bbox 1276 4741 1345 4795; x_wconf 90' lang='lat' dir='ltr'><strong>ad</strong></span> <span class='ocrx_word' id='word_1_362' title='bbox 1377 4743 1653 4797; x_wconf 77' lang='lat' dir='ltr'><strong>tenebras.</strong></span> 
     </span>
    </p>
   </div>
   <div class='ocr_carea' id='block_1_63' title="bbox 342 4808 1932 4889">
    <p class='ocr_par' dir='ltr' id='par_1_63' title="bbox 342 4808 1932 4889">
     <span class='ocr_line' id='line_1_64' title="bbox 342 4808 1932 4889; baseline 0.004 -22"><span class='ocrx_word' id='word_1_363' title='bbox 342 4808 536 4869; x_wconf 88' lang='lat' dir='ltr'><strong>lnduta</strong></span> <span class='ocrx_word' id='word_1_364' title='bbox 554 4808 643 4868; x_wconf 84' lang='lat' dir='ltr'><strong>est</strong></span> <span class='ocrx_word' id='word_1_365' title='bbox 680 4824 809 4869; x_wconf 84' lang='lat' dir='ltr'><strong>caro</strong></span> <span class='ocrx_word' id='word_1_366' title='bbox 838 4825 957 4868; x_wconf 91' lang='lat' dir='ltr'><strong>mea</strong></span> <span class='ocrx_word' id='word_1_367' title='bbox 985 4808 1274 4883; x_wconf 83' lang='lat' dir='ltr'><strong>putredine</strong></span> <span class='ocrx_word' id='word_1_368' title='bbox 1303 4822 1357 4869; x_wconf 90' lang='lat' dir='ltr'><strong>et</strong></span> <span class='ocrx_word' id='word_1_369' title='bbox 1386 4813 1640 4870; x_wconf 87' lang='lat' dir='ltr'><strong>sordibus</strong></span> <span class='ocrx_word' id='word_1_370' title='bbox 1668 4814 1932 4889; x_wconf 85' lang='lat' dir='ltr'><strong>pulveris,</strong></span> 
     </span>
    </p>
   </div>
   <div class='ocr_carea' id='block_1_64' title="bbox 345 5019 1942 5097">
    <p class='ocr_par' dir='ltr' id='par_1_64' title="bbox 345 5019 1942 5097">
     <span class='ocr_line' id='line_1_65' title="bbox 345 5019 1942 5097; baseline 0.001 -16"><span class='ocrx_word' id='word_1_371' title='bbox 345 5019 654 5097; x_wconf 80' lang='lat' dir='ltr'><strong>Chalamoth</strong></span> <span class='ocrx_word' id='word_1_372' title='bbox 680 5022 898 5097; x_wconf 91' lang='lat' dir='ltr'><strong>proprie</strong></span> <span class='ocrx_word' id='word_1_373' title='bbox 918 5020 1121 5079; x_wconf 86' lang='lat' dir='ltr'><strong>somnia</strong></span> <span class='ocrx_word' id='word_1_374' title='bbox 1146 5021 1595 5097; x_wconf 85' lang='lat' dir='ltr'><strong>interpretantur.</strong></span> <span class='ocrx_word' id='word_1_375' title='bbox 1622 5026 1798 5097; x_wconf 87' lang='lat' dir='ltr'><strong>Atque</strong></span> <span class='ocrx_word' id='word_1_376' title='bbox 1824 5024 1942 5083; x_wconf 72' lang='lat' dir='ltr'><strong>haec</strong></span> 
     </span>
    </p>
   </div>
   <div class='ocr_carea' id='block_1_65' title="bbox 345 5094 1949 5170">
    <p class='ocr_par' dir='ltr' id='par_1_65' title="bbox 345 5094 1949 5170">
     <span class='ocr_line' id='line_1_66' title="bbox 345 5094 1949 5170; baseline 0 -19"><span class='ocrx_word' id='word_1_377' title='bbox 345 5096 564 5170; x_wconf 80' lang='lat' dir='ltr'><strong>quidem</strong></span> <span class='ocrx_word' id='word_1_378' title='bbox 589 5094 857 5155; x_wconf 78' lang='lat' dir='ltr'><strong>sententia</strong></span> <span class='ocrx_word' id='word_1_379' title='bbox 888 5104 1172 5170; x_wconf 80' lang='lat' dir='ltr'><strong>exsurget:</strong></span> <span class='ocrx_word' id='word_1_380' title='bbox 1199 5094 1302 5170; x_wconf 71' lang='lat' dir='ltr'><strong>Aut</strong></span> <span class='ocrx_word' id='word_1_381' title='bbox 1327 5104 1491 5164; x_wconf 86' lang='lat' dir='ltr'><strong>potest</strong></span> <span class='ocrx_word' id='word_1_382' title='bbox 1517 5094 1949 5170; x_wconf 56' lang='lat' dir='ltr'><strong>aliquis&#39;gustare</strong></span> 
     </span>
    </p>
   </div>
   <div class='ocr_carea' id='block_1_66' title="bbox 350 5167 1947 5236">
    <p class='ocr_par' dir='ltr' id='par_1_66' title="bbox 350 5167 1947 5236">
     <span class='ocr_line' id='line_1_67' title="bbox 350 5167 1947 5236; baseline 0.003 -15"><span class='ocrx_word' id='word_1_383' title='bbox 350 5167 566 5223; x_wconf 78' lang='lat' dir='ltr'><strong>salivam</strong></span> <span class='ocrx_word' id='word_1_384' title='bbox 586 5172 926 5236; x_wconf 78' lang='lat' dir='ltr'><strong>somniorum,</strong></span> <span class='ocrx_word' id='word_1_385' title='bbox 952 5168 1005 5224; x_wconf 93' lang='lat' dir='ltr'><strong>id</strong></span> <span class='ocrx_word' id='word_1_386' title='bbox 1028 5176 1129 5230; x_wconf 84' lang='lat' dir='ltr'><strong>est,</strong></span> <span class='ocrx_word' id='word_1_387' title='bbox 1155 5167 1372 5221; x_wconf 81' lang='lat' dir='ltr'><strong>salivam</strong></span> <span class='ocrx_word' id='word_1_388' title='bbox 1396 5184 1512 5222; x_wconf 87' lang='lat' dir='ltr'><strong>cum</strong></span> <span class='ocrx_word' id='word_1_389' title='bbox 1536 5167 1752 5224; x_wconf 62' lang='lat' dir='ltr'><strong>dormit:</strong></span> <span class='ocrx_word' id='word_1_390' title='bbox 1776 5170 1947 5225; x_wconf 89' lang='lat' dir='ltr'><strong>Porro</strong></span> 
     </span>
    </p>
   </div>
   <div class='ocr_carea' id='block_1_67' title="bbox 349 5236 1946 5309">
    <p class='ocr_par' dir='ltr' id='par_1_67' title="bbox 349 5236 1946 5309">
     <span class='ocr_line' id='line_1_68' title="bbox 349 5236 1946 5309; baseline 0.001 -15"><span class='ocrx_word' id='word_1_391' title='bbox 349 5255 380 5294; x_wconf 91' lang='lat' dir='ltr'><strong>e</strong></span> <span class='ocrx_word' id='word_1_392' title='bbox 421 5241 623 5296; x_wconf 89' lang='lat' dir='ltr'><strong>nostris</strong></span> <span class='ocrx_word' id='word_1_393' title='bbox 651 5256 781 5298; x_wconf 93' lang='lat' dir='ltr'><strong>mss.</strong></span> <span class='ocrx_word' id='word_1_394' title='bbox 814 5238 1088 5309; x_wconf 72' lang='lat' dir='ltr'><strong>subiungit</strong></span> <span class='ocrx_word' id='word_1_395' title='bbox 1132 5236 1406 5294; x_wconf 86' lang='lat' dir='ltr'><strong>Palatinus</strong></span> <span class='ocrx_word' id='word_1_396' title='bbox 1453 5254 1576 5295; x_wconf 91' lang='lat' dir='ltr'><strong>eum</strong></span> <span class='ocrx_word' id='word_1_397' title='bbox 1598 5242 1946 5308; x_wconf 88' lang='lat' dir='ltr'><strong>versiculum,</strong></span> 
     </span>
    </p>
   </div>
   <div class='ocr_carea' id='block_1_68' title="bbox 350 5311 1951 5369">
    <p class='ocr_par' dir='ltr' id='par_1_68' title="bbox 350 5311 1951 5369">
     <span class='ocr_line' id='line_1_69' title="bbox 350 5311 1951 5369; baseline 0.001 -3"><span class='ocrx_word' id='word_1_398' title='bbox 350 5311 551 5367; x_wconf 73' lang='lat' dir='ltr'><strong>Anima:</strong></span> <span class='ocrx_word' id='word_1_399' title='bbox 575 5313 714 5368; x_wconf 85' lang='lat' dir='ltr'><strong>enim</strong></span> <span class='ocrx_word' id='word_1_400' title='bbox 750 5314 997 5369; x_wconf 78' lang='lat' dir='ltr'><strong>esurienti</strong></span> <span class='ocrx_word' id='word_1_401' title='bbox 1033 5311 1195 5365; x_wconf 89' lang='lat' dir='ltr'><strong>etiam</strong></span> <span class='ocrx_word' id='word_1_402' title='bbox 1229 5325 1410 5363; x_wconf 89' lang='lat' dir='ltr'><strong>amara</strong></span> <span class='ocrx_word' id='word_1_403' title='bbox 1437 5311 1612 5367; x_wconf 80' lang='lat' dir='ltr'><strong>dulcia</strong></span> <span class='ocrx_word' id='word_1_404' title='bbox 1640 5330 1749 5368; x_wconf 85' lang='lat' dir='ltr'><strong>esse</strong></span> <span class='ocrx_word' id='word_1_405' title='bbox 1770 5315 1951 5367; x_wconf 84' lang='lat' dir='ltr'><strong>viden-</strong></span> 
     </span>
    </p>
   </div>
   <div class='ocr_carea' id='block_1_69' title="bbox 353 5383 1945 5455">
    <p class='ocr_par' dir='ltr' id='par_1_69' title="bbox 353 5383 1945 5455">
     <span class='ocr_line' id='line_1_70' title="bbox 353 5383 1945 5455; baseline 0.003 -18"><span class='ocrx_word' id='word_1_406' title='bbox 353 5394 459 5451; x_wconf 86' lang='lat' dir='ltr'><strong>tur,</strong></span> <span class='ocrx_word' id='word_1_407' title='bbox 479 5399 637 5455; x_wconf 90' lang='lat' dir='ltr'><strong>quem</strong></span> <span class='ocrx_word' id='word_1_408' title='bbox 656 5396 713 5441; x_wconf 91' lang='lat' dir='ltr'><strong>et</strong></span> <span class='ocrx_word' id='word_1_409' title='bbox 731 5384 982 5440; x_wconf 82' lang='lat' dir='ltr'><strong>Martian.</strong></span> <span class='ocrx_word' id='word_1_410' title='bbox 1010 5384 1063 5439; x_wconf 91' lang='lat' dir='ltr'><strong>in</strong></span> <span class='ocrx_word' id='word_1_411' title='bbox 1080 5395 1190 5436; x_wconf 89' lang='lat' dir='ltr'><strong>uno</strong></span> <span class='ocrx_word' id='word_1_412' title='bbox 1212 5383 1493 5454; x_wconf 88' lang='lat' dir='ltr'><strong>alteroque</strong></span> <span class='ocrx_word' id='word_1_413' title='bbox 1522 5400 1553 5439; x_wconf 91' lang='lat' dir='ltr'><strong>e</strong></span> <span class='ocrx_word' id='word_1_414' title='bbox 1577 5385 1692 5440; x_wconf 90' lang='lat' dir='ltr'><strong>suis</strong></span> <span class='ocrx_word' id='word_1_415' title='bbox 1716 5385 1945 5451; x_wconf 88' lang='lat' dir='ltr'><strong>invenit,</strong></span> 
     </span>
    </p>
   </div>
   <div class='ocr_carea' id='block_1_70' title="bbox 354 5455 1947 5527">
    <p class='ocr_par' dir='ltr' id='par_1_70' title="bbox 354 5455 1947 5527">
     <span class='ocr_line' id='line_1_71' title="bbox 354 5455 1947 5527; baseline 0 -16"><span class='ocrx_word' id='word_1_416' title='bbox 354 5464 743 5527; x_wconf 87' lang='lat' dir='ltr'><strong>monueratque</strong></span> <span class='ocrx_word' id='word_1_417' title='bbox 791 5471 856 5512; x_wconf 81' lang='lat' dir='ltr'><strong>ex</strong></span> <span class='ocrx_word' id='word_1_418' title='bbox 894 5470 1024 5527; x_wconf 87' lang='lat' dir='ltr'><strong>cap.</strong></span> <span class='ocrx_word' id='word_1_419' title='bbox 1071 5467 1237 5516; x_wconf 80' lang='lat' dir='ltr'><strong>xxvu,</strong></span> <span class='ocrx_word' id='word_1_420' title='bbox 1262 5468 1406 5527; x_wconf 89' lang='lat' dir='ltr'><strong>vers.</strong></span> <span class='ocrx_word' id='word_1_421' title='bbox 1455 5456 1486 5511; x_wconf 86' lang='lat'><strong>7</strong></span> <span class='ocrx_word' id='word_1_422' title='bbox 1527 5455 1947 5513; x_wconf 91' lang='lat' dir='ltr'><strong>Proverbiorum</strong></span> 
     </span>
    </p>
   </div>
   <div class='ocr_carea' id='block_1_71' title="bbox 355 5526 1950 5598">
    <p class='ocr_par' dir='ltr' id='par_1_71' title="bbox 355 5526 1950 5598">
     <span class='ocr_line' id='line_1_72' title="bbox 355 5526 1950 5598; baseline 0.001 -17"><span class='ocrx_word' id='word_1_423' title='bbox 355 5526 698 5597; x_wconf 88' lang='lat' dir='ltr'><strong>desumptum</strong></span> <span class='ocrx_word' id='word_1_424' title='bbox 723 5542 866 5589; x_wconf 89' lang='lat' dir='ltr'><strong>esse,</strong></span> <span class='ocrx_word' id='word_1_425' title='bbox 889 5526 1103 5598; x_wconf 91' lang='lat' dir='ltr'><strong>hucque</strong></span> <span class='ocrx_word' id='word_1_426' title='bbox 1124 5526 1479 5598; x_wconf 88' lang='lat' dir='ltr'><strong>translatum;</strong></span> <span class='ocrx_word' id='word_1_427' title='bbox 1507 5530 1722 5584; x_wconf 89' lang='lat' dir='ltr'><strong>tametsi</strong></span> <span class='ocrx_word' id='word_1_428' title='bbox 1746 5528 1950 5583; x_wconf 90' lang='lat' dir='ltr'><strong>Biblio-</strong></span> 
     </span>
    </p>
   </div>
   <div class='ocr_carea' id='block_1_72' title="bbox 357 5597 1946 5726">
    <p class='ocr_par' dir='ltr' id='par_1_72' title="bbox 357 5597 1946 5726">
     <span class='ocr_line' id='line_1_73' title="bbox 357 5597 1946 5726; baseline 0.001 -73"><span class='ocrx_word' id='word_1_429' title='bbox 357 5600 909 5726; x_wconf 44' lang='lat' dir='ltr'><strong>lrumlcor‘ticordantia‘.</strong></span> <span class='ocrx_word' id='word_1_430' title='bbox 949 5597 1049 5671; x_wconf 86' lang='lat' dir='ltr'><strong>pro</strong></span> <span class='ocrx_word' id='word_1_431' title='bbox 1077 5597 1313 5670; x_wconf 89' lang='lat' dir='ltr'><strong>genuino</strong></span> <span class='ocrx_word' id='word_1_432' title='bbox 1354 5598 1515 5670; x_wconf 88' lang='lat' dir='ltr'><strong>hujus</strong></span> <span class='ocrx_word' id='word_1_433' title='bbox 1562 5600 1704 5671; x_wconf 93' lang='lat' dir='ltr'><strong>apud</strong></span> <span class='ocrx_word' id='word_1_434' title='bbox 1747 5600 1946 5657; x_wconf 84' lang='lat' dir='ltr'><strong>Jobum</strong></span> 
     </span>
     <span class='ocr_line' id='line_1_74' title="bbox 379 5684 733 5726; baseline 0 0"><span class='ocrx_word' id='word_1_435' title='bbox 379 5686 462 5726; x_wconf 83' lang='lat' dir='ltr'><strong>oct</strong></span> <span class='ocrx_word' id='word_1_436' title='bbox 514 5687 579 5725; x_wconf 84' lang='lat' dir='ltr'><strong>au</strong></span> <span class='ocrx_word' id='word_1_437' title='bbox 620 5684 733 5726; x_wconf 92' lang='lat' dir='ltr'><strong>ent.</strong></span> 
     </span>
    </p>
   </div>
   <div class='ocr_carea' id='block_1_73' title="bbox 379 5684 733 5728">
    <p class='ocr_par' dir='ltr' id='par_1_73' title="bbox 379 5684 733 5728">
     <span class='ocr_line' id='line_1_75' title="bbox 379 5684 733 5728; baseline 0.006 -2"><span class='ocrx_word' id='word_1_438' title='bbox 379 5686 462 5726; x_wconf 85' lang='lat' dir='ltr'><strong>oct</strong></span> <span class='ocrx_word' id='word_1_439' title='bbox 494 5684 733 5728; x_wconf 81' lang='lat' dir='ltr'><strong>laudent.</strong></span> 
     </span>
    </p>
   </div>
   <div class='ocr_carea' id='block_1_74' title="bbox 433 5742 1950 5816">
    <p class='ocr_par' dir='ltr' id='par_1_74' title="bbox 433 5742 1950 5816">
     <span class='ocr_line' id='line_1_76' title="bbox 433 5742 1950 5816; baseline 0.001 -17"><span class='ocrx_word' id='word_1_440' title='bbox 433 5750 459 5816; x_wconf 49' lang='grc' dir='ltr'>ἦ</span> <span class='ocrx_word' id='word_1_441' title='bbox 486 5742 707 5816; x_wconf 66' lang='lat' dir='ltr'><strong>Reginae</strong></span> <span class='ocrx_word' id='word_1_442' title='bbox 733 5759 835 5800; x_wconf 93' lang='lat' dir='ltr'><strong>ms.</strong></span> <span class='ocrx_word' id='word_1_443' title='bbox 868 5744 937 5800; x_wconf 83' lang='lat' dir='ltr'><strong>ad</strong></span> <span class='ocrx_word' id='word_1_444' title='bbox 966 5757 1252 5816; x_wconf 73' lang='lat' dir='ltr'><strong>t&#39;esperattt,</strong></span> <span class='ocrx_word' id='word_1_445' title='bbox 1276 5756 1439 5814; x_wconf 89' lang='lat' dir='ltr'><strong>quam</strong></span> <span class='ocrx_word' id='word_1_446' title='bbox 1460 5758 1647 5801; x_wconf 90' lang='lat' dir='ltr'><strong>vocem</strong></span> <span class='ocrx_word' id='word_1_447' title='bbox 1672 5759 1799 5801; x_wconf 82' lang='lat' dir='ltr'><strong>mox</strong></span> <span class='ocrx_word' id='word_1_448' title='bbox 1828 5743 1950 5816; x_wconf 89' lang='lat' dir='ltr'><strong>ipse</strong></span> 
     </span>
    </p>
   </div>
   <div class='ocr_carea' id='block_1_75' title="bbox 359 5812 1357 5946">
    <p class='ocr_par' dir='ltr' id='par_1_75' title="bbox 359 5812 1357 5946">
     <span class='ocr_line' id='line_1_77' title="bbox 359 5812 1357 5887; baseline 0 -18"><span class='ocrx_word' id='word_1_449' title='bbox 359 5812 590 5874; x_wconf 85' lang='lat' dir='ltr'><strong>Palatin.</strong></span> <span class='ocrx_word' id='word_1_450' title='bbox 662 5816 841 5872; x_wconf 73' lang='lat' dir='ltr'><strong>rtcfert</strong></span> <span class='ocrx_word' id='word_1_451' title='bbox 870 5832 967 5887; x_wconf 91' lang='lat' dir='ltr'><strong>pro</strong></span> <span class='ocrx_word' id='word_1_452' title='bbox 996 5812 1065 5871; x_wconf 83' lang='lat' dir='ltr'><strong>ad</strong></span> <span class='ocrx_word' id='word_1_453' title='bbox 1103 5812 1357 5869; x_wconf 68' lang='lat' dir='ltr'><strong>tenebras.</strong></span> 
     </span>
     <span class='ocr_line' id='line_1_78' title="bbox 436 5832 1352 5946; baseline 0.003 -3"><span class='ocrx_word' id='word_1_454' title='bbox 436 5883 465 5926; x_wconf 72' lang='grc' dir='ltr'><strong>ι)</strong></span> <span class='ocrx_word' id='word_1_455' title='bbox 491 5832 658 5946; x_wconf 53' lang='lat' dir='ltr'><strong>Haud)</strong></span> <span class='ocrx_word' id='word_1_456' title='bbox 673 5886 811 5946; x_wconf 86' lang='lat' dir='ltr'><strong>bene</strong></span> <span class='ocrx_word' id='word_1_457' title='bbox 851 5889 917 5946; x_wconf 85' lang='lat' dir='ltr'><strong>ad</strong></span> <span class='ocrx_word' id='word_1_458' title='bbox 950 5888 1150 5946; x_wconf 89' lang='lat' dir='ltr'><strong>seriem</strong></span> <span class='ocrx_word' id='word_1_459' title='bbox 1193 5894 1352 5946; x_wconf 88' lang='lat' dir='ltr'><strong>conte</strong></span> 
     </span>
    </p>
   </div>
   <div class='ocr_carea' id='block_1_76' title="bbox 436 5883 1947 5950">
    <p class='ocr_par' dir='ltr' id='par_1_76' title="bbox 436 5883 1947 5950">
     <span class='ocr_line' id='line_1_79' title="bbox 436 5883 1947 5950; baseline 0.005 -7"><span class='ocrx_word' id='word_1_460' title='bbox 436 5883 465 5926; x_wconf 71' lang='grc' dir='ltr'><strong>ι)</strong></span> <span class='ocrx_word' id='word_1_461' title='bbox 491 5883 642 5946; x_wconf 84' lang='lat' dir='ltr'><strong>Haud</strong></span> <span class='ocrx_word' id='word_1_462' title='bbox 673 5886 811 5947; x_wconf 85' lang='lat' dir='ltr'><strong>bene</strong></span> <span class='ocrx_word' id='word_1_463' title='bbox 851 5883 917 5947; x_wconf 70' lang='lat' dir='ltr'><strong>a&#39;d</strong></span> <span class='ocrx_word' id='word_1_464' title='bbox 950 5888 1150 5947; x_wconf 88' lang='lat' dir='ltr'><strong>seriem</strong></span> <span class='ocrx_word' id='word_1_465' title='bbox 1193 5894 1479 5949; x_wconf 84' lang='lat' dir='ltr'><strong>contextus</strong></span> <span class='ocrx_word' id='word_1_466' title='bbox 1518 5898 1573 5949; x_wconf 88' lang='lat' dir='ltr'><strong>et</strong></span> <span class='ocrx_word' id='word_1_467' title='bbox 1600 5904 1732 5949; x_wconf 87' lang='lat' dir='ltr'><strong>mss.</strong></span> <span class='ocrx_word' id='word_1_468' title='bbox 1782 5887 1947 5950; x_wconf 83' lang='lat' dir='ltr'><strong>tidem</strong></span> 
     </span>
    </p>
   </div>
   <div class='ocr_carea' id='block_1_77' title="bbox 1744 304 2130 369">
    <p class='ocr_par' dir='ltr' id='par_1_77' title="bbox 1744 304 2130 369">
     <span class='ocr_line' id='line_1_80' title="bbox 1744 304 2130 369; baseline -0.003 -1"><span class='ocrx_word' id='word_1_469' title='bbox 1744 304 1948 368; x_wconf 81' lang='lat' dir='ltr'><strong>LIBER</strong></span> <span class='ocrx_word' id='word_1_470' title='bbox 1986 304 2130 369; x_wconf 80' lang='lat' dir='ltr'><strong>JOB.</strong></span> 
     </span>
    </p>
   </div>
   <div class='ocr_carea' id='block_1_78' title="bbox 1914 423 3084 497">
    <p class='ocr_par' dir='ltr' id='par_1_78' title="bbox 1914 423 3084 497">
     <span class='ocr_line' id='line_1_81' title="bbox 1914 423 3084 497; baseline -0.001 -13"><span class='ocrx_word' id='word_1_471' title='bbox 1914 430 1973 493; x_wconf 71' lang='grc' dir='ltr'><strong>Α</strong></span> <span class='ocrx_word' id='word_1_472' title='bbox 2066 427 2207 485; x_wconf 92' lang='lat' dir='ltr'><strong>cutis</strong></span> <span class='ocrx_word' id='word_1_473' title='bbox 2236 441 2355 485; x_wconf 90' lang='lat' dir='ltr'><strong>mea</strong></span> <span class='ocrx_word' id='word_1_474' title='bbox 2384 423 2563 497; x_wconf 87' lang='lat' dir='ltr'><strong>aruit,</strong></span> <span class='ocrx_word' id='word_1_475' title='bbox 2594 434 2648 484; x_wconf 92' lang='lat' dir='ltr'><strong>et</strong></span> <span class='ocrx_word' id='word_1_476' title='bbox 2676 434 2959 485; x_wconf 87' lang='lat' dir='ltr'><strong>contracta</strong></span> <span class='ocrx_word' id='word_1_477' title='bbox 2981 434 3084 485; x_wconf 88' lang='lat' dir='ltr'><strong>est.</strong></span> 
     </span>
    </p>
   </div>
   <div class='ocr_carea' id='block_1_79' title="bbox 1945 3230 1993 3297">
    <p class='ocr_par' dir='ltr' id='par_1_79' title="bbox 1945 3230 1993 3297">
     <span class='ocr_line' id='line_1_82' title="bbox 1945 3230 1993 3297; baseline 0 0"><span class='ocrx_word' id='word_1_478' title='bbox 1945 3230 1993 3297; x_wconf 88' lang='lat' dir='ltr'>C</span> 
     </span>
    </p>
   </div>
   <div class='ocr_carea' id='block_1_80' title="bbox 3447 310 3587 372">
    <p class='ocr_par' dir='ltr' id='par_1_80' title="bbox 3447 310 3587 372">
     <span class='ocr_line' id='line_1_83' title="bbox 3447 310 3587 372; baseline 0.014 -2"><span class='ocrx_word' id='word_1_479' title='bbox 3447 310 3587 372; x_wconf 66' lang='lat'><strong>{090</strong></span> 
     </span>
    </p>
   </div>
   <div class='ocr_carea' id='block_1_81' title="bbox 1994 499 3587 575">
    <p class='ocr_par' dir='ltr' id='par_1_81' title="bbox 1994 499 3587 575">
     <span class='ocr_line' id='line_1_84' title="bbox 1994 499 3587 575; baseline 0.004 -18"><span class='ocrx_word' id='word_1_480' title='bbox 1994 499 2125 557; x_wconf 90' lang='lat' dir='ltr'><strong>Dies</strong></span> <span class='ocrx_word' id='word_1_481' title='bbox 2165 500 2276 575; x_wconf 85' lang='lat' dir='ltr'><strong>mei</strong></span> <span class='ocrx_word' id='word_1_482' title='bbox 2304 500 2547 575; x_wconf 76' lang='lat' dir='ltr'><strong>velocius</strong></span> <span class='ocrx_word' id='word_1_483' title='bbox 2590 501 2921 558; x_wconf 91' lang='lat' dir='ltr'><strong>transierunt</strong></span> <span class='ocrx_word' id='word_1_484' title='bbox 2962 515 3123 575; x_wconf 80' lang='lat' dir='ltr'><strong>quam</strong></span> <span class='ocrx_word' id='word_1_485' title='bbox 3152 515 3185 560; x_wconf 89' lang='lat' dir='ltr'><strong>a</strong></span> <span class='ocrx_word' id='word_1_486' title='bbox 3222 508 3441 562; x_wconf 77' lang='lat' dir='ltr'><strong>texente</strong></span> <span class='ocrx_word' id='word_1_487' title='bbox 3481 504 3587 564; x_wconf 88' lang='lat' dir='ltr'><strong>tela</strong></span> 
     </span>
    </p>
   </div>
   <div class='ocr_carea' id='block_1_82' title="bbox 2134 573 2452 639">
    <p class='ocr_par' dir='ltr' id='par_1_82' title="bbox 2134 573 2452 639">
     <span class='ocr_line' id='line_1_85' title="bbox 2134 573 2452 639; baseline 0 -10"><span class='ocrx_word' id='word_1_488' title='bbox 2134 573 2452 639; x_wconf 83' lang='lat' dir='ltr'><strong>succiditur,</strong></span> 
     </span>
    </p>
   </div>
   <div class='ocr_carea' id='block_1_83' title="bbox 2066 644 3122 722">
    <p class='ocr_par' dir='ltr' id='par_1_83' title="bbox 2066 644 3122 722">
     <span class='ocr_line' id='line_1_86' title="bbox 2066 644 3122 722; baseline 0.007 -23"><span class='ocrx_word' id='word_1_489' title='bbox 2066 654 2121 700; x_wconf 92' lang='lat' dir='ltr'><strong>et</strong></span> <span class='ocrx_word' id='word_1_490' title='bbox 2146 644 2457 722; x_wconf 85' lang='lat' dir='ltr'><strong>consumpti</strong></span> <span class='ocrx_word' id='word_1_491' title='bbox 2483 654 2612 701; x_wconf 92' lang='lat' dir='ltr'><strong>sunt</strong></span> <span class='ocrx_word' id='word_1_492' title='bbox 2637 645 2842 717; x_wconf 86' lang='lat' dir='ltr'><strong>absque</strong></span> <span class='ocrx_word' id='word_1_493' title='bbox 2872 647 2978 704; x_wconf 90' lang='lat' dir='ltr'><strong>ulla</strong></span> <span class='ocrx_word' id='word_1_494' title='bbox 3004 664 3122 722; x_wconf 91' lang='lat' dir='ltr'><strong>spe.</strong></span> 
     </span>
    </p>
   </div>
   <div class='ocr_carea' id='block_1_84' title="bbox 1994 715 3066 789">
    <p class='ocr_par' dir='ltr' id='par_1_84' title="bbox 1994 715 3066 789">
     <span class='ocr_line' id='line_1_87' title="bbox 1994 715 3066 789; baseline 0.003 -16"><span class='ocrx_word' id='word_1_495' title='bbox 1994 715 2268 773; x_wconf 83' lang='lat' dir='ltr'><strong>Memento</strong></span> <span class='ocrx_word' id='word_1_496' title='bbox 2291 720 2415 786; x_wconf 90' lang='lat' dir='ltr'><strong>quia</strong></span> <span class='ocrx_word' id='word_1_497' title='bbox 2444 728 2633 773; x_wconf 88' lang='lat' dir='ltr'><strong>ventus</strong></span> <span class='ocrx_word' id='word_1_498' title='bbox 2661 715 2883 775; x_wconf 78' lang='lat' dir='ltr'><strong>estvita</strong></span> <span class='ocrx_word' id='word_1_499' title='bbox 2911 715 3066 789; x_wconf 67' lang='lat' dir='ltr'><strong>mea&#39;,</strong></span> 
     </span>
    </p>
   </div>
   <div class='ocr_carea' id='block_1_85' title="bbox 2067 792 3508 863">
    <p class='ocr_par' dir='ltr' id='par_1_85' title="bbox 2067 792 3508 863">
     <span class='ocr_line' id='line_1_88' title="bbox 2067 792 3508 863; baseline 0.006 -19"><span class='ocrx_word' id='word_1_500' title='bbox 2067 800 2123 845; x_wconf 89' lang='lat' dir='ltr'><strong>et</strong></span> <span class='ocrx_word' id='word_1_501' title='bbox 2153 804 2257 863; x_wconf 92' lang='lat' dir='ltr'><strong>non</strong></span> <span class='ocrx_word' id='word_1_502' title='bbox 2281 798 2587 863; x_wconf 81' lang='lat' dir='ltr'><strong>revertetur</strong></span> <span class='ocrx_word' id='word_1_503' title='bbox 2611 792 2803 863; x_wconf 82' lang='lat' dir='ltr'><strong>oculus</strong></span> <span class='ocrx_word' id='word_1_504' title='bbox 2832 808 2984 849; x_wconf 92' lang='lat' dir='ltr'><strong>meus</strong></span> <span class='ocrx_word' id='word_1_505' title='bbox 3006 836 3023 863; x_wconf 94' lang='lat'><strong>,</strong></span> <span class='ocrx_word' id='word_1_506' title='bbox 3053 802 3111 852; x_wconf 93' lang='lat' dir='ltr'><strong>ut</strong></span> <span class='ocrx_word' id='word_1_507' title='bbox 3135 792 3317 851; x_wconf 91' lang='lat' dir='ltr'><strong>videat</strong></span> <span class='ocrx_word' id='word_1_508' title='bbox 3347 792 3508 852; x_wconf 89' lang='lat' dir='ltr'><strong>bona.</strong></span> 
     </span>
    </p>
   </div>
   <div class='ocr_carea' id='block_1_86' title="bbox 1995 859 2953 931">
    <p class='ocr_par' dir='ltr' id='par_1_86' title="bbox 1995 859 2953 931">
     <span class='ocr_line' id='line_1_89' title="bbox 1995 859 2953 931; baseline 0.002 -15"><span class='ocrx_word' id='word_1_509' title='bbox 1995 859 2106 916; x_wconf 91' lang='lat' dir='ltr'><strong>Nec</strong></span> <span class='ocrx_word' id='word_1_510' title='bbox 2126 860 2353 931; x_wconf 86' lang='lat' dir='ltr'><strong>aspiciet</strong></span> <span class='ocrx_word' id='word_1_511' title='bbox 2380 876 2467 917; x_wconf 92' lang='lat' dir='ltr'><strong>me</strong></span> <span class='ocrx_word' id='word_1_512' title='bbox 2493 862 2644 918; x_wconf 86' lang='lat' dir='ltr'><strong>visus</strong></span> <span class='ocrx_word' id='word_1_513' title='bbox 2675 860 2910 920; x_wconf 88' lang='lat' dir='ltr'><strong>hominis</strong></span> <span class='ocrx_word' id='word_1_514' title='bbox 2940 883 2953 918; x_wconf 93' lang='lat'><strong>:</strong></span> 
     </span>
    </p>
   </div>
   <div class='ocr_carea' id='block_1_87' title="bbox 2067 933 3115 999">
    <p class='ocr_par' dir='ltr' id='par_1_87' title="bbox 2067 933 3115 999">
     <span class='ocr_line' id='line_1_90' title="bbox 2067 933 3115 999; baseline 0.009 -13"><span class='ocrx_word' id='word_1_515' title='bbox 2067 933 2210 988; x_wconf 91' lang='lat' dir='ltr'><strong>oculi</strong></span> <span class='ocrx_word' id='word_1_516' title='bbox 2234 933 2311 989; x_wconf 92' lang='lat' dir='ltr'><strong>tui</strong></span> <span class='ocrx_word' id='word_1_517' title='bbox 2344 935 2395 988; x_wconf 90' lang='lat' dir='ltr'><strong>in</strong></span> <span class='ocrx_word' id='word_1_518' title='bbox 2428 948 2543 999; x_wconf 90' lang='lat' dir='ltr'><strong>me,</strong></span> <span class='ocrx_word' id='word_1_519' title='bbox 2578 942 2634 989; x_wconf 88' lang='lat' dir='ltr'><strong>et</strong></span> <span class='ocrx_word' id='word_1_520' title='bbox 2660 950 2764 989; x_wconf 93' lang='lat' dir='ltr'><strong>non</strong></span> <span class='ocrx_word' id='word_1_521' title='bbox 2798 935 3115 996; x_wconf 91' lang='lat' dir='ltr'><strong>subsistam.</strong></span> 
     </span>
    </p>
   </div>
   <div class='ocr_carea' id='block_1_88' title="bbox 1996 1001 3247 1078">
    <p class='ocr_par' dir='ltr' id='par_1_88' title="bbox 1996 1001 3247 1078">
     <span class='ocr_line' id='line_1_91' title="bbox 1996 1001 3247 1078; baseline 0.002 -17"><span class='ocrx_word' id='word_1_522' title='bbox 1996 1001 2024 1042; x_wconf 71' lang='grc' dir='ltr'>δ</span> <span class='ocrx_word' id='word_1_523' title='bbox 2055 1003 2210 1061; x_wconf 88' lang='lat' dir='ltr'><strong>Sicut</strong></span> <span class='ocrx_word' id='word_1_524' title='bbox 2229 1004 2567 1078; x_wconf 88' lang='lat' dir='ltr'><strong>consumitur</strong></span> <span class='ocrx_word' id='word_1_525' title='bbox 2593 1006 2796 1078; x_wconf 88' lang='lat' dir='ltr'><strong>nubes,</strong></span> <span class='ocrx_word' id='word_1_526' title='bbox 2821 1018 2875 1062; x_wconf 90' lang='lat' dir='ltr'><strong>et</strong></span> <span class='ocrx_word' id='word_1_527' title='bbox 2905 1009 3200 1078; x_wconf 86' lang='lat' dir='ltr'><strong>pertransit</strong></span> <span class='ocrx_word' id='word_1_528' title='bbox 3232 1027 3247 1064; x_wconf 92' lang='lat'><strong>:</strong></span> 
     </span>
    </p>
   </div>
   <div class='ocr_carea' id='block_1_89' title="bbox 2069 1077 3448 1149">
    <p class='ocr_par' dir='ltr' id='par_1_89' title="bbox 2069 1077 3448 1149">
     <span class='ocr_line' id='line_1_92' title="bbox 2069 1077 3448 1149; baseline 0.007 -18"><span class='ocrx_word' id='word_1_529' title='bbox 2069 1078 2149 1131; x_wconf 89' lang='lat' dir='ltr'><strong>sic</strong></span> <span class='ocrx_word' id='word_1_530' title='bbox 2169 1077 2258 1147; x_wconf 91' lang='lat' dir='ltr'><strong>qui</strong></span> <span class='ocrx_word' id='word_1_531' title='bbox 2284 1077 2631 1149; x_wconf 90' lang='lat' dir='ltr'><strong>descenderit</strong></span> <span class='ocrx_word' id='word_1_532' title='bbox 2657 1079 2725 1133; x_wconf 90' lang='lat' dir='ltr'><strong>ad</strong></span> <span class='ocrx_word' id='word_1_533' title='bbox 2755 1077 2961 1136; x_wconf 84' lang='lat' dir='ltr'><strong>inferos</strong></span> <span class='ocrx_word' id='word_1_534' title='bbox 2982 1124 2997 1149; x_wconf 91' lang='lat'><strong>,</strong></span> <span class='ocrx_word' id='word_1_535' title='bbox 3029 1097 3135 1138; x_wconf 93' lang='lat' dir='ltr'><strong>non</strong></span> <span class='ocrx_word' id='word_1_536' title='bbox 3167 1081 3448 1141; x_wconf 91' lang='lat' dir='ltr'><strong>ascendet.</strong></span> 
     </span>
    </p>
   </div>
   <div class='ocr_carea' id='block_1_90' title="bbox 1995 1146 3147 1218">
    <p class='ocr_par' dir='ltr' id='par_1_90' title="bbox 1995 1146 3147 1218">
     <span class='ocr_line' id='line_1_93' title="bbox 1995 1146 3147 1218; baseline 0.003 -13"><span class='ocrx_word' id='word_1_537' title='bbox 1995 1146 2109 1205; x_wconf 86' lang='lat' dir='ltr'><strong>Nec</strong></span> <span class='ocrx_word' id='word_1_538' title='bbox 2136 1146 2439 1204; x_wconf 85' lang='lat' dir='ltr'><strong>revertetur</strong></span> <span class='ocrx_word' id='word_1_539' title='bbox 2466 1148 2607 1203; x_wconf 90' lang='lat' dir='ltr'><strong>ultra</strong></span> <span class='ocrx_word' id='word_1_540' title='bbox 2638 1151 2689 1205; x_wconf 93' lang='lat' dir='ltr'><strong>in</strong></span> <span class='ocrx_word' id='word_1_541' title='bbox 2717 1151 2940 1207; x_wconf 92' lang='lat' dir='ltr'><strong>domum</strong></span> <span class='ocrx_word' id='word_1_542' title='bbox 2972 1146 3147 1218; x_wconf 84' lang='lat' dir='ltr'><strong>suam,</strong></span> 
     </span>
    </p>
   </div>
   <div class='ocr_carea' id='block_1_91' title="bbox 2069 1224 3333 1296">
    <p class='ocr_par' dir='ltr' id='par_1_91' title="bbox 2069 1224 3333 1296">
     <span class='ocr_line' id='line_1_94' title="bbox 2069 1224 3333 1296; baseline 0.007 -22"><span class='ocrx_word' id='word_1_543' title='bbox 2069 1234 2246 1291; x_wconf 91' lang='lat' dir='ltr'><strong>neque</strong></span> <span class='ocrx_word' id='word_1_544' title='bbox 2274 1229 2568 1289; x_wconf 85' lang='lat' dir='ltr'><strong>cognoscet</strong></span> <span class='ocrx_word' id='word_1_545' title='bbox 2596 1237 2720 1278; x_wconf 90' lang='lat' dir='ltr'><strong>eum</strong></span> <span class='ocrx_word' id='word_1_546' title='bbox 2751 1224 2985 1291; x_wconf 89' lang='lat' dir='ltr'><strong>amplius</strong></span> <span class='ocrx_word' id='word_1_547' title='bbox 3012 1224 3165 1281; x_wconf 92' lang='lat' dir='ltr'><strong>locus</strong></span> <span class='ocrx_word' id='word_1_548' title='bbox 3191 1224 3333 1296; x_wconf 87' lang='lat' dir='ltr'><strong>ejus.</strong></span> 
     </span>
    </p>
   </div>
   <div class='ocr_carea' id='block_1_92' title="bbox 1997 1290 3226 1364">
    <p class='ocr_par' dir='ltr' id='par_1_92' title="bbox 1997 1290 3226 1364">
     <span class='ocr_line' id='line_1_95' title="bbox 1997 1290 3226 1364; baseline 0.006 -19"><span class='ocrx_word' id='word_1_549' title='bbox 1997 1290 2339 1362; x_wconf 89' lang='lat' dir='ltr'><strong>Quapropter</strong></span> <span class='ocrx_word' id='word_1_550' title='bbox 2368 1302 2421 1348; x_wconf 90' lang='lat' dir='ltr'><strong>et</strong></span> <span class='ocrx_word' id='word_1_551' title='bbox 2449 1308 2549 1363; x_wconf 86' lang='lat' dir='ltr'><strong>ego</strong></span> <span class='ocrx_word' id='word_1_552' title='bbox 2581 1309 2685 1348; x_wconf 93' lang='lat' dir='ltr'><strong>non</strong></span> <span class='ocrx_word' id='word_1_553' title='bbox 2720 1290 2935 1364; x_wconf 87' lang='lat' dir='ltr'><strong>parcam</strong></span> <span class='ocrx_word' id='word_1_554' title='bbox 2968 1300 3048 1352; x_wconf 91' lang='lat' dir='ltr'><strong>ori</strong></span> <span class='ocrx_word' id='word_1_555' title='bbox 3083 1290 3226 1364; x_wconf 79' lang='lat' dir='ltr'><strong>meo,</strong></span> 
     </span>
    </p>
   </div>
   <div class='ocr_carea' id='block_1_93' title="bbox 2070 1364 3163 1436">
    <p class='ocr_par' dir='ltr' id='par_1_93' title="bbox 2070 1364 3163 1436">
     <span class='ocr_line' id='line_1_96' title="bbox 2070 1364 3163 1436; baseline 0.004 -18"><span class='ocrx_word' id='word_1_556' title='bbox 2070 1364 2262 1434; x_wconf 87' lang='lat' dir='ltr'><strong>loquar</strong></span> <span class='ocrx_word' id='word_1_557' title='bbox 2291 1364 2343 1418; x_wconf 90' lang='lat' dir='ltr'><strong>in</strong></span> <span class='ocrx_word' id='word_1_558' title='bbox 2380 1364 2732 1422; x_wconf 87' lang='lat' dir='ltr'><strong>tribulatione</strong></span> <span class='ocrx_word' id='word_1_559' title='bbox 2760 1367 2987 1436; x_wconf 86' lang='lat' dir='ltr'><strong>spiritus</strong></span> <span class='ocrx_word' id='word_1_560' title='bbox 3020 1370 3123 1425; x_wconf 82' lang='lat' dir='ltr'><strong>mei</strong></span> <span class='ocrx_word' id='word_1_561' title='bbox 3152 1389 3163 1422; x_wconf 93' lang='lat'><strong><em>:</em></strong></span> 
     </span>
    </p>
   </div>
   <div class='ocr_carea' id='block_1_94' title="bbox 2074 1436 3489 1516">
    <p class='ocr_par' dir='ltr' id='par_1_94' title="bbox 2074 1436 3489 1516">
     <span class='ocr_line' id='line_1_97' title="bbox 2074 1436 3489 1516; baseline 0.006 -26"><span class='ocrx_word' id='word_1_562' title='bbox 2074 1446 2095 1474; x_wconf 78' lang='grc' dir='ltr'>ε</span> <span class='ocrx_word' id='word_1_563' title='bbox 2125 1436 2514 1516; x_wconf 76' lang='lat' dir='ltr'><strong>confabulabor</strong></span> <span class='ocrx_word' id='word_1_564' title='bbox 2543 1452 2666 1491; x_wconf 89' lang='lat' dir='ltr'><strong>cum</strong></span> <span class='ocrx_word' id='word_1_565' title='bbox 2693 1439 3053 1495; x_wconf 89' lang='lat' dir='ltr'><strong>amaritudine</strong></span> <span class='ocrx_word' id='word_1_566' title='bbox 3081 1441 3279 1498; x_wconf 71' lang='lat' dir='ltr'><strong>animae</strong></span> <span class='ocrx_word' id='word_1_567' title='bbox 3308 1456 3489 1516; x_wconf 33' lang='lat' dir='ltr'><strong>mea)”</strong></span> 
     </span>
    </p>
   </div>
   <div class='ocr_carea' id='block_1_95' title="bbox 1999 1506 3060 1581">
    <p class='ocr_par' dir='ltr' id='par_1_95' title="bbox 1999 1506 3060 1581">
     <span class='ocr_line' id='line_1_98' title="bbox 1999 1506 3060 1581; baseline 0.004 -18"><span class='ocrx_word' id='word_1_568' title='bbox 1999 1506 2268 1581; x_wconf 82' lang='lat' dir='ltr'><strong>Numquid</strong></span> <span class='ocrx_word' id='word_1_569' title='bbox 2296 1524 2589 1581; x_wconf 28' lang='lat' dir='ltr'><strong>ntare‘sum</strong></span> <span class='ocrx_word' id='word_1_570' title='bbox 2621 1524 2744 1581; x_wconf 86' lang='lat' dir='ltr'><strong>ego,</strong></span> <span class='ocrx_word' id='word_1_571' title='bbox 2771 1522 2863 1566; x_wconf 87' lang='lat' dir='ltr'><strong>aut</strong></span> <span class='ocrx_word' id='word_1_572' title='bbox 2886 1520 3060 1579; x_wconf 90' lang='lat' dir='ltr'><strong>cetus,</strong></span> 
     </span>
    </p>
   </div>
   <div class='ocr_carea' id='block_1_96' title="bbox 2069 1578 3028 1649">
    <p class='ocr_par' dir='ltr' id='par_1_96' title="bbox 2069 1578 3028 1649">
     <span class='ocr_line' id='line_1_99' title="bbox 2069 1578 3028 1649; baseline 0.004 -16"><span class='ocrx_word' id='word_1_573' title='bbox 2069 1580 2193 1649; x_wconf 82' lang='lat' dir='ltr'><strong>quia</strong></span> <span class='ocrx_word' id='word_1_574' title='bbox 2223 1578 2629 1636; x_wconf 87' lang='lat' dir='ltr'><strong>circumdedisti</strong></span> <span class='ocrx_word' id='word_1_575' title='bbox 2656 1578 2742 1636; x_wconf 79' lang='lat' dir='ltr'><strong>ine</strong></span> <span class='ocrx_word' id='word_1_576' title='bbox 2767 1584 3028 1640; x_wconf 80' lang='lat' dir='ltr'><strong>carcere?</strong></span> 
     </span>
    </p>
   </div>
   <div class='ocr_carea' id='block_1_97' title="bbox 2001 1650 3311 1724">
    <p class='ocr_par' dir='ltr' id='par_1_97' title="bbox 2001 1650 3311 1724">
     <span class='ocr_line' id='line_1_100' title="bbox 2001 1650 3311 1724; baseline 0.005 -16"><span class='ocrx_word' id='word_1_577' title='bbox 2001 1650 2058 1709; x_wconf 90' lang='lat' dir='ltr'><strong>Si</strong></span> <span class='ocrx_word' id='word_1_578' title='bbox 2085 1652 2313 1724; x_wconf 73' lang='lat' dir='ltr'><strong>dixero;</strong></span> <span class='ocrx_word' id='word_1_579' title='bbox 2346 1650 2728 1724; x_wconf 82' lang='lat' dir='ltr'><strong>Consolabitur</strong></span> <span class='ocrx_word' id='word_1_580' title='bbox 2757 1670 2845 1710; x_wconf 92' lang='lat' dir='ltr'><strong>me</strong></span> <span class='ocrx_word' id='word_1_581' title='bbox 2876 1656 3106 1711; x_wconf 88' lang='lat' dir='ltr'><strong>lectulus</strong></span> <span class='ocrx_word' id='word_1_582' title='bbox 3134 1672 3311 1724; x_wconf 89' lang='lat' dir='ltr'><strong>meus,</strong></span> 
     </span>
    </p>
   </div>
   <div class='ocr_carea' id='block_1_98' title="bbox 2074 1722 3412 1795">
    <p class='ocr_par' dir='ltr' id='par_1_98' title="bbox 2074 1722 3412 1795">
     <span class='ocr_line' id='line_1_101' title="bbox 2074 1722 3412 1795; baseline 0.005 -17"><span class='ocrx_word' id='word_1_583' title='bbox 2074 1732 2128 1778; x_wconf 90' lang='lat' dir='ltr'><strong>et</strong></span> <span class='ocrx_word' id='word_1_584' title='bbox 2156 1722 2441 1779; x_wconf 83' lang='lat' dir='ltr'><strong>revelabor</strong></span> <span class='ocrx_word' id='word_1_585' title='bbox 2466 1724 2699 1795; x_wconf 88' lang='lat' dir='ltr'><strong>loquens</strong></span> <span class='ocrx_word' id='word_1_586' title='bbox 2731 1742 2941 1784; x_wconf 90' lang='lat' dir='ltr'><strong>mecum</strong></span> <span class='ocrx_word' id='word_1_587' title='bbox 2969 1729 3023 1783; x_wconf 90' lang='lat' dir='ltr'><strong>in</strong></span> <span class='ocrx_word' id='word_1_588' title='bbox 3046 1740 3220 1786; x_wconf 80' lang='lat' dir='ltr'><strong>Stratu</strong></span> <span class='ocrx_word' id='word_1_589' title='bbox 3247 1722 3368 1786; x_wconf 80' lang='lat' dir='ltr'><strong>meo</strong></span> <span class='ocrx_word' id='word_1_590' title='bbox 3396 1745 3412 1785; x_wconf 75' lang='grc' dir='ltr'><strong>ε</strong></span> 
     </span>
    </p>
   </div>
   <div class='ocr_carea' id='block_1_99' title="bbox 1931 1794 2763 1889">
    <p class='ocr_par' dir='ltr' id='par_1_99' title="bbox 1931 1794 2763 1889">
     <span class='ocr_line' id='line_1_102' title="bbox 1931 1794 2763 1889; baseline 0.004 -40"><span class='ocrx_word' id='word_1_591' title='bbox 1931 1827 1980 1889; x_wconf 75' lang='grc' dir='ltr'><strong><em>Β</em></strong></span> <span class='ocrx_word' id='word_1_592' title='bbox 2004 1794 2261 1889; x_wconf 69' lang='lat' dir='ltr'><strong>Terrebis</strong></span> <span class='ocrx_word' id='word_1_593' title='bbox 2293 1811 2392 1877; x_wconf 42' lang='lat' dir='ltr'><strong>me.</strong></span> <span class='ocrx_word' id='word_1_594' title='bbox 2408 1810 2503 1863; x_wconf 88' lang='lat' dir='ltr'><strong>per</strong></span> <span class='ocrx_word' id='word_1_595' title='bbox 2530 1794 2763 1889; x_wconf 68' lang='lat' dir='ltr'><strong>somnia,</strong></span> 
     </span>
    </p>
   </div>
   <div class='ocr_carea' id='block_1_100' title="bbox 2076 1867 3111 1935">
    <p class='ocr_par' dir='ltr' id='par_1_100' title="bbox 2076 1867 3111 1935">
     <span class='ocr_line' id='line_1_103' title="bbox 2076 1867 3111 1935; baseline 0.004 -14"><span class='ocrx_word' id='word_1_596' title='bbox 2076 1875 2131 1921; x_wconf 89' lang='lat' dir='ltr'><strong>et</strong></span> <span class='ocrx_word' id='word_1_597' title='bbox 2164 1882 2260 1935; x_wconf 90' lang='lat' dir='ltr'><strong>per</strong></span> <span class='ocrx_word' id='word_1_598' title='bbox 2292 1867 2534 1923; x_wconf 90' lang='lat' dir='ltr'><strong>visiones</strong></span> <span class='ocrx_word' id='word_1_599' title='bbox 2567 1868 2792 1925; x_wconf 89' lang='lat' dir='ltr'><strong>horrore</strong></span> <span class='ocrx_word' id='word_1_600' title='bbox 2812 1872 3111 1927; x_wconf 87' lang='lat' dir='ltr'><strong>eoncuties.</strong></span> 
     </span>
    </p>
   </div>
   <div class='ocr_carea' id='block_1_101' title="bbox 2005 1938 3364 2013">
    <p class='ocr_par' dir='ltr' id='par_1_101' title="bbox 2005 1938 3364 2013">
     <span class='ocr_line' id='line_1_104' title="bbox 2005 1938 3364 2013; baseline 0.004 -20"><span class='ocrx_word' id='word_1_601' title='bbox 2005 1938 2177 2007; x_wconf 88' lang='lat' dir='ltr'><strong>Quam</strong></span> <span class='ocrx_word' id='word_1_602' title='bbox 2208 1939 2278 1994; x_wconf 92' lang='lat' dir='ltr'><strong>ob</strong></span> <span class='ocrx_word' id='word_1_603' title='bbox 2299 1952 2413 1993; x_wconf 91' lang='lat' dir='ltr'><strong>rem</strong></span> <span class='ocrx_word' id='word_1_604' title='bbox 2447 1938 2613 2009; x_wconf 88' lang='lat' dir='ltr'><strong>elegit</strong></span> <span class='ocrx_word' id='word_1_605' title='bbox 2638 1942 2992 2010; x_wconf 88' lang='lat' dir='ltr'><strong>suspendium</strong></span> <span class='ocrx_word' id='word_1_606' title='bbox 3020 1945 3201 1999; x_wconf 90' lang='lat' dir='ltr'><strong>anima</strong></span> <span class='ocrx_word' id='word_1_607' title='bbox 3223 1958 3364 2013; x_wconf 90' lang='lat' dir='ltr'><strong>mea,</strong></span> 
     </span>
    </p>
   </div>
   <div class='ocr_carea' id='block_1_102' title="bbox 2077 2018 2726 2067">
    <p class='ocr_par' dir='ltr' id='par_1_102' title="bbox 2077 2018 2726 2067">
     <span class='ocr_line' id='line_1_105' title="bbox 2077 2018 2726 2067; baseline 0 0"><span class='ocrx_word' id='word_1_608' title='bbox 2077 2018 2132 2067; x_wconf 89' lang='lat' dir='ltr'><strong>et</strong></span> <span class='ocrx_word' id='word_1_609' title='bbox 2162 2018 2397 2065; x_wconf 90' lang='lat' dir='ltr'><strong>mortem</strong></span> <span class='ocrx_word' id='word_1_610' title='bbox 2431 2025 2553 2065; x_wconf 88' lang='lat' dir='ltr'><strong>ossa</strong></span> <span class='ocrx_word' id='word_1_611' title='bbox 2585 2027 2726 2067; x_wconf 89' lang='lat' dir='ltr'><strong>mea.</strong></span> 
     </span>
    </p>
   </div>
   <div class='ocr_carea' id='block_1_103' title="bbox 2006 2081 3266 2154">
    <p class='ocr_par' dir='ltr' id='par_1_103' title="bbox 2006 2081 3266 2154">
     <span class='ocr_line' id='line_1_106' title="bbox 2006 2081 3266 2154; baseline 0.002 -15"><span class='ocrx_word' id='word_1_612' title='bbox 2006 2081 2323 2149; x_wconf 87' lang='lat' dir='ltr'><strong>Desperavi,</strong></span> <span class='ocrx_word' id='word_1_613' title='bbox 2351 2096 2696 2154; x_wconf 80' lang='lat' dir='ltr'><strong>nequaquam</strong></span> <span class='ocrx_word' id='word_1_614' title='bbox 2731 2082 2867 2140; x_wconf 89' lang='lat' dir='ltr'><strong>ultra</strong></span> <span class='ocrx_word' id='word_1_615' title='bbox 2896 2082 3008 2154; x_wconf 87' lang='lat' dir='ltr'><strong>jam</strong></span> <span class='ocrx_word' id='word_1_616' title='bbox 3041 2086 3216 2142; x_wconf 88' lang='lat' dir='ltr'><strong>vivam</strong></span> <span class='ocrx_word' id='word_1_617' title='bbox 3250 2103 3266 2141; x_wconf 90' lang='lat'>:</span> 
     </span>
    </p>
   </div>
   <div class='ocr_carea' id='block_1_104' title="bbox 2080 2152 3209 2223">
    <p class='ocr_par' dir='ltr' id='par_1_104' title="bbox 2080 2152 3209 2223">
     <span class='ocr_line' id='line_1_107' title="bbox 2080 2152 3209 2223; baseline 0.004 -14"><span class='ocrx_word' id='word_1_618' title='bbox 2080 2168 2241 2223; x_wconf 88' lang='lat' dir='ltr'><strong>parce</strong></span> <span class='ocrx_word' id='word_1_619' title='bbox 2273 2152 2426 2217; x_wconf 90' lang='lat' dir='ltr'><strong>mihi,</strong></span> <span class='ocrx_word' id='word_1_620' title='bbox 2450 2152 2590 2209; x_wconf 84' lang='lat' dir='ltr'><strong>nihil</strong></span> <span class='ocrx_word' id='word_1_621' title='bbox 2617 2156 2761 2211; x_wconf 91' lang='lat' dir='ltr'><strong>enim</strong></span> <span class='ocrx_word' id='word_1_622' title='bbox 2792 2152 2918 2211; x_wconf 84' lang='lat' dir='ltr'><strong>sunt</strong></span> <span class='ocrx_word' id='word_1_623' title='bbox 2940 2159 3056 2213; x_wconf 87' lang='lat' dir='ltr'><strong>dies</strong></span> <span class='ocrx_word' id='word_1_624' title='bbox 3082 2159 3209 2215; x_wconf 92' lang='lat' dir='ltr'><strong>mei.</strong></span> 
     </span>
    </p>
   </div>
   <div class='ocr_carea' id='block_1_105' title="bbox 2006 2225 3154 2299">
    <p class='ocr_par' dir='ltr' id='par_1_105' title="bbox 2006 2225 3154 2299">
     <span class='ocr_line' id='line_1_108' title="bbox 2006 2225 3154 2299; baseline 0.003 -18"><span class='ocrx_word' id='word_1_625' title='bbox 2006 2225 2147 2296; x_wconf 88' lang='lat' dir='ltr'><strong>Quid</strong></span> <span class='ocrx_word' id='word_1_626' title='bbox 2174 2226 2475 2299; x_wconf 74' lang='lat' dir='ltr'><strong>esthomo,</strong></span> <span class='ocrx_word' id='word_1_627' title='bbox 2501 2228 2629 2299; x_wconf 84' lang='lat' dir='ltr'><strong>quia</strong></span> <span class='ocrx_word' id='word_1_628' title='bbox 2650 2228 2963 2299; x_wconf 82' lang='lat' dir='ltr'><strong>magnificas</strong></span> <span class='ocrx_word' id='word_1_629' title='bbox 2993 2231 3154 2285; x_wconf 86' lang='lat' dir='ltr'><strong>eum?</strong></span> 
     </span>
    </p>
   </div>
   <div class='ocr_carea' id='block_1_106' title="bbox 2078 2297 3574 2408">
    <p class='ocr_par' dir='ltr' id='par_1_106' title="bbox 2078 2297 3574 2408">
     <span class='ocr_line' id='line_1_109' title="bbox 2078 2297 3574 2408; baseline 0.005 -54"><span class='ocrx_word' id='word_1_630' title='bbox 2078 2297 2510 2408; x_wconf 35' lang='lat' dir='ltr'><strong>autiﬂ‘tti‘awonis</strong></span> <span class='ocrx_word' id='word_1_631' title='bbox 2542 2298 2648 2372; x_wconf 66' lang='lat' dir='ltr'><strong>[AL</strong></span> <span class='ocrx_word' id='word_1_632' title='bbox 2690 2297 2820 2370; x_wconf 81' lang='lat' dir='ltr'><strong>quid</strong></span> <span class='ocrx_word' id='word_1_633' title='bbox 2848 2300 3112 2374; x_wconf 88' lang='lat' dir='ltr'><strong>appones]</strong></span> <span class='ocrx_word' id='word_1_634' title='bbox 3140 2299 3169 2339; x_wconf 75' lang='grc' dir='ltr'><strong>ιι</strong></span> <span class='ocrx_word' id='word_1_635' title='bbox 3198 2317 3329 2375; x_wconf 86' lang='lat' dir='ltr'><strong>erga</strong></span> <span class='ocrx_word' id='word_1_636' title='bbox 3354 2316 3477 2362; x_wconf 88' lang='lat' dir='ltr'><strong>eum</strong></span> <span class='ocrx_word' id='word_1_637' title='bbox 3506 2317 3574 2361; x_wconf 89' lang='lat' dir='ltr'><strong>co</strong></span> 
     </span>
    </p>
   </div>
   <div class='ocr_carea' id='block_1_107' title="bbox 2153 2378 2333 2425">
    <p class='ocr_par' dir='ltr' id='par_1_107' title="bbox 2153 2378 2333 2425">
     <span class='ocr_line' id='line_1_110' title="bbox 2153 2378 2333 2425; baseline -0.011 0"><span class='ocrx_word' id='word_1_638' title='bbox 2153 2378 2333 2425; x_wconf 78' lang='lat' dir='ltr'><strong>tuum&#39;t</strong></span> 
     </span>
    </p>
   </div>
   <div class='ocr_carea' id='block_1_108' title="bbox 2012 2441 2655 2507">
    <p class='ocr_par' dir='ltr' id='par_1_108' title="bbox 2012 2441 2655 2507">
     <span class='ocr_line' id='line_1_111' title="bbox 2012 2441 2655 2507; baseline -0.003 -8"><span class='ocrx_word' id='word_1_639' title='bbox 2012 2442 2214 2499; x_wconf 77' lang='lat' dir='ltr'><strong>Visitas</strong></span> <span class='ocrx_word' id='word_1_640' title='bbox 2239 2456 2363 2497; x_wconf 90' lang='lat' dir='ltr'><strong>eum</strong></span> <span class='ocrx_word' id='word_1_641' title='bbox 2392 2441 2655 2507; x_wconf 87' lang='lat' dir='ltr'><strong>diluculo,</strong></span> 
     </span>
    </p>
   </div>
   <div class='ocr_carea' id='block_1_109' title="bbox 2082 2514 2787 2583">
    <p class='ocr_par' dir='ltr' id='par_1_109' title="bbox 2082 2514 2787 2583">
     <span class='ocr_line' id='line_1_112' title="bbox 2082 2514 2787 2583; baseline 0.003 -14"><span class='ocrx_word' id='word_1_642' title='bbox 2082 2524 2137 2569; x_wconf 89' lang='lat' dir='ltr'><strong>et</strong></span> <span class='ocrx_word' id='word_1_643' title='bbox 2157 2514 2336 2569; x_wconf 91' lang='lat' dir='ltr'><strong>subito</strong></span> <span class='ocrx_word' id='word_1_644' title='bbox 2369 2514 2568 2583; x_wconf 87' lang='lat' dir='ltr'><strong>probas</strong></span> <span class='ocrx_word' id='word_1_645' title='bbox 2593 2515 2744 2569; x_wconf 91' lang='lat' dir='ltr'><strong>illum</strong></span> <span class='ocrx_word' id='word_1_646' title='bbox 2771 2530 2787 2571; x_wconf 88' lang='lat'><strong>:</strong></span> 
     </span>
    </p>
   </div>
   <div class='ocr_carea' id='block_1_110' title="bbox 2010 2586 2826 2657">
    <p class='ocr_par' dir='ltr' id='par_1_110' title="bbox 2010 2586 2826 2657">
     <span class='ocr_line' id='line_1_113' title="bbox 2010 2586 2826 2657; baseline -0.002 -12"><span class='ocrx_word' id='word_1_647' title='bbox 2010 2586 2305 2657; x_wconf 88' lang='lat' dir='ltr'><strong>Usquequo</strong></span> <span class='ocrx_word' id='word_1_648' title='bbox 2332 2602 2439 2641; x_wconf 93' lang='lat' dir='ltr'><strong>non</strong></span> <span class='ocrx_word' id='word_1_649' title='bbox 2469 2588 2646 2655; x_wconf 89' lang='lat' dir='ltr'><strong>parcis</strong></span> <span class='ocrx_word' id='word_1_650' title='bbox 2678 2587 2826 2652; x_wconf 90' lang='lat' dir='ltr'><strong>mihi,</strong></span> 
     </span>
    </p>
   </div>
   <div class='ocr_carea' id='block_1_111' title="bbox 2083 2657 3394 2729">
    <p class='ocr_par' dir='ltr' id='par_1_111' title="bbox 2083 2657 3394 2729">
     <span class='ocr_line' id='line_1_114' title="bbox 2083 2657 3394 2729; baseline 0.005 -16"><span class='ocrx_word' id='word_1_651' title='bbox 2083 2673 2183 2715; x_wconf 89' lang='lat' dir='ltr'><strong>nec</strong></span> <span class='ocrx_word' id='word_1_652' title='bbox 2208 2657 2434 2713; x_wconf 88' lang='lat' dir='ltr'><strong>dimittis</strong></span> <span class='ocrx_word' id='word_1_653' title='bbox 2466 2674 2553 2713; x_wconf 91' lang='lat' dir='ltr'><strong>me</strong></span> <span class='ocrx_word' id='word_1_654' title='bbox 2585 2670 2642 2713; x_wconf 92' lang='lat' dir='ltr'><strong>ut</strong></span> <span class='ocrx_word' id='word_1_655' title='bbox 2670 2660 2893 2729; x_wconf 85' lang='lat' dir='ltr'><strong>glutiam</strong></span> <span class='ocrx_word' id='word_1_656' title='bbox 2922 2657 3150 2716; x_wconf 86' lang='lat' dir='ltr'><strong>salivam</strong></span> <span class='ocrx_word' id='word_1_657' title='bbox 3180 2664 3394 2720; x_wconf 88' lang='lat' dir='ltr'><strong>meam?</strong></span> 
     </span>
    </p>
   </div>
   <div class='ocr_carea' id='block_1_112' title="bbox 2011 2729 3421 2801">
    <p class='ocr_par' dir='ltr' id='par_1_112' title="bbox 2011 2729 3421 2801">
     <span class='ocr_line' id='line_1_115' title="bbox 2011 2729 3421 2801; baseline 0.004 -13"><span class='ocrx_word' id='word_1_658' title='bbox 2011 2729 2257 2799; x_wconf 86' lang='lat' dir='ltr'><strong>Peccavi,</strong></span> <span class='ocrx_word' id='word_1_659' title='bbox 2289 2730 2416 2801; x_wconf 89' lang='lat' dir='ltr'><strong>qttid</strong></span> <span class='ocrx_word' id='word_1_660' title='bbox 2449 2729 2640 2785; x_wconf 82' lang='lat' dir='ltr'><strong>faciam</strong></span> <span class='ocrx_word' id='word_1_661' title='bbox 2672 2730 2790 2799; x_wconf 91' lang='lat' dir='ltr'><strong>tibi,</strong></span> <span class='ocrx_word' id='word_1_662' title='bbox 2824 2748 2857 2785; x_wconf 88' lang='grc' dir='ltr'><strong>ο</strong></span> <span class='ocrx_word' id='word_1_663' title='bbox 2887 2739 3073 2787; x_wconf 88' lang='lat' dir='ltr'><strong>custos</strong></span> <span class='ocrx_word' id='word_1_664' title='bbox 3104 2731 3421 2794; x_wconf 81' lang='lat' dir='ltr'><strong>hominum?</strong></span> 
     </span>
    </p>
   </div>
   <div class='ocr_carea' id='block_1_113' title="bbox 2085 2802 3140 2874">
    <p class='ocr_par' dir='ltr' id='par_1_113' title="bbox 2085 2802 3140 2874">
     <span class='ocr_line' id='line_1_116' title="bbox 2085 2802 3140 2874; baseline 0.002 -18"><span class='ocrx_word' id='word_1_665' title='bbox 2085 2817 2254 2874; x_wconf 88' lang='lat' dir='ltr'><strong>quare</strong></span> <span class='ocrx_word' id='word_1_666' title='bbox 2285 2802 2507 2871; x_wconf 80' lang='lat' dir='ltr'><strong>posuisti</strong></span> <span class='ocrx_word' id='word_1_667' title='bbox 2538 2818 2623 2856; x_wconf 91' lang='lat' dir='ltr'><strong>me</strong></span> <span class='ocrx_word' id='word_1_668' title='bbox 2653 2804 2983 2858; x_wconf 90' lang='lat' dir='ltr'><strong>contrarium</strong></span> <span class='ocrx_word' id='word_1_669' title='bbox 3020 2803 3140 2868; x_wconf 91' lang='lat' dir='ltr'><strong>tibi,</strong></span> 
     </span>
    </p>
   </div>
   <div class='ocr_carea' id='block_1_114' title="bbox 2086 2874 3107 2946">
    <p class='ocr_par' dir='ltr' id='par_1_114' title="bbox 2086 2874 3107 2946">
     <span class='ocr_line' id='line_1_117' title="bbox 2086 2874 3107 2946; baseline 0 -17"><span class='ocrx_word' id='word_1_670' title='bbox 2086 2884 2141 2929; x_wconf 88' lang='lat' dir='ltr'><strong>et</strong></span> <span class='ocrx_word' id='word_1_671' title='bbox 2165 2875 2334 2929; x_wconf 82' lang='lat' dir='ltr'><strong>lactus</strong></span> <span class='ocrx_word' id='word_1_672' title='bbox 2363 2888 2481 2928; x_wconf 93' lang='lat' dir='ltr'><strong>sum</strong></span> <span class='ocrx_word' id='word_1_673' title='bbox 2512 2874 2864 2946; x_wconf 88' lang='lat' dir='ltr'><strong>mihimetipsi</strong></span> <span class='ocrx_word' id='word_1_674' title='bbox 2891 2875 3107 2946; x_wconf 88' lang='lat' dir='ltr'><strong>gravis?</strong></span> 
     </span>
    </p>
   </div>
   <div class='ocr_carea' id='block_1_115' title="bbox 2014 2946 2971 3014">
    <p class='ocr_par' dir='ltr' id='par_1_115' title="bbox 2014 2946 2971 3014">
     <span class='ocr_line' id='line_1_118' title="bbox 2014 2946 2971 3014; baseline -0.002 -12"><span class='ocrx_word' id='word_1_675' title='bbox 2014 2946 2125 3002; x_wconf 90' lang='lat' dir='ltr'><strong>Cur</strong></span> <span class='ocrx_word' id='word_1_676' title='bbox 2152 2962 2258 3001; x_wconf 86' lang='lat' dir='ltr'><strong>non</strong></span> <span class='ocrx_word' id='word_1_677' title='bbox 2291 2947 2435 3001; x_wconf 90' lang='lat' dir='ltr'><strong>tollis</strong></span> <span class='ocrx_word' id='word_1_678' title='bbox 2459 2955 2737 3014; x_wconf 84' lang='lat' dir='ltr'><strong>peccatum</strong></span> <span class='ocrx_word' id='word_1_679' title='bbox 2767 2962 2971 3011; x_wconf 89' lang='lat' dir='ltr'><strong>meum,</strong></span> 
     </span>
    </p>
   </div>
   <div class='ocr_carea' id='block_1_116' title="bbox 2087 3016 3282 3090">
    <p class='ocr_par' dir='ltr' id='par_1_116' title="bbox 2087 3016 3282 3090">
     <span class='ocr_line' id='line_1_119' title="bbox 2087 3016 3282 3090; baseline 0.002 -16"><span class='ocrx_word' id='word_1_680' title='bbox 2087 3027 2140 3074; x_wconf 93' lang='lat' dir='ltr'><strong>et</strong></span> <span class='ocrx_word' id='word_1_681' title='bbox 2172 3033 2340 3089; x_wconf 92' lang='lat' dir='ltr'><strong>quare</strong></span> <span class='ocrx_word' id='word_1_682' title='bbox 2365 3032 2470 3073; x_wconf 91' lang='lat' dir='ltr'><strong>non</strong></span> <span class='ocrx_word' id='word_1_683' title='bbox 2496 3016 2679 3073; x_wconf 82' lang='lat' dir='ltr'><strong>aufers</strong></span> <span class='ocrx_word' id='word_1_684' title='bbox 2706 3018 3043 3090; x_wconf 90' lang='lat' dir='ltr'><strong>iniquitatem</strong></span> <span class='ocrx_word' id='word_1_685' title='bbox 3072 3021 3282 3076; x_wconf 83' lang='lat' dir='ltr'><strong>meam?</strong></span> 
     </span>
    </p>
   </div>
   <div class='ocr_carea' id='block_1_117' title="bbox 2020 3089 3017 3158">
    <p class='ocr_par' dir='ltr' id='par_1_117' title="bbox 2020 3089 3017 3158">
     <span class='ocr_line' id='line_1_120' title="bbox 2020 3089 3017 3158; baseline -0.003 -12"><span class='ocrx_word' id='word_1_686' title='bbox 2020 3089 2183 3157; x_wconf 85' lang='lat' dir='ltr'><strong>Ecce,</strong></span> <span class='ocrx_word' id='word_1_687' title='bbox 2214 3104 2360 3145; x_wconf 89' lang='lat' dir='ltr'><strong>nunc</strong></span> <span class='ocrx_word' id='word_1_688' title='bbox 2390 3091 2441 3143; x_wconf 89' lang='lat' dir='ltr'><strong>in</strong></span> <span class='ocrx_word' id='word_1_689' title='bbox 2466 3089 2690 3158; x_wconf 88' lang='lat' dir='ltr'><strong>pulvere</strong></span> <span class='ocrx_word' id='word_1_690' title='bbox 2712 3089 2978 3145; x_wconf 84' lang='lat' dir='ltr'><strong>dormiam</strong></span> <span class='ocrx_word' id='word_1_691' title='bbox 3006 3108 3017 3143; x_wconf 89' lang='lat'>:</span> 
     </span>
    </p>
   </div>
   <div class='ocr_carea' id='block_1_118' title="bbox 2095 3161 3351 3233">
    <p class='ocr_par' dir='ltr' id='par_1_118' title="bbox 2095 3161 3351 3233">
     <span class='ocr_line' id='line_1_121' title="bbox 2095 3161 3351 3233; baseline 0.002 -15"><span class='ocrx_word' id='word_1_692' title='bbox 2095 3161 2161 3218; x_wconf 88' lang='lat' dir='ltr'><strong>Et</strong></span> <span class='ocrx_word' id='word_1_693' title='bbox 2189 3162 2236 3218; x_wconf 90' lang='lat' dir='ltr'><strong>si</strong></span> <span class='ocrx_word' id='word_1_694' title='bbox 2268 3176 2426 3218; x_wconf 87' lang='lat' dir='ltr'><strong>mane</strong></span> <span class='ocrx_word' id='word_1_695' title='bbox 2452 3176 2537 3216; x_wconf 90' lang='lat' dir='ltr'><strong>me</strong></span> <span class='ocrx_word' id='word_1_696' title='bbox 2560 3161 2865 3233; x_wconf 62' lang='lat' dir='ltr'><strong>quaesieris,</strong></span> <span class='ocrx_word' id='word_1_697' title='bbox 2898 3178 3005 3218; x_wconf 91' lang='lat' dir='ltr'><strong>non</strong></span> <span class='ocrx_word' id='word_1_698' title='bbox 3034 3163 3351 3221; x_wconf 87' lang='lat' dir='ltr'><strong>subsistam.</strong></span> 
     </span>
    </p>
   </div>
   <div class='ocr_carea' id='block_1_119' title="bbox 2214 3292 3435 3345">
    <p class='ocr_par' dir='ltr' id='par_1_119' title="bbox 2214 3292 3435 3345">
     <span class='ocr_line' id='line_1_122' title="bbox 2214 3292 3435 3345; baseline 0.002 -11"><span class='ocrx_word' id='word_1_699' title='bbox 2214 3292 2549 3334; x_wconf 79' lang='lat' dir='ltr'><strong>RESPONDENS</strong></span> <span class='ocrx_word' id='word_1_700' title='bbox 2579 3292 2757 3333; x_wconf 75' lang='lat' dir='ltr'><strong>AU&#39;IEII</strong></span> <span class='ocrx_word' id='word_1_701' title='bbox 2786 3293 2991 3334; x_wconf 70' lang='lat' dir='ltr'><strong>BALDLD</strong></span> <span class='ocrx_word' id='word_1_702' title='bbox 3020 3294 3229 3345; x_wconf 76' lang='lat' dir='ltr'><strong>SUITES,</strong></span> <span class='ocrx_word' id='word_1_703' title='bbox 3259 3294 3435 3337; x_wconf 74' lang='grc' dir='ltr'><strong>υιιιῐς</strong></span> 
     </span>
    </p>
   </div>
   <div class='ocr_carea' id='block_1_120' title="bbox 2023 3380 3127 3456">
    <p class='ocr_par' dir='ltr' id='par_1_120' title="bbox 2023 3380 3127 3456">
     <span class='ocr_line' id='line_1_123' title="bbox 2023 3380 3127 3456; baseline 0 -18"><span class='ocrx_word' id='word_1_704' title='bbox 2023 3383 2175 3456; x_wconf 75' lang='grc' dir='ltr'><strong>[ϐαρ.</strong></span> <span class='ocrx_word' id='word_1_705' title='bbox 2202 3380 2361 3456; x_wconf 74' lang='lat' dir='ltr'><strong>V&#39;lll.]</strong></span> <span class='ocrx_word' id='word_1_706' title='bbox 2394 3380 2680 3456; x_wconf 84' lang='lat' dir='ltr'><strong>Usquequo</strong></span> <span class='ocrx_word' id='word_1_707' title='bbox 2710 3380 2952 3453; x_wconf 90' lang='lat' dir='ltr'><strong>loqueris</strong></span> <span class='ocrx_word' id='word_1_708' title='bbox 2978 3382 3127 3456; x_wconf 85' lang='lat' dir='ltr'><strong>talia,</strong></span> 
     </span>
    </p>
   </div>
   <div class='ocr_carea' id='block_1_121' title="bbox 2094 3453 3296 3523">
    <p class='ocr_par' dir='ltr' id='par_1_121' title="bbox 2094 3453 3296 3523">
     <span class='ocr_line' id='line_1_124' title="bbox 2094 3453 3296 3523; baseline 0 -13"><span class='ocrx_word' id='word_1_709' title='bbox 2094 3464 2149 3510; x_wconf 91' lang='lat' dir='ltr'><strong>et</strong></span> <span class='ocrx_word' id='word_1_710' title='bbox 2172 3455 2397 3523; x_wconf 78' lang='lat' dir='ltr'><strong>Spiritus</strong></span> <span class='ocrx_word' id='word_1_711' title='bbox 2418 3453 2697 3523; x_wconf 79' lang='lat' dir='ltr'><strong>multiplex</strong></span> <span class='ocrx_word' id='word_1_712' title='bbox 2726 3468 3010 3510; x_wconf 90' lang='lat' dir='ltr'><strong>sermones</strong></span> <span class='ocrx_word' id='word_1_713' title='bbox 3039 3455 3150 3511; x_wconf 88' lang='lat' dir='ltr'><strong>oris</strong></span> <span class='ocrx_word' id='word_1_714' title='bbox 3176 3455 3296 3511; x_wconf 91' lang='lat' dir='ltr'><strong>tui?</strong></span> 
     </span>
    </p>
   </div>
   <div class='ocr_carea' id='block_1_122' title="bbox 2022 3524 3118 3596">
    <p class='ocr_par' dir='ltr' id='par_1_122' title="bbox 2022 3524 3118 3596">
     <span class='ocr_line' id='line_1_125' title="bbox 2022 3524 3118 3596; baseline -0.004 -13"><span class='ocrx_word' id='word_1_715' title='bbox 2022 3524 2291 3596; x_wconf 85' lang='lat' dir='ltr'><strong>Numquid</strong></span> <span class='ocrx_word' id='word_1_716' title='bbox 2317 3525 2461 3580; x_wconf 90' lang='lat' dir='ltr'><strong>Deus</strong></span> <span class='ocrx_word' id='word_1_717' title='bbox 2485 3525 3076 3595; x_wconf 86' lang='lat' dir='ltr'><strong>supplantatjudicium</strong></span> <span class='ocrx_word' id='word_1_718' title='bbox 3105 3542 3118 3579; x_wconf 92' lang='lat'><strong>:</strong></span> 
     </span>
    </p>
   </div>
   <div class='ocr_carea' id='block_1_123' title="bbox 2095 3597 3388 3669">
    <p class='ocr_par' dir='ltr' id='par_1_123' title="bbox 2095 3597 3388 3669">
     <span class='ocr_line' id='line_1_126' title="bbox 2095 3597 3388 3669; baseline -0.001 -15"><span class='ocrx_word' id='word_1_719' title='bbox 2095 3607 2151 3654; x_wconf 88' lang='lat' dir='ltr'><strong>et</strong></span> <span class='ocrx_word' id='word_1_720' title='bbox 2181 3599 2527 3668; x_wconf 90' lang='lat' dir='ltr'><strong>omnipotens</strong></span> <span class='ocrx_word' id='word_1_721' title='bbox 2557 3597 2824 3653; x_wconf 89' lang='lat' dir='ltr'><strong>subvertit</strong></span> <span class='ocrx_word' id='word_1_722' title='bbox 2854 3598 2994 3669; x_wconf 90' lang='lat' dir='ltr'><strong>quod</strong></span> <span class='ocrx_word' id='word_1_723' title='bbox 3017 3598 3224 3669; x_wconf 88' lang='lat' dir='ltr'><strong>justum</strong></span> <span class='ocrx_word' id='word_1_724' title='bbox 3256 3597 3388 3656; x_wconf 85' lang='lat' dir='ltr'><strong>est?</strong></span> 
     </span>
    </p>
   </div>
   <div class='ocr_carea' id='block_1_124' title="bbox 2026 3669 2997 3739">
    <p class='ocr_par' dir='ltr' id='par_1_124' title="bbox 2026 3669 2997 3739">
     <span class='ocr_line' id='line_1_127' title="bbox 2026 3669 2997 3739; baseline -0.002 -13"><span class='ocrx_word' id='word_1_725' title='bbox 2026 3669 2201 3726; x_wconf 89' lang='lat' dir='ltr'><strong>Etiam</strong></span> <span class='ocrx_word' id='word_1_726' title='bbox 2228 3670 2273 3725; x_wconf 91' lang='lat' dir='ltr'><strong>si</strong></span> <span class='ocrx_word' id='word_1_727' title='bbox 2309 3670 2403 3723; x_wconf 87' lang='lat' dir='ltr'><strong>lilii</strong></span> <span class='ocrx_word' id='word_1_728' title='bbox 2432 3669 2508 3723; x_wconf 91' lang='lat' dir='ltr'><strong>tui</strong></span> <span class='ocrx_word' id='word_1_729' title='bbox 2540 3680 2902 3739; x_wconf 85' lang='lat' dir='ltr'><strong>peccaverunt</strong></span> <span class='ocrx_word' id='word_1_730' title='bbox 2923 3670 2997 3737; x_wconf 90' lang='lat' dir='ltr'><strong>ei,</strong></span> 
     </span>
    </p>
   </div>
   <div class='ocr_carea' id='block_1_125' title="bbox 2101 3740 3277 3814">
    <p class='ocr_par' dir='ltr' id='par_1_125' title="bbox 2101 3740 3277 3814">
     <span class='ocr_line' id='line_1_128' title="bbox 2101 3740 3277 3814; baseline -0.001 -16"><span class='ocrx_word' id='word_1_731' title='bbox 2101 3749 2157 3798; x_wconf 90' lang='lat' dir='ltr'><strong>et</strong></span> <span class='ocrx_word' id='word_1_732' title='bbox 2181 3740 2385 3796; x_wconf 90' lang='lat' dir='ltr'><strong>dimisit</strong></span> <span class='ocrx_word' id='word_1_733' title='bbox 2413 3756 2510 3814; x_wconf 82' lang='lat' dir='ltr'><strong>eos</strong></span> <span class='ocrx_word' id='word_1_734' title='bbox 2540 3741 2592 3796; x_wconf 93' lang='lat' dir='ltr'><strong>in</strong></span> <span class='ocrx_word' id='word_1_735' title='bbox 2612 3756 2777 3814; x_wconf 88' lang='lat' dir='ltr'><strong>manu</strong></span> <span class='ocrx_word' id='word_1_736' title='bbox 2801 3741 3099 3814; x_wconf 88' lang='lat' dir='ltr'><strong>iniquitatis</strong></span> <span class='ocrx_word' id='word_1_737' title='bbox 3127 3757 3277 3799; x_wconf 64' lang='lat' dir='ltr'><strong>suae:</strong></span> 
     </span>
    </p>
   </div>
   <div class='ocr_carea' id='block_1_126' title="bbox 2028 3812 3410 3881">
    <p class='ocr_par' dir='ltr' id='par_1_126' title="bbox 2028 3812 3410 3881">
     <span class='ocr_line' id='line_1_129' title="bbox 2028 3812 3410 3881; baseline -0.001 -11"><span class='ocrx_word' id='word_1_738' title='bbox 2028 3813 2110 3870; x_wconf 87' lang='lat' dir='ltr'><strong>Tu</strong></span> <span class='ocrx_word' id='word_1_739' title='bbox 2140 3822 2317 3868; x_wconf 87' lang='lat' dir='ltr'><strong>tamen</strong></span> <span class='ocrx_word' id='word_1_740' title='bbox 2344 3814 2389 3867; x_wconf 88' lang='lat' dir='ltr'><strong>si</strong></span> <span class='ocrx_word' id='word_1_741' title='bbox 2421 3812 2660 3868; x_wconf 88' lang='lat' dir='ltr'><strong>diluculo</strong></span> <span class='ocrx_word' id='word_1_742' title='bbox 2684 3812 3094 3871; x_wconf 78' lang='lat' dir='ltr'><strong>consurrexeris</strong></span> <span class='ocrx_word' id='word_1_743' title='bbox 3123 3815 3189 3870; x_wconf 86' lang='lat' dir='ltr'><strong>ad</strong></span> <span class='ocrx_word' id='word_1_744' title='bbox 3215 3814 3410 3881; x_wconf 86' lang='lat' dir='ltr'><strong>Deum,</strong></span> 
     </span>
    </p>
   </div>
   <div class='ocr_carea' id='block_1_127' title="bbox 2100 3885 3216 3957">
    <p class='ocr_par' dir='ltr' id='par_1_127' title="bbox 2100 3885 3216 3957">
     <span class='ocr_line' id='line_1_130' title="bbox 2100 3885 3216 3957; baseline 0.004 -16"><span class='ocrx_word' id='word_1_745' title='bbox 2100 3894 2157 3941; x_wconf 93' lang='lat' dir='ltr'><strong>et</strong></span> <span class='ocrx_word' id='word_1_746' title='bbox 2183 3885 2621 3957; x_wconf 80' lang='lat' dir='ltr'><strong>Omnipotentem</strong></span> <span class='ocrx_word' id='word_1_747' title='bbox 2652 3886 2821 3940; x_wconf 84' lang='lat' dir='ltr'><strong>fueris</strong></span> <span class='ocrx_word' id='word_1_748' title='bbox 2849 3885 3175 3957; x_wconf 89' lang='lat' dir='ltr'><strong>deprecatus</strong></span> <span class='ocrx_word' id='word_1_749' title='bbox 3201 3906 3216 3945; x_wconf 88' lang='lat'><strong>:</strong></span> 
     </span>
    </p>
   </div>
   <div class='ocr_carea' id='block_1_128' title="bbox 2029 3954 3044 4027">
    <p class='ocr_par' dir='ltr' id='par_1_128' title="bbox 2029 3954 3044 4027">
     <span class='ocr_line' id='line_1_131' title="bbox 2029 3954 3044 4027; baseline 0 -13"><span class='ocrx_word' id='word_1_750' title='bbox 2029 3956 2089 4015; x_wconf 90' lang='lat' dir='ltr'><strong>Si</strong></span> <span class='ocrx_word' id='word_1_751' title='bbox 2118 3966 2141 3994; x_wconf 73' lang='grc' dir='ltr'>θ</span> <span class='ocrx_word' id='word_1_752' title='bbox 2173 3954 2408 4011; x_wconf 90' lang='lat' dir='ltr'><strong>mundus</strong></span> <span class='ocrx_word' id='word_1_753' title='bbox 2438 3964 2493 4012; x_wconf 88' lang='lat' dir='ltr'><strong>et</strong></span> <span class='ocrx_word' id='word_1_754' title='bbox 2518 3964 2701 4012; x_wconf 89' lang='lat' dir='ltr'><strong>rectus</strong></span> <span class='ocrx_word' id='word_1_755' title='bbox 2732 3954 3044 4027; x_wconf 83' lang='lat' dir='ltr'><strong>incesséris,</strong></span> 
     </span>
    </p>
   </div>
   <div class='ocr_carea' id='block_1_129' title="bbox 2098 4028 2796 4099">
    <p class='ocr_par' dir='ltr' id='par_1_129' title="bbox 2098 4028 2796 4099">
     <span class='ocr_line' id='line_1_132' title="bbox 2098 4028 2796 4099; baseline 0 -14"><span class='ocrx_word' id='word_1_756' title='bbox 2098 4029 2280 4085; x_wconf 87' lang='lat' dir='ltr'><strong>statim</strong></span> <span class='ocrx_word' id='word_1_757' title='bbox 2310 4028 2591 4099; x_wconf 88' lang='lat' dir='ltr'><strong>evigilabit</strong></span> <span class='ocrx_word' id='word_1_758' title='bbox 2617 4028 2684 4083; x_wconf 92' lang='lat' dir='ltr'><strong>ad</strong></span> <span class='ocrx_word' id='word_1_759' title='bbox 2720 4037 2796 4096; x_wconf 92' lang='lat' dir='ltr'><strong>te,</strong></span> 
     </span>
    </p>
   </div>
   <div class='ocr_carea' id='block_1_130' title="bbox 2101 4099 3487 4171">
    <p class='ocr_par' dir='ltr' id='par_1_130' title="bbox 2101 4099 3487 4171">
     <span class='ocr_line' id='line_1_133' title="bbox 2101 4099 3487 4171; baseline 0.003 -15"><span class='ocrx_word' id='word_1_760' title='bbox 2101 4110 2157 4156; x_wconf 90' lang='lat' dir='ltr'><strong>et</strong></span> <span class='ocrx_word' id='word_1_761' title='bbox 2188 4108 2435 4170; x_wconf 85' lang='lat' dir='ltr'><strong>pacatum</strong></span> <span class='ocrx_word' id='word_1_762' title='bbox 2468 4099 2663 4156; x_wconf 90' lang='lat' dir='ltr'><strong>reddet</strong></span> <span class='ocrx_word' id='word_1_763' title='bbox 2689 4100 3055 4157; x_wconf 86' lang='lat' dir='ltr'><strong>habitaculum</strong></span> <span class='ocrx_word' id='word_1_764' title='bbox 3081 4099 3307 4171; x_wconf 64' lang='lat' dir='ltr'><strong>iustitiae</strong></span> <span class='ocrx_word' id='word_1_765' title='bbox 3335 4111 3441 4159; x_wconf 68' lang='lat' dir='ltr'><strong>tua:</strong></span> <span class='ocrx_word' id='word_1_766' title='bbox 3470 4118 3487 4160; x_wconf 89' lang='lat'><strong>:</strong></span> 
     </span>
    </p>
   </div>
   <div class='ocr_carea' id='block_1_131' title="bbox 2028 4171 3199 4244">
    <p class='ocr_par' dir='ltr' id='par_1_131' title="bbox 2028 4171 3199 4244">
     <span class='ocr_line' id='line_1_134' title="bbox 2028 4171 3199 4244; baseline 0 -15"><span class='ocrx_word' id='word_1_767' title='bbox 2028 4171 2323 4244; x_wconf 88' lang='lat' dir='ltr'><strong>lntantum,</strong></span> <span class='ocrx_word' id='word_1_768' title='bbox 2354 4178 2418 4226; x_wconf 93' lang='lat' dir='ltr'><strong>ut</strong></span> <span class='ocrx_word' id='word_1_769' title='bbox 2444 4173 2623 4240; x_wconf 90' lang='lat' dir='ltr'><strong>priora</strong></span> <span class='ocrx_word' id='word_1_770' title='bbox 2655 4180 2744 4228; x_wconf 89' lang='lat' dir='ltr'><strong>tua</strong></span> <span class='ocrx_word' id='word_1_771' title='bbox 2778 4172 2982 4230; x_wconf 82' lang='lat' dir='ltr'><strong>fuerint</strong></span> <span class='ocrx_word' id='word_1_772' title='bbox 3007 4188 3199 4244; x_wconf 88' lang='lat' dir='ltr'><strong>parva,</strong></span> 
     </span>
    </p>
   </div>
   <div class='ocr_carea' id='block_1_132' title="bbox 2102 4243 3273 4316">
    <p class='ocr_par' dir='ltr' id='par_1_132' title="bbox 2102 4243 3273 4316">
     <span class='ocr_line' id='line_1_135' title="bbox 2102 4243 3273 4316; baseline 0.001 -17"><span class='ocrx_word' id='word_1_773' title='bbox 2102 4254 2159 4300; x_wconf 90' lang='lat' dir='ltr'><strong>et</strong></span> <span class='ocrx_word' id='word_1_774' title='bbox 2189 4243 2484 4316; x_wconf 80' lang='lat' dir='ltr'><strong>novissima</strong></span> <span class='ocrx_word' id='word_1_775' title='bbox 2517 4253 2604 4298; x_wconf 87' lang='lat' dir='ltr'><strong>tua</strong></span> <span class='ocrx_word' id='word_1_776' title='bbox 2638 4243 3064 4316; x_wconf 85' lang='lat' dir='ltr'><strong>multiplicemur</strong></span> <span class='ocrx_word' id='word_1_777' title='bbox 3089 4246 3273 4302; x_wconf 90' lang='lat' dir='ltr'><strong>nimis.</strong></span> 
     </span>
    </p>
   </div>
   <div class='ocr_carea' id='block_1_133' title="bbox 2031 4313 3321 4387">
    <p class='ocr_par' dir='ltr' id='par_1_133' title="bbox 2031 4313 3321 4387">
     <span class='ocr_line' id='line_1_136' title="bbox 2031 4313 3321 4387; baseline 0 -15"><span class='ocrx_word' id='word_1_778' title='bbox 2031 4316 2309 4385; x_wconf 86' lang='lat' dir='ltr'><strong>Interroga</strong></span> <span class='ocrx_word' id='word_1_779' title='bbox 2341 4313 2360 4353; x_wconf 72' lang='grc' dir='ltr'><em>τ</em></span> <span class='ocrx_word' id='word_1_780' title='bbox 2392 4314 2538 4370; x_wconf 88' lang='lat' dir='ltr'><strong>enim</strong></span> <span class='ocrx_word' id='word_1_781' title='bbox 2570 4313 2981 4387; x_wconf 80' lang='lat' dir='ltr'><strong>generationem</strong></span> <span class='ocrx_word' id='word_1_782' title='bbox 3015 4317 3321 4387; x_wconf 88' lang='lat' dir='ltr'><strong>pristinam,</strong></span> 
     </span>
    </p>
   </div>
   <div class='ocr_carea' id='block_1_134' title="bbox 2103 4386 3391 4470">
    <p class='ocr_par' dir='ltr' id='par_1_134' title="bbox 2103 4386 3391 4470">
     <span class='ocr_line' id='line_1_137' title="bbox 2103 4386 3391 4470; baseline -0.002 -27"><span class='ocrx_word' id='word_1_783' title='bbox 2103 4387 2472 4470; x_wconf 76' lang='lat' dir='ltr'><strong>etdiligenter</strong></span> <span class='ocrx_word' id='word_1_784' title='bbox 2494 4386 2758 4458; x_wconf 90' lang='lat' dir='ltr'><strong>investiga</strong></span> <span class='ocrx_word' id='word_1_785' title='bbox 2789 4398 2996 4470; x_wconf 75' lang='lat' dir='ltr'><strong>patrum</strong></span> <span class='ocrx_word' id='word_1_786' title='bbox 3018 4386 3391 4470; x_wconf 51' lang='lat' dir='ltr'><strong>memoriam;</strong></span> 
     </span>
    </p>
   </div>
   <div class='ocr_carea' id='block_1_135' title="bbox 2037 4457 3637 4531">
    <p class='ocr_par' dir='ltr' id='par_1_135' title="bbox 2037 4457 3637 4531">
     <span class='ocr_line' id='line_1_138' title="bbox 2037 4457 3637 4531; baseline 0.002 -17"><span class='ocrx_word' id='word_1_787' title='bbox 2037 4457 2306 4531; x_wconf 88' lang='lat' dir='ltr'><strong>(hesterni</strong></span> <span class='ocrx_word' id='word_1_788' title='bbox 2331 4458 2530 4529; x_wconf 88' lang='lat' dir='ltr'><strong>quippe</strong></span> <span class='ocrx_word' id='word_1_789' title='bbox 2553 4457 2761 4531; x_wconf 77' lang='lat' dir='ltr'><strong>sumtis,</strong></span> <span class='ocrx_word' id='word_1_790' title='bbox 2789 4457 2842 4514; x_wconf 85' lang='lat' dir='ltr'><strong>et</strong></span> <span class='ocrx_word' id='word_1_791' title='bbox 2867 4461 3179 4529; x_wconf 88' lang='lat' dir='ltr'><strong>ignoramus</strong></span> <span class='ocrx_word' id='word_1_792' title='bbox 3206 4461 3463 4529; x_wconf 90' lang='lat' dir='ltr'><strong>quoniam</strong></span> <span class='ocrx_word' id='word_1_793' title='bbox 3494 4457 3637 4518; x_wconf 88' lang='lat' dir='ltr'><strong>sicut</strong></span> 
     </span>
    </p>
   </div>
   <div class='ocr_carea' id='block_1_136' title="bbox 2178 4530 3349 4602">
    <p class='ocr_par' dir='ltr' id='par_1_136' title="bbox 2178 4530 3349 4602">
     <span class='ocr_line' id='line_1_139' title="bbox 2178 4530 3349 4602; baseline 0 -17"><span class='ocrx_word' id='word_1_794' title='bbox 2178 4531 2368 4585; x_wconf 89' lang='lat' dir='ltr'><strong>umbra</strong></span> <span class='ocrx_word' id='word_1_795' title='bbox 2402 4532 2523 4602; x_wconf 85' lang='lat' dir='ltr'><strong>dies</strong></span> <span class='ocrx_word' id='word_1_796' title='bbox 2551 4530 2725 4586; x_wconf 92' lang='lat' dir='ltr'><strong>nostri</strong></span> <span class='ocrx_word' id='word_1_797' title='bbox 2752 4538 2880 4585; x_wconf 89' lang='lat' dir='ltr'><strong>sunt</strong></span> <span class='ocrx_word' id='word_1_798' title='bbox 2901 4545 3063 4602; x_wconf 90' lang='lat' dir='ltr'><strong>super</strong></span> <span class='ocrx_word' id='word_1_799' title='bbox 3092 4532 3349 4602; x_wconf 90' lang='lat' dir='ltr'><strong>terram.)</strong></span> 
     </span>
    </p>
   </div>
   <div class='ocr_carea' id='block_1_137' title="bbox 2040 4601 2669 4671">
    <p class='ocr_par' dir='ltr' id='par_1_137' title="bbox 2040 4601 2669 4671">
     <span class='ocr_line' id='line_1_140' title="bbox 2040 4601 2669 4671; baseline -0.005 -13"><span class='ocrx_word' id='word_1_800' title='bbox 2040 4602 2110 4658; x_wconf 90' lang='lat' dir='ltr'><strong>Et</strong></span> <span class='ocrx_word' id='word_1_801' title='bbox 2141 4603 2243 4671; x_wconf 87' lang='lat' dir='ltr'><strong>ipsi</strong></span> <span class='ocrx_word' id='word_1_802' title='bbox 2277 4601 2552 4657; x_wconf 89' lang='lat' dir='ltr'><strong>docebunt</strong></span> <span class='ocrx_word' id='word_1_803' title='bbox 2578 4611 2631 4657; x_wconf 91' lang='lat' dir='ltr'><strong>te</strong></span> <span class='ocrx_word' id='word_1_804' title='bbox 2654 4618 2669 4655; x_wconf 89' lang='lat'><strong>:</strong></span> 
     </span>
    </p>
   </div>
   <div class='ocr_carea' id='block_1_138' title="bbox 1964 4654 3637 4748">
    <p class='ocr_par' dir='ltr' id='par_1_138' title="bbox 1964 4654 3637 4748">
     <span class='ocr_line' id='line_1_141' title="bbox 1964 4654 3637 4748; baseline 0.004 -21"><span class='ocrx_word' id='word_1_805' title='bbox 1964 4654 2015 4716; x_wconf 78' lang='grc' dir='ltr'><strong>Ῑ)</strong></span> <span class='ocrx_word' id='word_1_806' title='bbox 2041 4654 2408 4748; x_wconf 43' lang='lat' dir='ltr'><strong>finitoque}</strong></span> <span class='ocrx_word' id='word_1_807' title='bbox 2424 4654 2557 4738; x_wconf 12' lang='lat' dir='ltr'><strong>till—liv,</strong></span> <span class='ocrx_word' id='word_1_808' title='bbox 2584 4654 2738 4729; x_wconf 75' lang='lat' dir='ltr'><strong>etde</strong></span> <span class='ocrx_word' id='word_1_809' title='bbox 2765 4672 2930 4729; x_wconf 90' lang='lat' dir='ltr'><strong>corde</strong></span> <span class='ocrx_word' id='word_1_810' title='bbox 2960 4688 3059 4730; x_wconf 91' lang='lat' dir='ltr'><strong>suo</strong></span> <span class='ocrx_word' id='word_1_811' title='bbox 3091 4673 3371 4748; x_wconf 75' lang='lat' dir='ltr'><strong>proferant</strong></span> <span class='ocrx_word' id='word_1_812' title='bbox 3397 4674 3637 4748; x_wconf 87' lang='lat' dir='ltr'><strong>eloquia.</strong></span> 
     </span>
    </p>
   </div>
   <div class='ocr_carea' id='block_1_139' title="bbox 2041 4743 3489 4820">
    <p class='ocr_par' dir='ltr' id='par_1_139' title="bbox 2041 4743 3489 4820">
     <span class='ocr_line' id='line_1_142' title="bbox 2041 4743 3489 4820; baseline 0.001 -18"><span class='ocrx_word' id='word_1_813' title='bbox 2041 4743 2308 4814; x_wconf 86' lang='lat' dir='ltr'><strong>Numquid</strong></span> <span class='ocrx_word' id='word_1_814' title='bbox 2338 4745 2517 4799; x_wconf 91' lang='lat' dir='ltr'><strong>virere</strong></span> <span class='ocrx_word' id='word_1_815' title='bbox 2544 4755 2723 4820; x_wconf 79' lang='lat' dir='ltr'><strong>potest</strong></span> <span class='ocrx_word' id='word_1_816' title='bbox 2752 4748 2967 4817; x_wconf 89' lang='lat' dir='ltr'><strong>scirpus</strong></span> <span class='ocrx_word' id='word_1_817' title='bbox 2993 4743 3201 4820; x_wconf 79' lang='lat' dir='ltr'><strong>absque</strong></span> <span class='ocrx_word' id='word_1_818' title='bbox 3224 4746 3489 4806; x_wconf 81' lang='lat' dir='ltr'><strong>humore?</strong></span> 
     </span>
    </p>
   </div>
   <div class='ocr_carea' id='block_1_140' title="bbox 2113 4816 3093 4891">
    <p class='ocr_par' dir='ltr' id='par_1_140' title="bbox 2113 4816 3093 4891">
     <span class='ocr_line' id='line_1_143' title="bbox 2113 4816 3093 4891; baseline 0.003 -19"><span class='ocrx_word' id='word_1_819' title='bbox 2113 4824 2206 4872; x_wconf 91' lang='lat' dir='ltr'><strong>aut</strong></span> <span class='ocrx_word' id='word_1_820' title='bbox 2232 4829 2485 4873; x_wconf 89' lang='lat' dir='ltr'><strong>crescere</strong></span> <span class='ocrx_word' id='word_1_821' title='bbox 2515 4824 2539 4864; x_wconf 75' lang='grc' dir='ltr'>ε</span> <span class='ocrx_word' id='word_1_822' title='bbox 2565 4816 2743 4874; x_wconf 90' lang='lat' dir='ltr'><strong>biblus</strong></span> <span class='ocrx_word' id='word_1_823' title='bbox 2765 4816 2884 4875; x_wconf 86' lang='lat' dir='ltr'><strong>sine</strong></span> <span class='ocrx_word' id='word_1_824' title='bbox 2913 4834 3051 4891; x_wconf 91' lang='lat' dir='ltr'><strong>aqua</strong></span> <span class='ocrx_word' id='word_1_825' title='bbox 3076 4834 3093 4889; x_wconf 87' lang='lat'><strong>;</strong></span> 
     </span>
    </p>
   </div>
   <div class='ocr_carea' id='block_1_141' title="bbox 2049 5021 3643 5099">
    <p class='ocr_par' dir='ltr' id='par_1_141' title="bbox 2049 5021 3643 5099">
     <span class='ocr_line' id='line_1_144' title="bbox 2049 5021 3643 5099; baseline 0 -17"><span class='ocrx_word' id='word_1_826' title='bbox 2049 5024 2259 5099; x_wconf 86' lang='lat' dir='ltr'><strong>legerat</strong></span> <span class='ocrx_word' id='word_1_827' title='bbox 2308 5021 2558 5099; x_wconf 73' lang='lat' dir='ltr'><strong>Martian.</strong></span> <span class='ocrx_word' id='word_1_828' title='bbox 2612 5023 2656 5099; x_wconf 86' lang='lat' dir='ltr'><strong>si</strong></span> <span class='ocrx_word' id='word_1_829' title='bbox 2702 5024 3047 5080; x_wconf 73' lang='lat' dir='ltr'><strong>consumitur.</strong></span> <span class='ocrx_word' id='word_1_830' title='bbox 3082 5022 3204 5082; x_wconf 81' lang='lat' dir='ltr'><strong>Mox</strong></span> <span class='ocrx_word' id='word_1_831' title='bbox 3244 5024 3409 5084; x_wconf 86' lang='lat' dir='ltr'><strong>habet</strong></span> <span class='ocrx_word' id='word_1_832' title='bbox 3448 5022 3643 5099; x_wconf 82' lang='lat' dir='ltr'><strong>Regin.</strong></span> 
     </span>
    </p>
   </div>
   <div class='ocr_carea' id='block_1_142' title="bbox 2050 5096 2961 5168">
    <p class='ocr_par' dir='ltr' id='par_1_142' title="bbox 2050 5096 2961 5168">
     <span class='ocr_line' id='line_1_145' title="bbox 2050 5096 2961 5168; baseline -0.002 -14"><span class='ocrx_word' id='word_1_833' title='bbox 2050 5112 2154 5154; x_wconf 88' lang='lat' dir='ltr'><strong>ms.</strong></span> <span class='ocrx_word' id='word_1_834' title='bbox 2186 5096 2449 5151; x_wconf 75' lang='lat' dir='ltr'><strong>descendit</strong></span> <span class='ocrx_word' id='word_1_835' title='bbox 2490 5112 2589 5168; x_wconf 90' lang='lat' dir='ltr'><strong>pro</strong></span> <span class='ocrx_word' id='word_1_836' title='bbox 2621 5098 2961 5152; x_wconf 84' lang='lat' dir='ltr'><strong>descenderit.</strong></span> 
     </span>
    </p>
   </div>
   <div class='ocr_carea' id='block_1_143' title="bbox 2129 5167 3465 5239">
    <p class='ocr_par' dir='ltr' id='par_1_143' title="bbox 2129 5167 3465 5239">
     <span class='ocr_line' id='line_1_146' title="bbox 2129 5167 3465 5239; baseline 0 -15"><span class='ocrx_word' id='word_1_837' title='bbox 2129 5180 2152 5239; x_wconf 62' lang='grc' dir='ltr'><strong><em>ς</em></strong></span> <span class='ocrx_word' id='word_1_838' title='bbox 2183 5168 2365 5224; x_wconf 83' lang='lat' dir='ltr'><strong>Codex</strong></span> <span class='ocrx_word' id='word_1_839' title='bbox 2393 5167 2623 5224; x_wconf 88' lang='lat' dir='ltr'><strong>Palatin.</strong></span> <span class='ocrx_word' id='word_1_840' title='bbox 2651 5168 2959 5239; x_wconf 74' lang='lat' dir='ltr'><strong>confabulor</strong></span> <span class='ocrx_word' id='word_1_841' title='bbox 2997 5168 3051 5223; x_wconf 90' lang='lat' dir='ltr'><strong>in</strong></span> <span class='ocrx_word' id='word_1_842' title='bbox 3095 5169 3465 5227; x_wconf 82' lang='lat' dir='ltr'><strong>amaritudine.</strong></span> 
     </span>
    </p>
   </div>
   <div class='ocr_carea' id='block_1_144' title="bbox 2125 5238 3651 5324">
    <p class='ocr_par' dir='ltr' id='par_1_144' title="bbox 2125 5238 3651 5324">
     <span class='ocr_line' id='line_1_147' title="bbox 2125 5238 3651 5324; baseline 0.003 -30"><span class='ocrx_word' id='word_1_843' title='bbox 2125 5238 2153 5277; x_wconf 75' lang='grc' dir='ltr'><strong>ἀ</strong></span> <span class='ocrx_word' id='word_1_844' title='bbox 2198 5240 2349 5324; x_wconf 45' lang='lat' dir='ltr'><strong>Idem.</strong></span> <span class='ocrx_word' id='word_1_845' title='bbox 2370 5255 2472 5323; x_wconf 70' lang='lat' dir='ltr'><strong>tus.</strong></span> <span class='ocrx_word' id='word_1_846' title='bbox 2506 5241 2655 5324; x_wconf 68' lang='lat' dir='ltr'><strong>ponis</strong></span> <span class='ocrx_word' id='word_1_847' title='bbox 2684 5238 2832 5324; x_wconf 49' lang='lat' dir='ltr'><strong>eirea</strong></span> <span class='ocrx_word' id='word_1_848' title='bbox 2862 5256 2977 5324; x_wconf 63' lang='lat' dir='ltr'><strong>eum</strong></span> <span class='ocrx_word' id='word_1_849' title='bbox 3005 5256 3024 5296; x_wconf 88' lang='lat'><strong><em>:</em></strong></span> <span class='ocrx_word' id='word_1_850' title='bbox 3051 5248 3107 5296; x_wconf 92' lang='lat' dir='ltr'><strong>et</strong></span> <span class='ocrx_word' id='word_1_851' title='bbox 3146 5242 3307 5314; x_wconf 86' lang='lat' dir='ltr'><strong>paulo</strong></span> <span class='ocrx_word' id='word_1_852' title='bbox 3349 5252 3503 5314; x_wconf 92' lang='lat' dir='ltr'><strong>post,</strong></span> <span class='ocrx_word' id='word_1_853' title='bbox 3546 5257 3651 5299; x_wconf 88' lang='lat' dir='ltr'><strong>non</strong></span> 
     </span>
    </p>
   </div>
   <div class='ocr_carea' id='block_1_145' title="bbox 2052 5310 3649 5455">
    <p class='ocr_par' dir='ltr' id='par_1_145' title="bbox 2052 5310 3649 5455">
     <span class='ocr_line' id='line_1_148' title="bbox 2052 5310 3496 5386; baseline -0.001 -18"><span class='ocrx_word' id='word_1_854' title='bbox 2052 5328 2238 5386; x_wconf 84' lang='lat' dir='ltr'><strong>parces</strong></span> <span class='ocrx_word' id='word_1_855' title='bbox 2256 5312 2381 5365; x_wconf 90' lang='lat' dir='ltr'><strong>milti</strong></span> <span class='ocrx_word' id='word_1_856' title='bbox 2400 5355 2414 5379; x_wconf 92' lang='lat'><strong>,</strong></span> <span class='ocrx_word' id='word_1_857' title='bbox 2442 5310 2535 5366; x_wconf 84' lang='lat' dir='ltr'><strong>nec</strong></span> <span class='ocrx_word' id='word_1_858' title='bbox 2564 5312 2783 5366; x_wconf 76' lang='lat' dir='ltr'><strong>dimittis</strong></span> <span class='ocrx_word' id='word_1_859' title='bbox 2813 5310 2972 5379; x_wconf 83' lang='lat' dir='ltr'><strong>mihi,</strong></span> <span class='ocrx_word' id='word_1_860' title='bbox 3005 5322 3093 5379; x_wconf 86' lang='lat' dir='ltr'><strong>ut,</strong></span> <span class='ocrx_word' id='word_1_861' title='bbox 3124 5310 3232 5370; x_wconf 55' lang='lat' dir='ltr'><strong>e&#39;tc.</strong></span> <span class='ocrx_word' id='word_1_862' title='bbox 3349 5310 3363 5314; x_wconf 80' lang='grc'><em>’</em></span> <span class='ocrx_word' id='word_1_863' title='bbox 3489 5310 3496 5312; x_wconf 54' lang='grc'><strong><em>⁷</em></strong></span> 
     </span>
     <span class='ocr_line' id='line_1_149' title="bbox 2132 5382 3649 5455; baseline 0.002 -16"><span class='ocrx_word' id='word_1_864' title='bbox 2132 5394 2156 5422; x_wconf 76' lang='grc' dir='ltr'><strong><em>θ</em></strong></span> <span class='ocrx_word' id='word_1_865' title='bbox 2189 5382 2389 5439; x_wconf 90' lang='lat' dir='ltr'><strong>lterum</strong></span> <span class='ocrx_word' id='word_1_866' title='bbox 2417 5385 2765 5439; x_wconf 88' lang='lat' dir='ltr'><strong>amanuensis</strong></span> <span class='ocrx_word' id='word_1_867' title='bbox 2808 5386 2923 5439; x_wconf 86' lang='lat' dir='ltr'><strong>sive</strong></span> <span class='ocrx_word' id='word_1_868' title='bbox 2950 5385 3155 5440; x_wconf 87' lang='lat' dir='ltr'><strong>incuria</strong></span> <span class='ocrx_word' id='word_1_869' title='bbox 3184 5429 3199 5453; x_wconf 89' lang='lat'><strong>,</strong></span> <span class='ocrx_word' id='word_1_870' title='bbox 3241 5386 3364 5442; x_wconf 87' lang='lat' dir='ltr'><strong>sive</strong></span> <span class='ocrx_word' id='word_1_871' title='bbox 3393 5400 3649 5455; x_wconf 73' lang='lat' dir='ltr'><strong>perversa</strong></span> 
     </span>
    </p>
   </div>
   <div class='ocr_carea' id='block_1_146' title="bbox 2053 5455 3652 5526">
    <p class='ocr_par' dir='ltr' id='par_1_146' title="bbox 2053 5455 3652 5526">
     <span class='ocr_line' id='line_1_150' title="bbox 2053 5455 3652 5526; baseline 0.001 -15"><span class='ocrx_word' id='word_1_872' title='bbox 2053 5470 2181 5512; x_wconf 87' lang='lat' dir='ltr'><strong>cura</strong></span> <span class='ocrx_word' id='word_1_873' title='bbox 2212 5455 2269 5510; x_wconf 93' lang='lat' dir='ltr'><strong>in</strong></span> <span class='ocrx_word' id='word_1_874' title='bbox 2298 5455 2526 5511; x_wconf 88' lang='lat' dir='ltr'><strong>Palatin.</strong></span> <span class='ocrx_word' id='word_1_875' title='bbox 2546 5469 2648 5510; x_wconf 92' lang='lat' dir='ltr'><strong>ms.</strong></span> <span class='ocrx_word' id='word_1_876' title='bbox 2675 5455 2881 5509; x_wconf 90' lang='lat' dir='ltr'><strong>solidus</strong></span> <span class='ocrx_word' id='word_1_877' title='bbox 2900 5455 3337 5526; x_wconf 87' lang='lat' dir='ltr'><strong>isteversiculus,</strong></span> <span class='ocrx_word' id='word_1_878' title='bbox 3356 5460 3401 5513; x_wconf 86' lang='lat' dir='ltr'><strong>si</strong></span> <span class='ocrx_word' id='word_1_879' title='bbox 3424 5457 3652 5513; x_wconf 82' lang='lat' dir='ltr'><strong>mundus</strong></span> 
     </span>
    </p>
   </div>
   <div class='ocr_carea' id='block_1_147' title="bbox 2053 5526 3651 5602">
    <p class='ocr_par' dir='ltr' id='par_1_147' title="bbox 2053 5526 3651 5602">
     <span class='ocr_line' id='line_1_151' title="bbox 2053 5526 3651 5602; baseline 0.003 -21"><span class='ocrx_word' id='word_1_880' title='bbox 2053 5536 2102 5602; x_wconf 78' lang='lat' dir='ltr'><strong>et</strong></span> <span class='ocrx_word' id='word_1_881' title='bbox 2143 5536 2313 5602; x_wconf 84' lang='lat' dir='ltr'><strong>rectus</strong></span> <span class='ocrx_word' id='word_1_882' title='bbox 2351 5527 2648 5602; x_wconf 74' lang='lat' dir='ltr'><strong>incesserit,</strong></span> <span class='ocrx_word' id='word_1_883' title='bbox 2689 5526 3053 5583; x_wconf 89' lang='lat' dir='ltr'><strong>desideratur.</strong></span> <span class='ocrx_word' id='word_1_884' title='bbox 3086 5528 3246 5602; x_wconf 83' lang='lat' dir='ltr'><strong>Vulg.</strong></span> <span class='ocrx_word' id='word_1_885' title='bbox 3298 5539 3478 5586; x_wconf 92' lang='lat' dir='ltr'><strong>autem</strong></span> <span class='ocrx_word' id='word_1_886' title='bbox 3526 5529 3651 5585; x_wconf 88' lang='lat' dir='ltr'><strong>libri</strong></span> 
     </span>
    </p>
   </div>
   <div class='ocr_carea' id='block_1_148' title="bbox 2052 5598 2565 5669">
    <p class='ocr_par' dir='ltr' id='par_1_148' title="bbox 2052 5598 2565 5669">
     <span class='ocr_line' id='line_1_152' title="bbox 2052 5598 2565 5669; baseline 0 -16"><span class='ocrx_word' id='word_1_887' title='bbox 2052 5600 2318 5654; x_wconf 80' lang='lat' dir='ltr'><strong>incesserit</strong></span> <span class='ocrx_word' id='word_1_888' title='bbox 2357 5598 2565 5669; x_wconf 87' lang='lat' dir='ltr'><strong>legunt.</strong></span> 
     </span>
    </p>
   </div>
   <div class='ocr_carea' id='block_1_149' title="bbox 2132 5668 3721 5746">
    <p class='ocr_par' dir='ltr' id='par_1_149' title="bbox 2132 5668 3721 5746">
     <span class='ocr_line' id='line_1_153' title="bbox 2132 5668 3721 5746; baseline 0.001 -21"><span class='ocrx_word' id='word_1_889' title='bbox 2132 5671 2150 5710; x_wconf 70' lang='grc' dir='ltr'>ί</span> <span class='ocrx_word' id='word_1_890' title='bbox 2186 5668 2577 5746; x_wconf 31' lang='grc' dir='ltr'><strong>ιὶθειίηειείμῐιεδ.Δ</strong></span> <span class='ocrx_word' id='word_1_891' title='bbox 2603 5668 2955 5745; x_wconf 84' lang='lat' dir='ltr'><strong>Interrogavi,</strong></span> <span class='ocrx_word' id='word_1_892' title='bbox 3002 5686 3236 5746; x_wconf 83' lang='lat' dir='ltr'><strong>moxque</strong></span> <span class='ocrx_word' id='word_1_893' title='bbox 3279 5673 3645 5743; x_wconf 74' lang='lat' dir='ltr'><strong>cobmrenter,</strong></span> <span class='ocrx_word' id='word_1_894' title='bbox 3714 5696 3721 5697; x_wconf 50' lang='grc' dir='ltr'>ί</span> 
     </span>
    </p>
   </div>
   <div class='ocr_carea' id='block_1_150' title="bbox 2052 5742 2759 5814">
    <p class='ocr_par' dir='ltr' id='par_1_150' title="bbox 2052 5742 2759 5814">
     <span class='ocr_line' id='line_1_154' title="bbox 2052 5742 2759 5814; baseline -0.001 -15"><span class='ocrx_word' id='word_1_895' title='bbox 2052 5742 2357 5814; x_wconf 82' lang='lat' dir='ltr'><strong>investigavi</strong></span> <span class='ocrx_word' id='word_1_896' title='bbox 2389 5758 2407 5795; x_wconf 92' lang='lat'><strong><em>:</em></strong></span> <span class='ocrx_word' id='word_1_897' title='bbox 2440 5743 2581 5798; x_wconf 89' lang='lat' dir='ltr'><strong>haud</strong></span> <span class='ocrx_word' id='word_1_898' title='bbox 2611 5758 2759 5799; x_wconf 86' lang='lat' dir='ltr'><strong>vere.</strong></span> 
     </span>
    </p>
   </div>
   <div class='ocr_carea' id='block_1_151' title="bbox 2126 5814 3655 5889">
    <p class='ocr_par' dir='ltr' id='par_1_151' title="bbox 2126 5814 3655 5889">
     <span class='ocr_line' id='line_1_155' title="bbox 2126 5814 3655 5889; baseline 0.005 -25"><span class='ocrx_word' id='word_1_899' title='bbox 2126 5825 2151 5864; x_wconf 74' lang='grc' dir='ltr'><strong>δ</strong></span> <span class='ocrx_word' id='word_1_900' title='bbox 2185 5814 2450 5889; x_wconf 85' lang='lat' dir='ltr'><strong>Il_ebraice</strong></span> <span class='ocrx_word' id='word_1_901' title='bbox 2493 5825 2597 5889; x_wconf 64' lang='grc' dir='ltr'><strong>ἰτ-ω</strong></span> <span class='ocrx_word' id='word_1_902' title='bbox 2628 5814 2800 5889; x_wconf 77' lang='lat' dir='ltr'><strong>altlm,</strong></span> <span class='ocrx_word' id='word_1_903' title='bbox 2831 5830 2925 5871; x_wconf 89' lang='lat' dir='ltr'><strong>seu</strong></span> <span class='ocrx_word' id='word_1_904' title='bbox 2954 5816 3142 5883; x_wconf 80' lang='lat' dir='ltr'><strong>achou,</strong></span> <span class='ocrx_word' id='word_1_905' title='bbox 3189 5817 3333 5889; x_wconf 79' lang='lat' dir='ltr'><strong>quod</strong></span> <span class='ocrx_word' id='word_1_906' title='bbox 3380 5816 3655 5889; x_wconf 81' lang='lat' dir='ltr'><strong>Hierony-</strong></span> 
     </span>
    </p>
   </div>
   <div class='ocr_carea' id='block_1_152' title="bbox 2053 5885 3655 5965">
    <p class='ocr_par' dir='ltr' id='par_1_152' title="bbox 2053 5885 3655 5965">
     <span class='ocr_line' id='line_1_156' title="bbox 2053 5885 3655 5965; baseline -0.001 -17"><span class='ocrx_word' id='word_1_907' title='bbox 2053 5903 2175 5949; x_wconf 85' lang='lat' dir='ltr'><strong>mus</strong></span> <span class='ocrx_word' id='word_1_908' title='bbox 2197 5885 2396 5947; x_wconf 85' lang='lat' dir='ltr'><strong>Genes.</strong></span> <span class='ocrx_word' id='word_1_909' title='bbox 2426 5902 2541 5959; x_wconf 78' lang='lat' dir='ltr'><strong>xu,</strong></span> <span class='ocrx_word' id='word_1_910' title='bbox 2574 5888 2690 5947; x_wconf 82' lang='lat' dir='ltr'><strong>toea</strong></span> <span class='ocrx_word' id='word_1_911' title='bbox 2711 5888 2961 5962; x_wconf 72' lang='lat' dir='ltr'><strong>palustre:</strong></span> <span class='ocrx_word' id='word_1_912' title='bbox 2986 5885 3372 5965; x_wconf 76' lang='lat' dir='ltr'><strong>interprétatur</strong></span> <span class='ocrx_word' id='word_1_913' title='bbox 3398 5908 3411 5946; x_wconf 90' lang='lat'><strong>:</strong></span> <span class='ocrx_word' id='word_1_914' title='bbox 3440 5888 3529 5949; x_wconf 89' lang='lat' dir='ltr'><strong>hic</strong></span> <span class='ocrx_word' id='word_1_915' title='bbox 3555 5885 3655 5947; x_wconf 82' lang='lat' dir='ltr'><strong>au-</strong></span> 
     </span>
    </p>
   </div>
  </div>
