4108 6360
593 301 726 362 1091

1599 294 1659 351 S.
1705 289 2082 352 lllERONYMI
2126 289 2360 349 DIVINA
2399 288 2875 348 BlULlOTllECA.

3730 292 3844 356 109!

586 419 722 475 Cum
758 419 933 487 adhuc
956 417 1024 495 sit
1056 417 1109 474 in
1131 415 1242 492 [AL
1266 411 1495 471 adhmsit
1519 411 1598 485 in]
1624 411 1783 481 ﬂore,
1811 425 1911 468 nec
1932 418 2185 482 carpatur
2210 409 2264 472 Α
2289 408 2345 465 Si
2365 408 2671 494 iustiﬁcare
2695 425 2782 495 me
2803 408 3053 495 voluero,
3082 420 3146 465 os
3168 420 3346 495 meum
3374 407 3741 469 condemnabit
3759 433 3845 474 me:

732 505 919 557 manu,
1337 530 1347 539 .

562 562 591 569 ’⁸
660 571 787 617 ante
808 577 1000 618 omnes
1030 560 1230 616 herbas
1257 559 1491 614 arescit:
1660 625 1685 628 _
1800 624 1807 628 δ

590 633 684 690 Sic
710 633 811 689 via:
838 634 1080 689 omnium
1112 631 1203 701 qui
1233 631 1631 687 obliviscuntur
1658 625 1863 694 Deum,

660 712 715 758 et
740 720 867 779 spes
898 704 1198 779 hypocrita:
1228 702 1463 779 peribit:

587 774 706 832 Non
733 777 780 832 ei
811 774 1040 846 placebit
1070 774 1321 831 vecordia
1354 789 1448 829 sua
1472 814 1486 840 ,

659 858 713 902 et
741 842 881 903 sicut
912 848 1016 903 tela
1037 862 1359 913 aranearum
1389 843 1583 900 fiducia
1613 842 1755 913 ejus.

591 918 855 974 lnnitetur
882 934 1051 989 super
1079 910 1296 974 domum
1331 932 1507 984 suam,
1544 926 1598 971 et
1624 910 1731 972 non
1759 910 1927 969 stabit
1953 930 1968 969 :

660 989 847 1049 fulciet
872 1006 1013 1051 eam,
1042 994 1097 1045 et
1124 1005 1228 1046 non
1256 999 1549 1059 consurget
1575 1005 1588 1041 :

586 1060 883 1117 llutuectus
906 1062 1122 1116 videtur
1150 1073 1442 1130 antequam
1468 1058 1652 1114 veniat
1679 1058 1755 1130 sol
1775 1098 1790 1122 ,

655 1143 711 1190 et
750 1133 807 1206 in
852 1144 971 1206 ortu
1009 1147 1112 1189 suo
1148 1124 1370 1206 germen
1410 1133 1526 1204 ejus
1567 1128 1841 1205 egreditur
1875 1124 1986 1201 [AL
2029 1136 2183 1205 egre-

728 1203 950 1260 dieturl.

587 1204 1040 1347 Suiietri-1gb‘err1viiin
1071 1286 1350 1347 petrarum
1375 1275 1586 1331 radices
1616 1273 1734 1346 eius
1762 1269 2171 1329 densabuntur:

653 1357 707 1403 et
738 1350 878 1403 inter
909 1349 1121 1415 lapides
1148 1348 1599 1404 commorabitur.

579 1418 636 1475 Si
661 1419 1000 1475 absorbuerit
1024 1437 1146 1476 eum
1176 1419 1243 1474 de
1274 1421 1395 1475 loco
1423 1433 1545 1484 suo,

652 1492 871 1563 negabit
895 1508 1040 1553 eum.
1073 1501 1128 1546 et
1155 1491 1337 1547 dicet:
1369 1489 1485 1545 Non
1511 1489 1635 1546 novi
1662 1487 1771 1562 [AL
1796 1484 1930 1559 vidi]
1961 1492 2032 1540 te.

579 1561 706 1618 limo
732 1561 820 1618 est
845 1565 989 1618 enim
1020 1563 1203 1618 laztitia
1231 1567 1332 1616 vim
1365 1564 1505 1628 ejus,

653 1645 710 1689 ut
734 1649 949 1690 rursum
975 1633 1081 1719 [AL
1115 1633 1353 1719 sursum]
1383 1627 1450 1688 de
1480 1641 1625 1688 terra
1653 1630 1743 1686 alii
1774 1627 2173 1702 germinentur.

578 1704 720 1761 Deus
750 1721 853 1762 non
886 1704 1140 1777 priﬁiciet
1163 1704 1487 1777 simplicem,

647 1793 747 1833 nec
767 1770 1003 1849 porr'igei
1027 1777 1135 1851 [AL
1163 1770 1415 1850 porrigit]
1442 1789 1664 1831 manum
1692 1770 1952 1844 malignis
1976 1786 1992 1826 :

576 1846 1074 1920 Douecvimpleatur
1095 1846 1207 1904 risu
1232 1864 1296 1904 os
1322 1846 1474 1903 tuum
1493 1891 1509 1918 ,

646 1931 697 1974 et
729 1921 867 1976 labia
894 1929 984 1976 tua
1014 1921 1212 1991 jubilo.

579 1990 682 2058 Qui
711 1993 944 2047 oderunt
974 1989 1050 2062 te,
1084 1993 1376 2049 inducnlttl‘
1402 1989 1759 2062 confusione:

644 2073 700 2119 et
724 2059 1131 2121 tabernaculum
1162 2066 1449 2136 impiorum
1484 2080 1591 2119 non
1621 2059 1905 2123 subsistet.

1019 2192 1088 2237 Es
1129 2191 1463 2233 assmansns
1492 2185 1540 2243 ει,
1579 2188 1670 2231 srr
1701 2188 1715 2229 :

575 2267 727 2342 [ϐαρ.
755 2268 873 2343 IL]
906 2270 1049 2343 Vere
1075 2271 1190 2326 scio
1217 2270 1360 2339 quod
1395 2270 1469 2324 ita
1500 2268 1591 2333 sit,

642 2333 695 2396 e't
718 2333 873 2411 quod,
888 2359 991 2396 non
1008 2333 1337 2411 justiticétur
1357 2343 1520 2396 homo
1540 2338 1873 2409 compositus
1890 2333 1999 2408 [AL
2019 2348 2171 2389 com-

717 2413 954 2484 paratus]
992 2416 1124 2469 Deo.

572 2483 629 2541 Si
662 2484 900 2539 voluerit
924 2483 1258 2539 contendere
1285 2498 1408 2538 cum
1437 2497 1526 2548 eo,

643 2570 749 2609 non
784 2557 981 2626 poterit
1004 2557 1053 2611 ei
1085 2557 1423 2626 respondere
1451 2569 1616 2608 unum
1647 2567 1744 2624 pro
1772 2548 1943 2605 mille.

567 2625 798 2697 Sapiens
826 2627 996 2682 corde
1023 2635 1128 2697 est,
1152 2625 1210 2682 et
1240 2628 1393 2697 tortis
1420 2628 1620 2697 robore
1648 2640 1664 2678 :

638 2691 760 2768 quis
788 2699 988 2770 restitit
1017 2691 1125 2770 [AL
1154 2696 1395 2770 resistet]
1425 2696 1510 2770 ei,
1532 2708 1586 2752 et
1614 2709 1803 2766 pacem
1834 2691 2058 2749 habuit?

563 2768 667 2837 Qui
698 2769 978 2824 transtulit
1006 2768 1252 2836 montes,
1284 2777 1340 2824 et
1367 2768 1680 2823 nescierunt

638 2842 689 2894 1ιί
723 2855 860 2911 quos
888 2841 1159 2907 subvertit
1189 2842 1239 2894 in
1272 2838 1458 2895 furore
1482 2854 1601 2911 suo.

561 2912 663 2980 Qui
693 2906 999 2967 commovet
1032 2911 1141 2983 [AL
1172 2909 1500 2982 commovit]
1535 2920 1734 2965 terram
1763 2906 1834 2964 de
1867 2907 1987 2962 loco
2023 2921 2159 2977 suo,

566 3009 577 3019 “
633 2992 690 3039 et
718 2985 987 3039 columnae
1016 2986 1137 3050 ejus
1160 2983 1569 3039 concutiuntur.

564 3055 665 3124 Qui
693 3056 943 3125 praecipit
973 3055 1097 3120 soli,
1125 3062 1182 3109 et
1202 3070 1312 3109 non
1343 3057 1518 3109 oritur
1543 3051 1653 3125 [AL
1684 3049 1935 3122 orietur],

616 3134 674 3180 et
703 3125 892 3182 stellas
919 3126 1129 3182 claudit
1153 3128 1307 3197 quasi
1338 3126 1441 3181 sub
1470 3126 1752 3197 signaculo
1779 3139 1793 3177 :

561 3196 660 3266 Qui
701 3199 948 3265 extendit
975 3198 1142 3253 caelus
1168 3196 1347 3265 solus,

629 3278 684 3323 et
703 3270 959 3340 graditur
987 3284 1149 3340 super
1176 3266 1369 3324 ﬂuetus
1400 3267 1585 3323 maris.

554 3336 821 3422 Quirl'acit
848 3336 1174 3422 arcturum,
1200 3351 1256 3396 et
1283 3341 1506 3406 Oriona,
1541 3349 1594 3395 et
1623 3336 1858 3411 Hyadas,

628 3421 682 3467 et
710 3412 969 3467 interiora
1001 3414 1200 3467 austri.

554 3480 661 3550 Qui
686 3483 812 3538 facit
839 3498 1029 3554 magna
1048 3524 1064 3548 ,
1097 3492 1155 3539 et
1185 3480 1755 3553 incomprehensibilia
1774 3521 1791 3547 ,

624 3564 681 3609 et
702 3554 997 3617 mirabilia,
1020 3571 1250 3624 quorum
1281 3571 1386 3611 non
1412 3564 1497 3610 est
1524 3567 1802 3609 numerus.

549 3624 604 3682 Si
633 3629 843 3682 venerit
868 3625 935 3680 ad
967 3642 1074 3695 me,
1106 3642 1211 3682 non
1238 3627 1433 3683 videbo
1459 3642 1475 3680 :

624 3699 668 3752 si
696 3697 915 3762 abierit,
951 3713 1057 3753 non
1092 3698 1391 3768 intelligam
1414 3711 1561 3753 eum.

552 3766 609 3824 Si
634 3779 856 3841 repente
879 3770 1206 3841 interroget,
1243 3766 1366 3840 q'uis
1388 3766 1740 3841 respondebit
1768 3766 1859 3841 ei?

621 3834 709 3894 vel
733 3838 856 3912 quis
888 3840 1073 3899 dicere
1096 3834 1317 3908 potest:
1345 3841 1457 3896 Cur
1480 3839 1591 3912 [AL
1620 3838 1748 3893 add.
1781 3837 1879 3909 ita]
1909 3834 2078 3893 iacis?

547 3910 709 3979 Deus,
736 3911 889 3981 cujus
916 3927 1076 3968 nemo
1104 3913 1200 3969 ira:
1231 3910 1717 3980 resistere’potest,

508 3990 519 3999 '
623 3994 677 4037 et
708 3978 821 4112 subl:2
841 3998 949 4054 quo
979 3993 1276 4040 curvantur
1304 3982 1410 4055 [AL
1456 3978 1765 4053 turbantur]
1803 3981 1895 4052 qui
1928 3988 2147 4051 portant

688 4069 753 4109 Dl’
824 4072 898 4109 III.

688 4069 874 4109 οωειυ
884 4093 898 4109 .

542 4123 787 4194 Quantus
803 4140 931 4197 ergo
957 4142 1078 4183 sum
1102 4141 1225 4197 ego,
1248 4127 1338 4196 qui
1357 4124 1720 4197 respondeam
1744 4124 1818 4191 ei,

617 4206 671 4253 et
702 4196 893 4268 loquar
923 4196 1107 4268 verbis
1137 4196 1275 4253 meis
1306 4213 1429 4251 cum
1459 4196 1575 4252 eo?

540 4267 641 4337 Qui
671 4271 832 4395 edliabm
856 4269 903 4327 si
935 4267 1180 4326 habuero
1206 4269 1486 4339 quidpiam
1509 4268 1740 4340 justum,
1772 4281 1883 4323 non
1909 4280 2139 4338 respon-

725 4357 754 4395 e
814 4360 850 4395 ι.

725 4357 850 4405 emi,

615 4413 711 4469 sed
736 4425 915 4467 meum
936 4410 1174 4483 iudicem
1196 4409 1564 4482 deprecabor;

609 4494 663 4538 et
695 4499 818 4538 cum
846 4482 1189 4539 invocantem
1222 4483 1533 4540 esaudierit
1568 4498 1675 4548 me,

606 4570 713 4611 non
753 4555 920 4612 credo
964 4553 1113 4626 quod
1148 4554 1387 4611 audierit
1423 4556 1532 4628 [AL
1575 4551 1901 4625 exaudiet-it]
1943 4568 2131 4611 vocem

675 4601 916 4687 ﬁgit"
966 4601 1113 4626 “¹“”“
1149 4601 1387 4611 "mm
1423 4601 1532 4628 ¹·””
1578 4601 1901 4625 ”””’““”’³
1951 4601 2130 4611 ”“”
2159 4601 2214 4665 D

531 4696 589 4754 In
620 4700 832 4755 turbine
857 4698 1003 4761 enim
1027 4706 1279 4755 conteret
1308 4714 1417 4765 uie,

602 4781 656 4826 et
683 4770 1063 4839 multiplicauit
1086 4770 1315 4843 Volnera
1341 4784 1459 4843 unca
1484 4769 1651 4827 etiam
1681 4770 1801 4826 sine
1828 4783 2019 4826 causa.

531 4840 646 4898 Non
679 4842 930 4899 concedit
956 4840 1299 4912 requiescere
1329 4842 1582 4910 spiritum
1610 4856 1812 4911 meum,

601 4925 655 4969 et
683 4916 868 4982 implet
899 4929 987 4968 me
1013 4912 1491 4968 amaritudinibus.

529 4983 587 5042 Si
614 4984 884 5053 fortitudo
907 4986 1193 5055 quaeritur,
1224 4984 1637 5040 robustissimus
1660 4992 1779 5040 est;

598 5058 642 5112 si
663 5060 891 5127 azquitas
906 5054 1125 5128 judicii,
1153 5070 1314 5112 nemo
1336 5071 1544 5127 prome
1563 5056 1729 5115 audet
1750 5054 2127 5112 testimonium

669 5130 871 5184 dicere.

526 5274 633 5322 tem
665 5263 855 5321 biblum
883 5262 1051 5323 vertit
1081 5263 1237 5336 juxta
1278 5264 1446 5320 iidem
1487 5266 1770 5337 utriusque
1798 5268 2130 5332 exeruplaris

520 5338 759 5410 Canonis
790 5338 1067 5410 Hebraicac
1097 5337 1366 5393 veritatis.
1393 5339 1745 5410 Septuaginta
1772 5353 1898 5410 cum
1926 5341 2015 5394 alii
2046 5343 2122 5396 le-

520 5411 728 5482 gissent
750 5409 802 5464 in
829 5409 1312 5483 libm‘Geuesems,
1336 5421 1546 5483 pratum
1572 5409 1677 5465 huc
1701 5412 1820 5483 loco
1853 5409 2123 5482 interpre-

522 5481 618 5539 tati
665 5492 808 5554 sunt.
862 5481 940 5537 De
981 5483 1087 5554 alia
1115 5481 1487 5554 [vero‘iteruui
1525 5482 1828 5537 audiendus
1855 5481 2122 5554 Hierony-

498 5569 643 5609 ~mus
679 5553 733 5608 in
789 5563 982 5623 quaest.
1027 5552 1309 5607 Hebraicis
1350 5569 1379 5623 _:
1434 5551 1545 5617 Bis,
1597 5554 1794 5623 inquit,
1845 5553 1899 5606 in
1934 5551 2121 5609 Genesi

518 5628 766 5698 scriptum
792 5621 865 5698 est
892 5622 1035 5698 a_c_hi,
1058 5632 1106 5677 et
1137 5638 1303 5698 neque
1330 5621 1547 5679 Gmcus
1574 5621 1740 5681 sermo
1767 5636 1869 5698 est,
1891 5640 1986 5679 nec
2015 5623 2119 5681 La-

519 5692 675 5768 tinus.
704 5695 809 5752 Sed
831 5705 876 5748 ct
906 5692 1161 5768 Hebrum:
1180 5692 1289 5768 ipse
1316 5706 1595 5768 comptus
1620 5707 1737 5752 est:
1765 5696 1961 5768 dicitur
1979 5698 2115 5752 enim

515 5769 573 5839 iu
598 5766 725 5828 aha.
763 5770 863 5821 hoc
891 5774 988 5831 est,
1017 5765 1073 5839 in
1100 5765 1316 5839 palude.
1355 5765 1615 5839 Sed’quia
1643 5782 1747 5823 van
1771 5767 1944 5839 littera
1975 5775 2117 5838 apud

517 5837 797 5907 Hebraeos,
825 5845 874 5892 et
894 5848 983 5893 too
1000 5835 1198 5895 simitu
1220 5845 1363 5909 aut,
1385 5847 1436 5894 et
1450 5835 1810 5914 magnitudine
1822 5835 2076 5907 Mm.
2094 5854 2117 5897 :

2364 483 2408 537 si
2435 482 2805 609 ιΞηέινοίιειιηιρηι
2855 481 3183 549 osmndere,
3232 494 3460 555 pravum
3507 497 3592 537 me
3635 500 3845 559 cumpro-

2467 569 2495 606 a
2542 566 2601 607 ιι.

2467 566 2601 607 amt.

2301 623 2473 680 Etiam
2504 625 2550 680 si
2587 624 2817 697 simplex
2844 624 3033 694 fuero,
3076 621 3178 679 boc
3207 622 3381 699 ipsum
3413 621 3677 697 ignorabit
3697 628 3844 688 anima

2436 712 2553 752 mea
2575 739 2591 763 ,

2360 780 2414 824 et
2447 770 2666 825 tmdebit
2696 783 2785 824 me
2813 766 2940 824 vitae
2964 782 3122 826 meae.

2291 837 2470 896 Unum
2493 849 2577 895 est
2604 841 2748 909 quod
2783 840 2994 896 locutus
3023 854 3166 906 sum,

2362 924 2414 987 ei
2444 912 2880 987 innocentemet
2911 910 3135 987 impium
3165 912 3279 987 ipse
3303 911 3593 968 consumit.

2287 981 2346 1039 Si
2376 982 2634 1054 ﬂagellat,
2664 982 2876 1040 occidat
2898 981 3065 1053 semel
3084 1024 3099 1045 ,

2321 1088 2325 1126 ί
2360 1063 2416 1109 et
2445 1071 2552 1110 non
2582 1057 2652 1112 de
2680 1057 2855 1126 pix-nis
2889 1055 3258 1111 innocentium
3290 1054 3487 1126 rideat.

2285 1123 2456 1205 Terra
2490 1127 2614 1203 data
2648 1123 2806 1205 estin
2842 1143 3008 1205 manu
3035 1126 3144 1205 [AL
3167 1125 3393 1205 _manus]
3425 1127 3596 1198 impii,

2361 1199 2570 1254 vultum
2594 1199 2855 1268 judicium
2888 1198 3005 1270 ejus
3032 1198 3226 1268 operit.

2357 1270 2513 1337 Quod
2545 1271 2592 1324 si
2616 1287 2721 1326 non
2750 1269 2841 1327 ille
2870 1269 2973 1331 εει.
3007 1272 3127 1341 quis
3150 1283 3281 1342 ergo
3307 1271 3435 1326 est?

2286 1340 2414 1397 Dies
2437 1342 2543 1397 mei
2569 1340 3119 1398 velocioreS‘i'uerunt
3141 1340 3369 1398 cursore
3396 1359 3413 1397 :

2357 1412 2639 1483 fugerunt,
2666 1426 2713 1469 el
2747 1428 2855 1471 non
2886 1415 3142 1470 viderunt
3171 1415 3396 1469 bonum.

2283 1483 2731 1561 Pertransieruut
2755 1487 2908 1561 quasi
2942 1502 3107 1561 naves
3130 1502 3286 1559 puum
3314 1494 3614 1561 portantes,

2355 1559 2495 1612 sicut
2522 1558 2699 1627 aquila
2728 1558 2920 1613 volans
2949 1558 3016 1613 ad
3051 1558 3254 1613 escam.

2281 1626 2417 1682 Cum
2449 1626 2685 1687 dixero:
2716 1629 3065 1701 Nequaquam
3100 1631 3168 1681 ita
3202 1628 3433 1701 loquar:

2354 1709 2629 1774 commuto
2653 1700 2846 1757 faciem
2878 1700 3077 1769 meam,
3108 1707 3165 1755 et
3194 1700 3388 1758 dolore
3417 1706 3684 1774 torqueor.

2204 1810 2252 1875 Β
2281 1768 2526 1856 Verebar
2550 1773 2729 1875 omnia
2758 1788 2922 1845 opera
2953 1789 3095 1840 mea,

2349 1844 2529 1899 sciens
2553 1842 2696 1919 quod
2720 1842 2824 1919 non
2858 1859 3111 1919 parceres
3139 1843 3500 1919 delinquenti.

2276 1914 2334 1968 Si
2358 1925 2541 1970 autem
2572 1914 2625 1971 et
2655 1916 2736 1972 sic
2758 1914 2958 1987 impius
2988 1932 3132 1984 sum,
3250 1922 3259 1931 ‘

2347 2002 2515 2056 quare
2538 1987 2739 2043 frustra
2765 1988 3048 2043 laboravi?

2274 2056 2334 2114 Si
2365 2059 2507 2114 lotus
2538 2059 2693 2131 fuero
2721 2060 2874 2129 quasi
2907 2060 3061 2131 aquis
3084 2058 3257 2127 nivis,
3608 2098 3613 2115 .

2345 2140 2399 2184 ct
2431 2130 2681 2204 fulserint
2710 2132 2855 2204 velut
2879 2130 3253 2189 mundissima:
3283 2142 3480 2186 manus
3510 2134 3674 2204 mete:

2271 2198 2479 2256 Tamen
2504 2202 2758 2257 sordibus
2791 2203 3028 2273 intinges
3056 2218 3162 2263 me.

2344 2284 2398 2327 et
2429 2275 2892 2330 abominabuutur
2913 2291 2998 2329 me
3027 2280 3350 2345 vestimenta
3378 2286 3520 2330 mea.

2270 2343 2459 2414 Neque
2487 2346 2635 2401 enim
2661 2346 2781 2401 viro
2804 2346 2896 2417 qui
2922 2345 3120 2401 similis
3143 2346 3247 2401 mei
3274 2356 3383 2413 est,
3415 2345 3766 2419 respondebo;

2346 2432 2445 2471 nec
2470 2419 2560 2488 qui
2598 2433 2810 2491 mecum
2851 2419 2903 2473 in
2932 2418 3142 2491 judicio
3172 2433 3236 2472 ex
3266 2432 3429 2486 {equo
3461 2416 3623 2491 pessit
3655 2416 3820 2474 audiri.

2268 2484 2388 2542 Non
2411 2484 2502 2542 est
2522 2488 2612 2559 qui
2644 2484 2947 2560 utrumque
2963 2489 3138 2543 valeat
3165 2484 3403 2559 arguere
3422 2532 3438 2556 ,

2342 2568 2399 2614 et
2426 2575 2627 2629 ponere
2661 2576 2876 2616 manum
2907 2577 3058 2617 suam
3088 2560 3143 2615 in
3169 2561 3462 2617 ambobus.

2267 2628 2496 2686 Auferat
2521 2648 2549 2685 a
2577 2646 2669 2687 me
2696 2636 2901 2703 virgam
2932 2647 3108 2700 suam,
3420 2638 3425 2643 ‘

2339 2711 2398 2756 et
2422 2718 2588 2772 pavor
2616 2703 2735 2774 ejus
2768 2722 2872 2758 nun
2904 2719 2991 2759 me
3018 2712 3240 2759 terreat.

2267 2772 2504 2841 Loquar,
2538 2789 2591 2828 et
2618 2772 2723 2829 non
2761 2775 2966 2832 timebo
2992 2791 3114 2830 eum
3142 2795 3156 2830 :

2339 2850 2681 2918 nequeenim
2719 2863 2936 2915 possum
2970 2856 3216 2902 metuens
3245 2845 3599 2918 respondere.

2267 2913 2546 2989 [CapIXJ
2577 2913 2760 2974 Tardet
2785 2920 3019 2973 animam
3051 2934 3225 2973 meam
3249 2913 3384 2973 vittis
3410 2933 3573 2986 meat,

2338 2990 2604 3043 dimittam
2636 2991 2927 3046 adversum
2952 3006 3040 3044 me
3069 2991 3341 3060 el0quium
3376 3004 3570 3055 meum,

2338 3060 2528 3129 loquar
2557 3061 2610 3115 in
2642 3062 3007 3118 amaritudine
3030 3064 3223 3117 animae
3248 3076 3416 3117 mea.
3482 3082 3499 3100 ο

2267 3131 2448 3187 Dicam
2476 3134 2586 3187 Deo
2611 3150 2625 3186 :
2656 3134 2771 3188 Noli
2806 3149 2891 3189 me
2918 3134 3316 3189 condemnare:

2336 3204 2511 3257 indica
2544 3204 2674 3259 milii
2695 3220 2793 3259 cur
2819 3221 2906 3259 me
2937 3206 3009 3260 ita
3029 3204 3277 3274 iudices?

2258 3272 2530 3419 Nuuipnugii
2554 3275 2756 3331 bonum
2778 3276 2876 3332 tibi
2896 3272 3129 3344 videtur,
3149 3278 3195 3331 si
3216 3276 3566 3334 calumnieris
3588 3273 3684 3348 [AL
3705 3272 3808 3329 add.

2401 3362 2535 3414 me],

2327 3424 2385 3474 et
2407 3419 2685 3489 opprimas
2711 3434 2799 3475 me
2819 3432 2957 3489 opus
2978 3433 3237 3474 manuum
3266 3431 3506 3489 tuarum,

2328 3498 2384 3543 et
2407 3490 2691 3545 consilium
2725 3491 3015 3562 impiorum
3049 3490 3314 3560 adjuves‘!

2257 3559 2522 3631 Numquid
2547 3562 2692 3616 oculi
2719 3559 2905 3617 cainei
2928 3562 3025 3617 tibi
3054 3559 3225 3617 sunt?

2325 3627 2430 3686 aut'
2446 3633 2598 3707 sicut
2615 3634 2769 3707 videt
2790 3632 2958 3707 homo
2974 3631 3214 3707 [δίειμι
3247 3633 3463 3690 videbis
3486 3630 3590 3707 [AL
3618 3627 3806 3704 vides]?

2252 3700 2524 3774 Numquid
2556 3705 2698 3759 sicut
2719 3704 2839 3761 dies
2865 3705 3101 3761 hominis
3121 3704 3240 3761 dies
3263 3706 3365 3772 tui,

2322 3785 2377 3830 et
2404 3775 2532 3830 anni
2559 3775 2814 3850 tuisicut
2834 3777 3068 3832 humana
3096 3784 3224 3832 sunt
3250 3785 3525 3850 tempora,

2252 3843 2325 3901 Ut
2353 3860 2566 3917 quaeras
2595 3848 2937 3919 iniquitatem
2968 3864 3166 3917 meam,

2324 3929 2379 3973 et
2407 3918 2697 3989 peccatum
2724 3934 2904 3975 meum
2937 3919 3198 3976 scruteris
3222 3918 3247 3973 ἵ

2251 3986 2321 4044 Et
2342 3986 2487 4045 scias
2514 3994 2639 4059 quia
2669 3990 2807 4045 nibil
2837 3992 3061 4059 impium
3090 3990 3314 4046 fecerim
3335 4032 3351 4059 ,
3626 4026 3639 4037 ε

2321 4076 2442 4115 cum
2475 4057 2548 4116 sit
2579 4076 2741 4135 nemo
2762 4064 2854 4135 qui
2878 4057 2949 4120 de
2983 4077 3146 4118 mauu
3181 4070 3273 4119 tua
3307 4057 3481 4134 possit
3510 4073 3689 4123 eruere
3713 4057 3801 4130 ΙΑΙ.

2391 4131 2665 4260 evmtere[.

2391 4220 2435 4257 IS
2462 4214 2567 4259 tua:
2594 4220 2627 4260 Ι)
2647 4222 2665 4259 ἓ

2247 4202 2435 4275 Manus
2462 4214 2567 4259 tua:
2594 4202 2999 4275 plasmaverunt
3021 4220 3128 4269 me.

2319 4287 2373 4331 et
2398 4273 2647 4350 fecerunt
2673 4292 2759 4332 me
2789 4288 2958 4332 totum
2988 4279 3040 4332 in
3071 4278 3300 4334 circuitu
3332 4276 3443 4350 [AL
3468 4273 3617 4349 gyro]
3643 4291 3656 4328 :

2314 4355 2375 4402 et
2402 4346 2487 4402 sic
2519 4360 2742 4419 repente
2766 4350 3076 4420 praacipitas
3102 4350 3225 4404 me?

2246 4417 2541 4492 Memento,
2572 4417 2782 4489 quaeso,
2811 4417 2958 4492 quod
2984 4422 3122 4476 sicut
3150 4422 3321 4477 lutum
3354 4419 3549 4479 feceris
3578 4432 3679 4483 me,

2317 4499 2373 4545 et
2403 4490 2455 4544 in
2489 4493 2764 4561 pulverem
2788 4490 3016 4548 reduces
3045 4506 3153 4548 me.

2248 4561 2443 4616 Nonne
2473 4563 2613 4618 sicut
2642 4564 2726 4618 Iac
2748 4562 2978 4619 mulsisti
3008 4578 3115 4631 me,

2310 4641 2367 4707 et
2393 4633 2532 4689 sicut
2560 4649 2779 4707 caseum
2805 4651 2891 4689 me
2918 4636 3260 4707 coagulasti?

2242 4704 2394 4761 Pelle
2423 4713 2479 4760 et
2500 4705 2756 4761 carnibus
2786 4708 2993 4762 vestisti
3025 4704 3134 4776 ine,

2311 4786 2366 4831 et
2394 4777 2615 4853 ossibus
2643 4787 2700 4833 et
2716 4780 2912 4853 [nervis
2933 4779 3256 4853 compegisti
3285 4794 3375 4853 me
3401 4797 3416 4853 ζ
3617 4847 3629 4853 _
3661 4846 3689 4853 ,ν
3731 4841 3757 4853 ,,

2239 4845 2419 4903 Vitam
2447 4860 2501 4902 et
2546 4850 2973 4921 misericordiam
3022 4845 3256 4906 tribuisti
3287 4850 3457 4921 mihi,
3490 4859 3543 4907 et
3584 4845 3789 4902 visitatio

2385 4927 2475 4991 tua
2505 4919 2798 4975 custodivit
2822 4921 3069 4991 spiritum
3096 4938 3298 4979 meum.

2236 4988 2391 5046 Licet
2414 4989 2533 5046 base
2560 4994 2706 5047 celes
2735 4993 2787 5047 in
2811 4988 2978 5049 corde
3010 5005 3120 5059 tuo,

2310 5073 2493 5117 tamen
2524 5062 2639 5118 scio
2661 5064 2784 5134 quia
2816 5067 3199 5120 universorum
3228 5065 3562 5121 memineris.

2236 5131 2297 5190 Si
2325 5135 2570 5205 peccavi,
2602 5144 2658 5191 et
2680 5131 2749 5190 ad
2779 5135 2971 5191 horam
3002 5135 3295 5208 pepercisti
3321 5136 3450 5192 mibi
3479 5152 3493 5190 :

2234 5289 2334 5346 pro
2356 5274 2486 5351 alia,
2515 5273 2634 5330 aelii
2658 5275 3003 5351 Septuaginta
3020 5274 3332 5350 lutei-prem
3354 5274 3790 5351 transtulerunﬁ‘

2230 5344 2518 5422 secundum
2545 5344 2986 5422 consuetudinem
3012 5344 3189 5422 sucini,
3206 5352 3276 5403 ad
3314 5344 3787 5422 erprimendnntdd'

2230 5416 2419 5487 plicans
2442 5420 2817 5496 aspirationem
2828 5435 2982 5496 pars
3006 5419 3060 5475 in
3086 5419 3334 5490 Haemo,
3430 5418 3651 5476 Grecam
3671 5412 3787 5467 lim-

2230 5504 2344 5541 ram
2371 5494 2764 5562 copulatgerunt.
2799 5491 2979 5547 Mur.

2305 5570 2329 5597 ⁸
2360 5551 2526 5615 Addit
2572 5560 2897 5636 Regiu._ms.
2945 5562 3048 5618 Job
3093 5577 3313 5633 nomen,
3344 5563 3486 5636 quod
3514 5567 3569 5618 et
3608 5558 3658 5613 in
3696 5551 3784 5608 ﬂe-

2229 5629 2418 5685 braii-o
2446 5629 2745 5701 exemplari
2780 5634 2869 5690 hic
2891 5647 3127 5690 restinat.

2301 5703 2328 5741 ³)
2358 5702 2543 5760 Cauou
2590 5699 3069 5776 Carcassouensis,
3105 5717 3151 5765 et
3194 5717 3251 5763 tu
3294 5706 3473 5763 vides?
3509 5699 3784 5776 Ιύιξηλροδί

2224 5786 2437 5848 septem
2471 5791 2684 5844 versus,
2713 5786 2765 5833 et
2790 5777 3019 5852 fecerunt
3055 5770 3135 5835 me
3162 5789 3326 5837 totum
3359 5780 3413 5835 in
3439 5774 3600 5852 gyro?
3624 5770 3779 5829 illum
