2025 3178
273 157 328 187 093

256 216 311 246 Sed
326 220 417 243 tamen
430 213 463 242 ad
477 212 699 249 Omnipotentem
713 210 819 247 loquar,

293 257 320 280 et
334 252 477 286 disputare
490 257 551 277 cum
562 248 621 286 Deo
632 248 713 283 cupio
725 256 732 275 :

257 288 338 316 Prius
352 283 402 315 vos
416 286 565 314 ostendens
581 285 758 312 fabricatores
772 283 920 319 mendacii,

294 329 320 352 et
335 324 454 351 cultores
468 328 659 358 perversurum
672 321 841 356 dogmatum.

257 361 348 396 Atque
360 357 616 396 utinamitaeeretis,

295 392 325 424 tit
346 394 509 431 putaremini
531 401 593 422 esse
611 392 665 429 [ΑΙ.
687 397 847 430 putarentur
864 393 936 422 inter
955 392 996 430 se]
1016 399 1059 420 sa-

334 432 448 467 pientes.

262 466 360 498 Audite
371 475 436 503 ergo
450 466 638 500 correptiones
652 474 738 501 meas,

295 510 322 532 et
335 503 467 538 judicium
484 503 618 530 labiorum
634 511 756 531 meorum
772 502 915 531 attendite.

262 539 396 575 Numquid
413 540 484 567 Deus
500 538 603 574 indiget
617 545 709 567 vestro
721 540 876 572 mendacio,

296 580 326 603 ut
341 583 390 611 pro
405 575 451 603 illo
465 575 613 610 loquamini
627 575 727 603 dolos?

260 607 396 647 Numquid
412 607 509 638 fat-icui
525 611 584 646 ejus
598 611 720 645 accipitis
730 610 788 673 [AL
806 607 971 646 accepistis].

295 652 322 673 et
337 655 386 673 oro
401 647 457 673 Deo
472 647 592 673 iudicare
606 646 722 673 nititttini

295 652 322 675 et
337 655 386 682 pro
401 647 457 675 Deo
469 647 592 682 judicare
606 646 722 674 nititttini

262 682 316 712 Aut
327 680 445 718 placebit
461 680 487 711 ei
509 691 588 717 quem
604 683 693 711 celare
707 682 750 719 [ΑΙ
763 682 858 718 celari]
871 681 943 719 nihil
950 680 1061 719 potest?

297 717 343 746 aut
355 719 505 754 decipietur
520 718 654 753 ut'ltomo,
669 717 767 746 vestris
780 717 991 746 fraudulentiis?

258 754 319 791 Ipse
331 763 381 783 vos
392 759 499 789 arguet.

296 792 423 826 quoniant
436 791 463 818 in
473 791 632 819 abscondito
646 790 744 818 faciem
759 791 818 825 ejus
832 789 965 826 accipitis.

262 826 360 855 Statim
375 832 405 855 ut
418 835 448 855 se
462 827 651 859 commoverit.
668 827 787 854 turbabit
801 834 862 861 vos,

298 868 325 891 ct
338 869 428 891 terror
441 863 500 898 ejus
512 863 599 890 irrttet
613 871 694 897 super
707 870 766 890 vos.

264 898 393 926 Memoria
408 904 498 927 vestra
515 898 718 934 comparabitur
731 899 828 931 cineri,

299 939 327 962 et
338 934 494 970 redigentur
510 935 536 962 itt
552 935 637 962 lutum
653 935 774 962 cervices
788 938 898 962 vestrae.

264 970 364 999 Tacete
378 971 528 1006 paulisper,
545 978 572 998 ut
586 971 681 1005 l0quar

298 1005 488 1042 quodcumque
503 1006 557 1041 [ΑΙ.
572 1005 761 1042 quaecumque]
775 1005 842 1033 milii
859 1011 937 1033 mens
951 1010 1064 1041 sugges-

336 1042 402 1070 serit
413 1041 467 1078 [Αι.
480 1041 621 1078 suggerit].

264 1078 354 1113 Quare
368 1077 457 1105 lacero
469 1085 565 1106 carnes
579 1085 654 1105 meas
665 1077 792 1105 dentibus
804 1077 882 1110 meis,

301 1119 329 1142 et
342 1114 460 1141 animam
478 1122 565 1142 meam
582 1118 661 1149 porto
675 1113 701 1140 in
718 1113 843 1140 manibus
859 1112 943 1141 meis?

266 1150 354 1178 Etiam
365 1151 387 1177 si
401 1150 533 1178 occiderit
548 1157 602 1183 me,
618 1150 644 1177 in
661 1150 720 1184 ipso
733 1149 849 1183 sperabo
862 1157 868 1175 :

264 1191 453 1214 verumtamen
468 1187 526 1213 vias
547 1193 621 1213 meas
646 1185 673 1213 in
696 1190 844 1220 conspectu
869 1185 930 1221 ejus
951 1192 1062 1221 arguam

336 1221 391 1258 [ΑΙ.
406 1227 455 1249 Iac.
472 1221 607 1258 arguam].

266 1257 302 1286 Et
316 1257 375 1292 ipse
387 1257 440 1286 erit
454 1258 572 1285 salvator
587 1264 665 1285 meus
677 1265 685 1286 :

300 1301 352 1331 non
361 1293 434 1321 enim
446 1294 536 1322 veniet
547 1294 574 1321 in
584 1296 733 1329 conspectu
741 1292 800 1329 ejus
808 1293 896 1322 omnis
907 1293 1061 1331 hypocrita.

262 1329 361 1358 Audite
370 1337 525 1358 sermonem
537 1337 637 1362 meum,

298 1370 327 1393 et
340 1367 483 1401 aenigmata
498 1365 632 1401 percipite
645 1365 755 1394 auribus
768 1365 877 1394 vestris.

264 1400 293 1429 Si
311 1401 388 1429 fuero
398 1400 546 1436 judicatus.

303 1438 359 1465 scio
373 1437 444 1472 quod
454 1438 544 1472 justus
558 1437 692 1465 inveniar.

266 1472 334 1507 Quis
355 1479 397 1501 est
417 1474 463 1508 qui
483 1473 619 1508 judicetur
639 1473 763 1501 mecum?
776 1477 788 1492 ἰ
804 1472 896 1501 veniat
916 1473 942 1501 in
960 1472 1063 1509 judicio

337 1509 375 1544 [h.
393 1517 446 1537 tton
461 1510 554 1543 habet,
570 1510 663 1537 veniat
676 1510 703 1537 in
717 1508 843 1545 jttdicio].

298 1552 384 1580 quare
395 1551 488 1574 tacens
498 1545 662 1573 consumar?

263 1579 323 1612 Duo
334 1586 436 1609 tantum
453 1589 487 1609 ne
502 1581 584 1609 facias
598 1581 676 1615 mihi,

297 1620 326 1644 et
341 1622 405 1646 tunc
416 1625 430 1645 a
445 1617 513 1645 facie
528 1623 571 1645 tua
587 1625 641 1645 non
655 1616 825 1645 abscondar:

263 1650 372 1681 Manum
384 1659 456 1681 tuam
474 1654 552 1689 longe
567 1653 608 1681 fac
622 1661 636 1680 a
650 1660 704 1685 me,

301 1693 329 1716 et
343 1689 460 1717 formido
476 1694 519 1716 tua
536 1698 589 1717 non
602 1697 645 1716 me
661 1692 771 1717 terreat.

262 1722 337 1752 Voca
352 1733 406 1758 me,
423 1730 450 1753 et
465 1725 518 1762 [AL
531 1725 593 1752 add.
609 1725 670 1760 ego]
684 1724 855 1762 respondebo
867 1724 914 1753 tibi
927 1732 935 1753 :

298 1765 345 1789 aut
359 1766 432 1789 certe
444 1760 550 1796 lo‘quar,
563 1765 593 1789 et
605 1766 632 1788 tu
645 1760 781 1796 respOnde
796 1761 871 1788 milii.

263 1798 386 1832 Quantas
398 1797 484 1824 habeo
500 1798 656 1831 iniquitates
670 1801 697 1824 et
713 1796 843 1831 peccata?

297 1834 399 1861 scelera
417 1840 476 1860 mea
490 1838 516 1860 ct
533 1833 634 1860 delicta
648 1832 763 1860 ostende
777 1832 854 1859 mihi.

263 1869 320 1897 Cur
334 1868 430 1897 faciem
445 1873 518 1896 tuant
532 1868 688 1900 abscondis.

298 1909 327 1932 et
338 1904 480 1932 arbitraris
491 1911 533 1932 me
547 1903 686 1931 inimicum
699 1903 793 1931 tuum?

263 1939 363 1982 Contra
379 1940 484 1982 folium,
502 1940 572 1976 quod
591 1944 674 1967 vento
696 1940 811 1975 rapitur,
828 1937 950 1968 ostendis
965 1943 1062 1975 poten-

336 1981 399 2003 tiam
416 1981 500 2007 tuam.

299 2016 328 2040 et
341 2012 467 2047 stipulam
478 2013 579 2039 siccam
596 2011 767 2047 persequeris
780 2020 786 2038 :

267 2048 371 2077 Scribis
385 2047 457 2076 enim
472 2052 566 2075 contra
582 2056 625 2075 me
639 2047 845 2079 amaritudincs,

300 2089 329 2112 et
340 2091 503 2111 consumere
517 2084 615 2119 mervis
629 2083 747 2119 peccatis
759 2083 797 2119 [h.
812 2088 840 2110 et
854 2082 1008 2110 hicredilare
1022 2084 1062 2119 fa-

336 2119 387 2147 cies
402 2128 442 2147 me
456 2118 574 2155 peccata]
586 2118 777 2147 adolescentite
793 2126 870 2146 mete.

266 2153 383 2183 Posuisti
397 2155 423 2183 in
439 2153 522 2183 nervo
537 2153 632 2190 pedem
647 2162 747 2189 meum,

300 2196 329 2219 et
341 2191 492 2220 observasti
507 2198 602 2219 omnes
618 2192 727 2218 setttitas
742 2198 826 2224 meas,

299 2232 328 2255 et
338 2228 451 2263 vestigia
464 2227 563 2262 pedum
578 2234 700 2255 meorttm
714 2225 896 2254 considerasti
909 2233 917 2253 :

263 2263 314 2297 Qui
332 2264 408 2299 quasi
423 2263 537 2299 putredo
547 2263 749 2291 consumendus
763 2270 834 2294 sum,

299 2304 327 2327 et
340 2297 430 2334 quasi'
445 2299 645 2331 vestimentum,
661 2299 731 2334 quod
746 2298 901 2326 comeditur
916 2305 931 2325 a
946 2297 1028 2326 tinea.

299 2308 327 2327 et
359 2308 417 2327 uast
445 2308 645 2331 vestimentum,
661 2308 731 2334 quon
746 2308 901 2326 comeuttut-
916 2308 928 2325 a

264 2308 434 2374 [Gep.q)f_lv.]
448 2334 534 2363 Homo
545 2341 623 2362 natus
636 2335 669 2362 de
683 2335 806 2374 muliere,
834 2370 839 2374 _
856 2370 861 2374 _
923 2368 928 2374 .

301 2369 376 2399 brevi
392 2369 488 2398 vivens
504 2376 635 2405 tempore,
652 2371 774 2406 repletur
787 2370 878 2397 ntttltis
894 2369 1022 2398 miseriis.

264 2405 314 2440 Qui
330 2407 409 2441 quasi
424 2406 474 2434 llos
487 2407 634 2441 egreditur,
651 2405 855 2439 et’contcritur,

298 2415 314 2434 ll
351 2415 409 2434 IIIISl
424 2415 474 2434 H05
487 2415 634 2441 egreditur,
651 2415 679 2433 ει
693 2415 855 2439 οοιιιοΓιιυΓ,

298 2415 407 2477 ειἽῖιεὶι
428 2442 481 2479 [ΑΙ.
496 2441 591 2478 fugiet]
604 2442 680 2470 velut
702 2442 807 2476 umbra,
823 2447 852 2469 et
870 2447 1015 2476 numquam
1034 2440 1061 2468 in

298 2479 395 2507 eodem
409 2483 480 2506 statu
497 2482 646 2512 permanet.

263 2513 297 2543 Et
310 2514 421 2550 dignum
436 2514 513 2542 ducis
528 2521 610 2550 super
627 2513 815 2549 hujuscemodi
838 2512 946 2549 aperire
967 2512 1061 2541 oculos

335 2555 406 2582 11108,

299 2591 326 2615 et
340 2586 474 2615 adducere
488 2593 550 2615 eum
565 2584 580 2606 ι)
598 2590 686 2614 tecum
709 2584 736 2613 in
747 2584 897 2621 judicium?

261 2695 267 2700 '
298 2696 311 2713 ⁸
327 2690 422 2722 Codex
438 2689 612 2722 Colbertinus
626 2690 795 2725 Aniciensis.
807 2696 835 2720 et
855 2690 924 2719 alter
949 2690 1060 2726 Majoris

257 2729 413 2759 Monasterii
425 2737 508 2765 prope
519 2729 643 2765 Turones
653 2728 755 2765 habent
765 2727 938 2765 solummodo
950 2728 1033 2765 itania}
1047 2734 1056 2754 :

257 2767 363 2802 aliquot
375 2763 539 2794 alii‘veteres
547 2764 684 2802 addebant
699 2764 933 2802 primamanuLin
941 2763 1054 2802 judicio,

259 2799 313 2831 sed
325 2806 490 2838 expunctum
511 2805 553 2828 est
572 2801 606 2828 ab
625 2800 857 2838 emendatoribus.
883 2799 1055 2835 Exetnplaria

257 2835 376 2867 Canonis
391 2838 475 2866 secttti
491 2844 600 2871 sumus,
616 2840 645 2863 ut
660 2844 708 2872 par
721 2841 789 2864 erat.
814 2835 903 2864 ΜΑιιτ.

293 2869 813 2910 --Equidemverba,jvéniat:irtjudicio.
826 2869 1054 2910 quemadmodum

257 2917 272 2939 ιι
284 2906 429 2938 scholiaste
442 2906 634 2943 notatutn'est,
649 2906 729 2936 llelir.
746 2906 945 2935 textus’nescit.
961 2906 988 2934 In
1004 2914 1055 2934 no—

257 2946 323 2978 stris
337 2954 445 2984 quoque
460 2952 527 2975 mss.
543 2948 573 2973 ut
587 2948 615 2973 et
637 2945 664 2973 in
684 2944 800 2981 vulgatis
820 2944 897 2972 libris
914 2950 996 2977 unum
1013 2951 1056 2971 ve-

759 154 787 183 S.
809 151 1002 183 HIERONYMI
1023 150 1141 184 DIVINA
1161 152 1402 185 BIBLIOTHECA.

1844 153 1910 184 1096

1073 214 1098 245 Α
1112 213 1179 248 Quis
1192 219 1281 249 potest
1296 214 1387 242 facere
1402 210 1535 241 mundum
1548 211 1581 241 de
1593 211 1735 242 immundo
1748 218 1909 250 conceptum

1183 250 1305 278 semine?

1147 294 1236 314 nonne
1248 293 1275 314 tu
1287 287 1332 322 qui
1348 286 1423 314 solus
1436 285 1486 314 es?

1111 322 1213 351 Breves
1226 323 1286 351 dies
1300 322 1416 350 hominis
1429 326 1505 356 sunt,

1147 367 1277 387 numerus
1291 359 1424 387 mensium
1437 358 1497 393 ejus
1511 357 1580 394 apud
1595 362 1620 386 le
1633 362 1675 387 est
1688 367 1695 386 :

1146 395 1312 423 constituisti
1338 395 1469 423 terminos
1481 394 1551 429 ejus,
1567 394 1613 430 qui
1627 394 1763 431 praeteriri
1786 401 1842 424 non
1863 402 1908 432 po-

1186 435 1288 459 terunt.

1113 468 1220 497 Recede
1235 468 1370 502 paululum
1386 468 1421 495 ab
1435 473 1479 501 eo,
1492 471 1523 495 ut
1537 467 1669 502 quiescat,

1148 505 1235 567 dogec
1249 509 1339 546 optata
1363 504 1465 536 veniat,
1481 505 1556 539 quasi
1572 503 1627 539 [ΑΙ.
1644 502 1725 540 sicut]
1750 505 1908 533 mercenarii

1206 548 1244 567 tes
1255 548 1325 567 etus.

1206 548 1244 567 leS
1255 548 1325 567 etus.

1184 548 1244 567 otes
1255 548 1325 575 ejus.

1148 575 1263 612 Lignum
1280 576 1360 604 habet
1372 583 1447 612 spem
1461 585 1468 604 :

1149 613 1171 640 si
1188 612 1331 647 praecisum
1344 613 1435 645 fuerit,
1451 619 1558 640 rursttm
1571 612 1692 647 virescit,

1149 653 1177 676 et
1187 648 1253 675 rami
1265 648 1324 683 ejus
1340 648 1484 683 pullulant.

1114 683 1142 712 Si
1155 683 1280 712 senuerit
1294 685 1319 711 in
1335 689 1409 712 terra
1423 685 1498 712 radix
1514 683 1584 718 ejus,
1605 710 1609 716 ,

1149 721 1213 747 etin
1230 721 1340 755 pulvere
1354 725 1477 748 mortuus
1494 720 1576 747 fuerit
1589 725 1701 748 truncus
1714 720 1800 748 illius.

1114 755 1156 784 Ad
1170 756 1282 784 odorem
1299 764 1374 792 aqua
1387 756 1560 791 germinabit,

1150 798 1178 819 et
1192 792 1272 820 faciet
1283 800 1387 820 comam
1400 792 1476 826 qttasi
1487 799 1548 829 cum
1561 792 1676 829 primum
1689 792 1844 829 plantatum
1855 797 1910 821 est:

1115 827 1202 856 Homo
1213 836 1280 856 vero
1294 836 1354 856 cum
1373 832 1496 855 mortuus
1511 827 1602 862 fuerit,

1151 869 1179 892 et
1190 865 1305 892 nudatus
1320 869 1400 899 atque
1410 867 1600 898 consumptus,
1614 864 1659 892 ubi
1673 871 1767 900 quaeso
1777 864 1840 894 est?

1115 899 1256 933 Quomodo
1271 901 1293 928 si
1307 900 1433 928 reccdattt
1444 908 1520 935 aqum
1532 900 1566 927 de
1582 901 1664 934 mari,

1151 940 1178 963 et
1193 936 1289 963 fluvius
1302 935 1475 964 vacttefactus
1490 940 1595 963 arescat
1609 944 1615 962 ί

1115 971 1161 999 Sic
1176 972 1258 999 homo
1271 980 1330 999 eum
1346 971 1497 1003 dormierit,
1513 980 1568 999 non
1579 977 1712 1007 resurget.

1151 1007 1238 1035 donec
1254 1012 1387 1036 atteratttr
1400 1008 1510 1041 caelum,
1527 1015 1581 1035 non
1592 1008 1742 1044 evigilabit,

1151 1051 1202 1071 nec
1216 1050 1360 1079 consurget
1375 1044 1410 1072 de
1422 1051 1520 1072 somno
1533 1051 1594 1072 suo.

1114 1079 1181 1114 Quis
1196 1080 1263 1107 mihi
1279 1081 1330 1107 hoc
1345 1081 1455 1113 tribuat,
1472 1080 1540 1107 utin
1554 1080 1660 1108 inferno
1676 1084 1806 1115 protegas
1820 1088 1875 1115 me,

1150 1120 1178 1144 et
1191 1116 1343 1143 abscondas
1357 1123 1412 1150 me,
1427 1118 1515 1142 donec
1528 1120 1700 1150 pertranseat
1711 1115 1788 1144 furor
1801 1122 1875 1150 tuus,

1151 1156 1179 1180 et
1199 1152 1349 1207 constituas
1373 1152 1440 1179 mihi
1465 1155 1583 1186 tempus,
1601 1157 1612 1171 ο
1637 1153 1664 1180 1η
1683 1160 1737 1188 quo
1758 1153 1912 1181 recorderis

1186 1196 1238 1207 mm

1186 1196 1255 1216 metz

1115 1223 1232 1252 Putasne
1245 1228 1368 1252 mortuus
1381 1223 1462 1251 ltomo
1476 1231 1584 1252 rursum
1598 1224 1690 1252 vivat?

1150 1261 1256 1288 cunctis
1269 1261 1376 1293 diebus,
1390 1260 1488 1294 quibus
1499 1267 1571 1288 nunc
1585 1260 1683 1294 milito,

1151 1301 1281 1330 exspecto
1293 1296 1380 1324 donec
1393 1296 1484 1323 veniat
1498 1297 1649 1324 immutatio
1665 1303 1737 1324 mea.

1115 1332 1232 1360 Vocabis
1245 1340 1298 1364 me.
1315 1337 1342 1360 ct
1355 1339 1406 1367 ego
1421 1332 1591 1367 respondebo
1605 1332 1653 1360 tibi
1667 1341 1673 1359 :

1151 1368 1226 1404 operi
1239 1376 1364 1396 ntanuum
1379 1372 1484 1395 tttarum
1500 1368 1622 1403 porriges
1637 1368 1789 1402 dexteram,

1114 1403 1154 1432 Tu
1169 1403 1278 1439 quidem
1294 1411 1404 1440 gressus
1420 1411 1495 1440 meos
1510 1404 1696 1437 dinutncrasti,

1151 1441 1199 1468 sed
1216 1439 1311 1475 parces
1323 1439 1366 1476 [Al
1382 1439 1473 1474 parce]
1488 1443 1605 1476 peccatis
1620 1441 1698 1468 meis.

1114 1475 1234 1512 Signasti
1250 1477 1326 1511 quasi
1341 1477 1367 1503 in
1379 1477 1486 1503 sacculo
1497 1475 1595 1503 delicta
1610 1483 1681 1509 mea,

1149 1513 1198 1540 sed
1214 1513 1314 1540 curasti
1329 1512 1497 1545 iniquitatem
1514 1518 1613 1539 meant.

1114 1548 1191 1576 Mons
1205 1548 1304 1576 cadens
1317 1547 1421 1581 defluit,

1150 1588 1178 1612 ct
1188 1592 1281 1612 saxum
1297 1583 1457 1612 transfertur
1468 1583 1502 1611 dc
1517 1583 1577 1612 loco
1590 1589 1649 1611 suo.

1073 1617 1097 1650 C
1112 1619 1228 1656 Lapides
1242 1624 1372 1648 exravant
1386 1627 1472 1655 aquae,

1151 1655 1177 1684 et
1191 1657 1328 1684 alluvione
1346 1656 1474 1691 paulatim
1490 1660 1563 1683 terra
1575 1655 1745 1683 consumitur
1760 1663 1767 1683 :

1150 1697 1178 1719 et
1190 1692 1326 1720 hominem
1344 1699 1409 1728 ergo
1425 1692 1550 1719 similiter
1565 1692 1675 1727 perdes.

1114 1728 1259 1755 lloborasti
1275 1736 1336 1756 ettm
1351 1726 1488 1762 paululum
1505 1732 1534 1754 ut
1549 1726 1574 1755 in
1588 1732 1748 1762 perpetuum
1762 1726 1906 1762 transiret;

1149 1763 1304 1791 immutabis
1320 1761 1415 1792 facient
1432 1764 1502 1799 ejus,
1518 1768 1546 1791 et
1559 1761 1668 1792 emittes
1683 1763 1737 1801 [ΑΙ.
1751 1767 1780 1791 ιιι
1791 1761 1907 1797 emittas]

1186 1807 1259 1827 eum.

1113 1834 1176 1863 Sive
1189 1836 1294 1864 nobiles
1306 1835 1406 1864 fuerint
1420 1835 1467 1863 lilii
1483 1835 1552 1871 ejus,

1149 1871 1207 1899 sive
1223 1872 1366 1907 ignobiles.
1380 1880 1432 1899 non
1445 1872 1590 1907 intelliget.

1115 1906 1241 1935 Attamen
1257 1916 1322 1935 caro
1335 1908 1393 1941 ejus
1407 1907 1470 1935 dum
1487 1906 1558 1935 vivet
1573 1906 1687 1939 dolebit,

1149 1947 1177 1971 et
1185 1940 1367 2006 laninltalillius
1381 1951 1464 1980 super
1478 1943 1626 1979 semetipso
1645 1943 1700 1980 [ΑΙ.
1719 1940 1906 1979 semetipsum]

1197 1986 1248 2006 028
1258 1988 1276 2006 )l
1293 2000 1299 2006 .

1197 1985 1299 2014 ugebtl.

1159 2044 1325 2064 RESPONDENS
1338 2044 1427 2065 AUTE“
1442 2044 1555 2065 ιιιιιιιιη
1568 2044 1748 2071 τιιιῑιυιπιτες,
1764 2038 1841 2066 111111⁸
1856 2046 1863 2066 ε

1114 2082 1189 2120 [Capt
1207 2082 1278 2118 ΧΗ
1300 2083 1437 2118 Numquid
1451 2084 1560 2119 sapiens
1583 2084 1762 2120 respondebit
1784 2085 1861 2120 quasi
1882 2084 1906 2112 in

1185 2124 1294 2146 ventum
1311 2120 1434 2154 loquens,

1148 2159 1176 2182 et
1193 2155 1316 2189 implebit
1328 2156 1425 2184 ardore
1440 2155 1608 2184 stomachum
1623 2156 1720 2184 suum?

1112 2191 1312 2230 Arguiswrbis
1327 2199 1390 2230 eutn_
1402 2193 1451 2230 qui
1464 2200 1515 2218 non
1532 2198 1572 2219 est
1588 2194 1698 2226 aequalis
1714 2192 1763 2221 tibi
1775 2192 1830 2230 [ΑΙ.
1847 2190 1905 2227 lui],

1149 2230 1177 2254 et
1192 2226 1308 2262 loqueris
1320 2227 1391 2262 quod
1406 2228 1452 2254 tibi
1469 2235 1521 2255 non
1538 2229 1658 2262 expedit.

1112 2261 1247 2296 Quantum
1264 2264 1289 2299 in
1306 2261 1335 2291 te?
1346 2268 1397 2295 est,
1414 2264 1551 2291 evacuasti
1568 2265 1702 2299 timorem,

1074 2318 1102 2349 Β
1149 2303 1176 2325 et
1191 2298 1273 2339 tulisti
1289 2306 1382 2339 preces
1397 2306 1487 2327 cot‘ant
1506 2300 1570 2326 Deo.

1115 2334 1210 2360 Docuit
1224 2342 1295 2360 enim
1312 2335 1437 2360 iniquitas
1454 2341 1497 2360 tua
1513 2336 1565 2360 Ml.

1138 2335 1210 2361 octtit
1224 2335 1295 2371 enim
1312 2335 1437 2370 iniquitas
1454 2341 1497 2361 tua
1513 2336 1565 2371 [AL
1583 2340 1631 2362 (ar.
1650 2335 1705 2371 tua]
1721 2343 1753 2365 os
1768 2340 1856 2371 tuum,

1150 2370 1304 2407 etrintitaris
1322 2371 1437 2405 linguam
1453 2371 1508 2406 [ΑΙ.
1527 2372 1619 2407 verba]
1634 2370 1890 2407 blasphemantittm.

1113 2405 1310 2443 Condetnnabit
1325 2411 1350 2433 te
1366 2414 1397 2433 os
1410 2405 1494 2439 tuum,
1514 2412 1540 2434 ct
1556 2405 1691 2443 non‘cgo:

1149 2447 1176 2468 ct
1191 2442 1258 2468 labia
1276 2447 1318 2468 ttta
1333 2443 1532 2477 respondi-bunt
1547 2443 1603 2470 tibi.

1113 2477 1247 2511 Numquid
1264 2479 1365 2515 primus
1382 2480 1461 2506 homo
1475 2483 1502 2506 lu
1518 2484 1597 2507 natus
1608 2487 1649 2515 es,

1149 2519 1175 2539 et
1186 2519 1248 2540 ante
1264 2514 1348 2540 colles
1366 2515 1511 2542 formatus?

1114 2549 1248 2583 Numquid
1265 2551 1408 2577 consilium
1424 2551 1471 2578 Dei
1485 2550 1593 2585 audisti,

1149 2591 1175 2613 et
1188 2585 1299 2612 inferior
1315 2591 1340 2613 te
1353 2586 1405 2613 erit
1416 2585 1475 2622 ejus
1490 2587 1643 2623 sapientia?

1114 2690 1181 2726 niat,
1198 2691 1309 2719 verbum
1325 2691 1445 2727 reperire
1460 2696 1511 2720 est.
1536 2691 1646 2728 Regium
1669 2697 1759 2722 autem
1780 2693 1865 2722 codex
1881 2695 1905 2723 in

1110 2727 1152 2754 Itis
1167 2736 1272 2763 qttoque
1287 2728 1384 2762 variat,
1400 2729 1457 2763 quis
1472 2733 1508 2756 est
1523 2727 1729 2766 quijudicet_tne
1738 2738 1797 2758 cum
1808 2731 1905 2759 reuinl:

1127 2772 1198 2791 uare.
1214 2769 1267 2791 CIC.

1127 2772 1188 2791 uare
1260 2784 1267 2791 .

1109 2771 1124 2798 ᾳ
1147 2799 1159 2818 ιν
1174 2771 1333 2836 βίςῗιιξοςῑη.
1348 2800 1477 2828 adducere
1490 2809 1548 2828 cum
1564 2801 1590 2828 in
1601 2800 1720 2837 judicio,
1736 2802 1848 2831 exclusa
1871 2808 1905 2830 le-

1110 2843 1169 2862 cum
1177 2843 1258 2873 _voce,
1271 2845 1332 2873 qua:
1344 2842 1432 2864 tamen
1449 2837 1474 2864 in
1489 2838 1637 2873 archetypo
1654 2843 1774 2865 resonat.

1148 2877 1158 2891 ε
1176 2871 1253 2907 Legit
1271 2872 1355 2900 Palat.
1371 2880 1421 2900 IIIS.
1438 2873 1519 2900 donec
1530 2871 1668 2900 recorderis
1680 2874 1739 2907 mei,
1751 2879 1779 2902 et
1794 2883 1855 2903 mox
1868 2875 1904 2902 vi.

1109 2912 1149 2935 vel
1164 2915 1212 2945 pro
1226 2909 1309 2943 vivat;
1322 2909 1440 2946 denique
1451 2909 1564 2938 verbum
1577 2914 1694 2946 exspecto
1709 2912 1902 2946 praetermittit.
