  <div class='ocr_page' id='page_1' title='image "/cluster/home/n/w/nwhite01/storage/ocr_20150623/28/hvd.32044015471410/556.png"; bbox 0 0 4108 6360; ppageno 0'>
   <div class='ocr_carea' id='block_1_1' title="bbox 321 316 459 376">
    <p class='ocr_par' dir='ltr' id='par_1_1' title="bbox 321 316 459 376">
     <span class='ocr_line' id='line_1_1' title="bbox 321 316 459 376; baseline 0 -3"><span class='ocrx_word' id='word_1_1' title='bbox 321 316 459 376; x_wconf 71' lang='lat' dir='ltr'><strong>“Ol</strong></span> 
     </span>
    </p>
   </div>
   <div class='ocr_carea' id='block_1_2' title="bbox 320 436 1243 507">
    <p class='ocr_par' dir='ltr' id='par_1_2' title="bbox 320 436 1243 507">
     <span class='ocr_line' id='line_1_2' title="bbox 320 436 1243 507; baseline -0.002 -13"><span class='ocrx_word' id='word_1_2' title='bbox 320 438 493 506; x_wconf 99' lang='lat' dir='ltr'><strong>Quem</strong></span> <span class='ocrx_word' id='word_1_3' title='bbox 527 436 743 491; x_wconf 87' lang='lat' dir='ltr'><strong>visurus</strong></span> <span class='ocrx_word' id='word_1_4' title='bbox 773 449 891 492; x_wconf 86' lang='lat' dir='ltr'><strong>sum</strong></span> <span class='ocrx_word' id='word_1_5' title='bbox 920 450 1021 506; x_wconf 82' lang='lat' dir='ltr'><strong>ego</strong></span> <span class='ocrx_word' id='word_1_6' title='bbox 1051 436 1186 507; x_wconf 78' lang='lat' dir='ltr'><strong>ipse,</strong></span> <span class='ocrx_word' id='word_1_7' title='bbox 1217 446 1243 476; x_wconf 70' lang='grc' dir='ltr'><strong>α</strong></span> 
     </span>
    </p>
   </div>
   <div class='ocr_carea' id='block_1_3' title="bbox 390 507 1723 577">
    <p class='ocr_par' dir='ltr' id='par_1_3' title="bbox 390 507 1723 577">
     <span class='ocr_line' id='line_1_3' title="bbox 390 507 1723 577; baseline -0.001 -13"><span class='ocrx_word' id='word_1_8' title='bbox 390 519 447 564; x_wconf 89' lang='lat' dir='ltr'><strong>et</strong></span> <span class='ocrx_word' id='word_1_9' title='bbox 476 509 615 563; x_wconf 86' lang='lat' dir='ltr'><strong>oculi</strong></span> <span class='ocrx_word' id='word_1_10' title='bbox 649 509 751 563; x_wconf 90' lang='lat' dir='ltr'><strong>mei</strong></span> <span class='ocrx_word' id='word_1_11' title='bbox 775 511 1110 577; x_wconf 79' lang='lat' dir='ltr'><strong>eonSpecturi</strong></span> <span class='ocrx_word' id='word_1_12' title='bbox 1138 519 1285 571; x_wconf 80' lang='lat' dir='ltr'><strong>suat,</strong></span> <span class='ocrx_word' id='word_1_13' title='bbox 1319 515 1371 564; x_wconf 89' lang='lat' dir='ltr'><strong>et</strong></span> <span class='ocrx_word' id='word_1_14' title='bbox 1397 522 1503 563; x_wconf 89' lang='lat' dir='ltr'><strong>non</strong></span> <span class='ocrx_word' id='word_1_15' title='bbox 1540 507 1677 563; x_wconf 82' lang='lat' dir='ltr'><strong>alius</strong></span> <span class='ocrx_word' id='word_1_16' title='bbox 1710 526 1723 563; x_wconf 90' lang='lat'><strong>:</strong></span> 
     </span>
    </p>
   </div>
   <div class='ocr_carea' id='block_1_4' title="bbox 392 580 1575 651">
    <p class='ocr_par' dir='ltr' id='par_1_4' title="bbox 392 580 1575 651">
     <span class='ocr_line' id='line_1_4' title="bbox 392 580 1575 651; baseline -0.002 -16"><span class='ocrx_word' id='word_1_17' title='bbox 392 582 628 651; x_wconf 88' lang='lat' dir='ltr'><strong>reposita</strong></span> <span class='ocrx_word' id='word_1_18' title='bbox 657 589 742 635; x_wconf 91' lang='lat' dir='ltr'><strong>cst</strong></span> <span class='ocrx_word' id='word_1_19' title='bbox 767 580 881 635; x_wconf 67' lang='lat' dir='ltr'><strong>haec</strong></span> <span class='ocrx_word' id='word_1_20' title='bbox 905 596 1029 649; x_wconf 78' lang='lat' dir='ltr'><strong>Spes</strong></span> <span class='ocrx_word' id='word_1_21' title='bbox 1059 598 1175 635; x_wconf 88' lang='lat' dir='ltr'><strong>mea</strong></span> <span class='ocrx_word' id='word_1_22' title='bbox 1201 582 1251 637; x_wconf 91' lang='lat' dir='ltr'><strong>in</strong></span> <span class='ocrx_word' id='word_1_23' title='bbox 1286 581 1407 635; x_wconf 86' lang='lat' dir='ltr'><strong>sinu</strong></span> <span class='ocrx_word' id='word_1_24' title='bbox 1437 596 1575 635; x_wconf 90' lang='lat' dir='ltr'><strong>meo.</strong></span> 
     </span>
    </p>
   </div>
   <div class='ocr_carea' id='block_1_5' title="bbox 320 651 1751 725">
    <p class='ocr_par' dir='ltr' id='par_1_5' title="bbox 320 651 1751 725">
     <span class='ocr_line' id='line_1_5' title="bbox 320 651 1751 725; baseline 0 -18"><span class='ocrx_word' id='word_1_25' title='bbox 320 652 501 719; x_wconf 86' lang='lat' dir='ltr'><strong>Quare</strong></span> <span class='ocrx_word' id='word_1_26' title='bbox 529 668 658 725; x_wconf 83' lang='lat' dir='ltr'><strong>ergo</strong></span> <span class='ocrx_word' id='word_1_27' title='bbox 680 657 822 706; x_wconf 79' lang='lat' dir='ltr'><strong>nunc</strong></span> <span class='ocrx_word' id='word_1_28' title='bbox 843 651 1028 725; x_wconf 81' lang='lat' dir='ltr'><strong>dicitis</strong></span> <span class='ocrx_word' id='word_1_29' title='bbox 1054 670 1068 707; x_wconf 92' lang='lat'><strong>:</strong></span> <span class='ocrx_word' id='word_1_30' title='bbox 1095 654 1491 725; x_wconf 84' lang='lat' dir='ltr'><strong>Perseqttamur</strong></span> <span class='ocrx_word' id='word_1_31' title='bbox 1519 668 1664 717; x_wconf 88' lang='lat' dir='ltr'><strong>eum,</strong></span> <span class='ocrx_word' id='word_1_32' title='bbox 1746 689 1751 693; x_wconf 81' lang='lat'><strong>-</strong></span> 
     </span>
    </p>
   </div>
   <div class='ocr_carea' id='block_1_6' title="bbox 391 722 1681 782">
    <p class='ocr_par' dir='ltr' id='par_1_6' title="bbox 391 722 1681 782">
     <span class='ocr_line' id='line_1_6' title="bbox 391 722 1681 782; baseline 0.001 -3"><span class='ocrx_word' id='word_1_33' title='bbox 391 733 444 779; x_wconf 92' lang='lat' dir='ltr'><strong>et</strong></span> <span class='ocrx_word' id='word_1_34' title='bbox 474 724 708 779; x_wconf 87' lang='lat' dir='ltr'><strong>radicem</strong></span> <span class='ocrx_word' id='word_1_35' title='bbox 740 722 893 778; x_wconf 91' lang='lat' dir='ltr'><strong>verbi</strong></span> <span class='ocrx_word' id='word_1_36' title='bbox 922 724 1257 782; x_wconf 82' lang='lat' dir='ltr'><strong>inveniamus</strong></span> <span class='ocrx_word' id='word_1_37' title='bbox 1279 722 1476 779; x_wconf 79' lang='lat' dir='ltr'><strong>contra</strong></span> <span class='ocrx_word' id='word_1_38' title='bbox 1506 740 1631 780; x_wconf 90' lang='lat' dir='ltr'><strong>eum</strong></span> <span class='ocrx_word' id='word_1_39' title='bbox 1656 725 1681 780; x_wconf 68' lang='grc' dir='ltr'><strong>ἲ</strong></span> 
     </span>
    </p>
   </div>
   <div class='ocr_carea' id='block_1_7' title="bbox 322 792 1097 867">
    <p class='ocr_par' dir='ltr' id='par_1_7' title="bbox 322 792 1097 867">
     <span class='ocr_line' id='line_1_7' title="bbox 322 792 1097 867; baseline 0 -17"><span class='ocrx_word' id='word_1_40' title='bbox 322 792 515 867; x_wconf 77' lang='lat' dir='ltr'><strong>Fugite</strong></span> <span class='ocrx_word' id='word_1_41' title='bbox 542 810 672 863; x_wconf 80' lang='lat' dir='ltr'><strong>ergo</strong></span> <span class='ocrx_word' id='word_1_42' title='bbox 694 812 722 849; x_wconf 75' lang='grc' dir='ltr'><strong>ιι</strong></span> <span class='ocrx_word' id='word_1_43' title='bbox 746 794 880 849; x_wconf 84' lang='lat' dir='ltr'><strong>facie</strong></span> <span class='ocrx_word' id='word_1_44' title='bbox 908 794 1097 864; x_wconf 92' lang='lat' dir='ltr'><strong>gladii,</strong></span> 
     </span>
    </p>
   </div>
   <div class='ocr_carea' id='block_1_8' title="bbox 285 866 1593 940">
    <p class='ocr_par' dir='ltr' id='par_1_8' title="bbox 285 866 1593 940">
     <span class='ocr_line' id='line_1_8' title="bbox 285 866 1593 940; baseline 0.005 -20"><span class='ocrx_word' id='word_1_45' title='bbox 285 922 317 931; x_wconf 25' lang='grc' dir='ltr'><strong>,η</strong></span> <span class='ocrx_word' id='word_1_46' title='bbox 391 866 646 937; x_wconf 85' lang='lat' dir='ltr'><strong>quoniam</strong></span> <span class='ocrx_word' id='word_1_47' title='bbox 681 867 1193 940; x_wconf 12' lang='lat' dir='ltr'><strong>ultorginiquitatum</strong></span> <span class='ocrx_word' id='word_1_48' title='bbox 1224 866 1432 940; x_wconf 76' lang='lat' dir='ltr'><strong>gladius</strong></span> <span class='ocrx_word' id='word_1_49' title='bbox 1460 875 1545 923; x_wconf 87' lang='lat' dir='ltr'><strong>est</strong></span> <span class='ocrx_word' id='word_1_50' title='bbox 1577 887 1593 926; x_wconf 88' lang='lat'><strong>:</strong></span> 
     </span>
    </p>
   </div>
   <div class='ocr_carea' id='block_1_9' title="bbox 394 937 1119 1008">
    <p class='ocr_par' dir='ltr' id='par_1_9' title="bbox 394 937 1119 1008">
     <span class='ocr_line' id='line_1_9' title="bbox 394 937 1119 1008; baseline -0.001 -14"><span class='ocrx_word' id='word_1_51' title='bbox 394 946 449 994; x_wconf 81' lang='lat' dir='ltr'><strong>et</strong></span> <span class='ocrx_word' id='word_1_52' title='bbox 474 940 666 993; x_wconf 85' lang='lat' dir='ltr'><strong>scitote</strong></span> <span class='ocrx_word' id='word_1_53' title='bbox 687 951 807 993; x_wconf 89' lang='lat' dir='ltr'><strong>esse</strong></span> <span class='ocrx_word' id='word_1_54' title='bbox 833 937 1119 1008; x_wconf 78' lang='lat' dir='ltr'><strong>judicium.</strong></span> 
     </span>
    </p>
   </div>
   <div class='ocr_carea' id='block_1_10' title="bbox 400 1060 1822 1121">
    <p class='ocr_par' dir='ltr' id='par_1_10' title="bbox 400 1060 1822 1121">
     <span class='ocr_line' id='line_1_10' title="bbox 400 1060 1822 1121; baseline 0.001 -12"><span class='ocrx_word' id='word_1_55' title='bbox 400 1064 737 1110; x_wconf 68' lang='grc' dir='ltr'>ιιιςειιοιωιιμε</span> <span class='ocrx_word' id='word_1_56' title='bbox 762 1066 941 1109; x_wconf 77' lang='grc' dir='ltr'><strong>ΑῐῙτΒΙ</strong></span> <span class='ocrx_word' id='word_1_57' title='bbox 970 1060 1173 1110; x_wconf 67' lang='grc' dir='ltr'><strong>801⁵11Δῆ</strong></span> <span class='ocrx_word' id='word_1_58' title='bbox 1200 1062 1601 1121; x_wconf 69' lang='grc' dir='ltr'><strong>ΠΛΑΙΑΤΠΙΤΕΒ,</strong></span> <span class='ocrx_word' id='word_1_59' title='bbox 1628 1068 1776 1110; x_wconf 74' lang='lat' dir='ltr'><strong>DIXIT</strong></span> <span class='ocrx_word' id='word_1_60' title='bbox 1805 1068 1822 1110; x_wconf 72' lang='grc'>2</span> 
     </span>
    </p>
   </div>
   <div class='ocr_carea' id='block_1_11' title="bbox 321 1144 1916 1221">
    <p class='ocr_par' dir='ltr' id='par_1_11' title="bbox 321 1144 1916 1221">
     <span class='ocr_line' id='line_1_11' title="bbox 321 1144 1916 1221; baseline 0.002 -20"><span class='ocrx_word' id='word_1_61' title='bbox 321 1144 687 1221; x_wconf 44' lang='grc' dir='ltr'><strong>[(ΣιιρηΧῖίᾹΔ</strong></span> <span class='ocrx_word' id='word_1_62' title='bbox 711 1145 920 1221; x_wconf 76' lang='lat' dir='ltr'><strong>idcirco</strong></span> <span class='ocrx_word' id='word_1_63' title='bbox 948 1148 1304 1217; x_wconf 85' lang='lat' dir='ltr'><strong>cogitationes</strong></span> <span class='ocrx_word' id='word_1_64' title='bbox 1344 1162 1478 1204; x_wconf 83' lang='lat' dir='ltr'><strong>meae</strong></span> <span class='ocrx_word' id='word_1_65' title='bbox 1521 1146 1683 1204; x_wconf 66' lang='lat' dir='ltr'><strong>varia:</strong></span> <span class='ocrx_word' id='word_1_66' title='bbox 1728 1161 1916 1205; x_wconf 83' lang='lat' dir='ltr'><strong>succe—</strong></span> 
     </span>
    </p>
   </div>
   <div class='ocr_carea' id='block_1_12' title="bbox 464 1218 729 1274">
    <p class='ocr_par' dir='ltr' id='par_1_12' title="bbox 464 1218 729 1274">
     <span class='ocr_line' id='line_1_12' title="bbox 464 1218 729 1274; baseline 0 -1"><span class='ocrx_word' id='word_1_67' title='bbox 464 1218 599 1274; x_wconf 89' lang='lat' dir='ltr'><strong>dunt</strong></span> <span class='ocrx_word' id='word_1_68' title='bbox 626 1218 729 1274; x_wconf 85' lang='lat' dir='ltr'><strong>sibi</strong></span> 
     </span>
    </p>
   </div>
   <div class='ocr_carea' id='block_1_13' title="bbox 392 1262 1175 1360">
    <p class='ocr_par' dir='ltr' id='par_1_13' title="bbox 392 1262 1175 1360">
     <span class='ocr_line' id='line_1_13' title="bbox 392 1262 1175 1360; baseline 0.001 -15"><span class='ocrx_word' id='word_1_69' title='bbox 392 1297 449 1345; x_wconf 89' lang='lat' dir='ltr'><strong>et</strong></span> <span class='ocrx_word' id='word_1_70' title='bbox 466 1262 915 1346; x_wconf 45' lang='lat' dir='ltr'><strong>iudieiiswdlversa</strong></span> <span class='ocrx_word' id='word_1_71' title='bbox 947 1288 1175 1360; x_wconf 76' lang='lat' dir='ltr'><strong>rapitur.</strong></span> 
     </span>
    </p>
   </div>
   <div class='ocr_carea' id='block_1_14' title="bbox 321 1359 1391 1432">
    <p class='ocr_par' dir='ltr' id='par_1_14' title="bbox 321 1359 1391 1432">
     <span class='ocr_line' id='line_1_14' title="bbox 321 1359 1391 1432; baseline -0.001 -17"><span class='ocrx_word' id='word_1_72' title='bbox 321 1360 657 1424; x_wconf 85' lang='lat' dir='ltr'><strong>Doctrinam,</strong></span> <span class='ocrx_word' id='word_1_73' title='bbox 682 1377 781 1432; x_wconf 88' lang='lat' dir='ltr'><strong>qua</strong></span> <span class='ocrx_word' id='word_1_74' title='bbox 812 1376 896 1415; x_wconf 87' lang='lat' dir='ltr'><strong>me</strong></span> <span class='ocrx_word' id='word_1_75' title='bbox 918 1359 1122 1430; x_wconf 76' lang='lat' dir='ltr'><strong>arguis,</strong></span> <span class='ocrx_word' id='word_1_76' title='bbox 1154 1359 1391 1425; x_wconf 84' lang='lat' dir='ltr'><strong>audiam,</strong></span> 
     </span>
    </p>
   </div>
   <div class='ocr_carea' id='block_1_15' title="bbox 391 1428 1822 1503">
    <p class='ocr_par' dir='ltr' id='par_1_15' title="bbox 391 1428 1822 1503">
     <span class='ocr_line' id='line_1_15' title="bbox 391 1428 1822 1503; baseline -0.001 -16"><span class='ocrx_word' id='word_1_77' title='bbox 391 1444 447 1487; x_wconf 88' lang='lat' dir='ltr'><strong>et</strong></span> <span class='ocrx_word' id='word_1_78' title='bbox 477 1428 1099 1503; x_wconf 68' lang='lat' dir='ltr'><strong>Spiritusintelligentim</strong></span> <span class='ocrx_word' id='word_1_79' title='bbox 1132 1446 1268 1487; x_wconf 64' lang='lat' dir='ltr'><strong>mea}</strong></span> <span class='ocrx_word' id='word_1_80' title='bbox 1294 1429 1639 1500; x_wconf 91' lang='lat' dir='ltr'><strong>respondebit</strong></span> <span class='ocrx_word' id='word_1_81' title='bbox 1669 1428 1822 1485; x_wconf 84' lang='lat' dir='ltr'><strong>milii.</strong></span> 
     </span>
    </p>
   </div>
   <div class='ocr_carea' id='block_1_16' title="bbox 322 1504 1916 1576">
    <p class='ocr_par' dir='ltr' id='par_1_16' title="bbox 322 1504 1916 1576">
     <span class='ocr_line' id='line_1_16' title="bbox 322 1504 1916 1576; baseline -0.002 -16"><span class='ocrx_word' id='word_1_82' title='bbox 322 1505 436 1561; x_wconf 91' lang='lat' dir='ltr'><strong>lloc</strong></span> <span class='ocrx_word' id='word_1_83' title='bbox 461 1508 574 1559; x_wconf 88' lang='lat' dir='ltr'><strong>scio</strong></span> <span class='ocrx_word' id='word_1_84' title='bbox 596 1520 624 1558; x_wconf 91' lang='lat' dir='ltr'><strong>a</strong></span> <span class='ocrx_word' id='word_1_85' title='bbox 655 1504 939 1573; x_wconf 73' lang='lat' dir='ltr'><strong>principio,</strong></span> <span class='ocrx_word' id='word_1_86' title='bbox 969 1521 1032 1561; x_wconf 88' lang='lat' dir='ltr'><strong>ex</strong></span> <span class='ocrx_word' id='word_1_87' title='bbox 1074 1520 1181 1576; x_wconf 88' lang='lat' dir='ltr'><strong>quo</strong></span> <span class='ocrx_word' id='word_1_88' title='bbox 1214 1504 1422 1574; x_wconf 75' lang='lat' dir='ltr'><strong>positus</strong></span> <span class='ocrx_word' id='word_1_89' title='bbox 1447 1513 1529 1559; x_wconf 89' lang='lat' dir='ltr'><strong>est</strong></span> <span class='ocrx_word' id='word_1_90' title='bbox 1560 1506 1721 1559; x_wconf 91' lang='lat' dir='ltr'><strong>homo</strong></span> <span class='ocrx_word' id='word_1_91' title='bbox 1751 1516 1916 1573; x_wconf 85' lang='lat' dir='ltr'><strong>snper</strong></span> 
     </span>
    </p>
   </div>
   <div class='ocr_carea' id='block_1_17' title="bbox 468 1585 715 1633">
    <p class='ocr_par' dir='ltr' id='par_1_17' title="bbox 468 1585 715 1633">
     <span class='ocr_line' id='line_1_17' title="bbox 468 1585 715 1633; baseline -0.004 -2"><span class='ocrx_word' id='word_1_92' title='bbox 468 1585 667 1633; x_wconf 86' lang='lat' dir='ltr'><strong>terram</strong></span> <span class='ocrx_word' id='word_1_93' title='bbox 701 1592 715 1630; x_wconf 75' lang='grc' dir='ltr'><strong>ε</strong></span> 
     </span>
    </p>
   </div>
   <div class='ocr_carea' id='block_1_18' title="bbox 394 1644 1319 1720">
    <p class='ocr_par' dir='ltr' id='par_1_18' title="bbox 394 1644 1319 1720">
     <span class='ocr_line' id='line_1_18' title="bbox 394 1644 1319 1720; baseline -0.002 -17"><span class='ocrx_word' id='word_1_94' title='bbox 394 1648 538 1720; x_wconf 84' lang='lat' dir='ltr'><strong>quod</strong></span> <span class='ocrx_word' id='word_1_95' title='bbox 572 1650 686 1703; x_wconf 85' lang='lat' dir='ltr'><strong>laus</strong></span> <span class='ocrx_word' id='word_1_96' title='bbox 710 1648 995 1720; x_wconf 83' lang='lat' dir='ltr'><strong>impiorum</strong></span> <span class='ocrx_word' id='word_1_97' title='bbox 1028 1644 1207 1720; x_wconf 79' lang='lat' dir='ltr'><strong>brevis</strong></span> <span class='ocrx_word' id='word_1_98' title='bbox 1230 1647 1319 1706; x_wconf 90' lang='lat' dir='ltr'><strong>sit.</strong></span> 
     </span>
    </p>
   </div>
   <div class='ocr_carea' id='block_1_19' title="bbox 393 1714 1565 1790">
    <p class='ocr_par' dir='ltr' id='par_1_19' title="bbox 393 1714 1565 1790">
     <span class='ocr_line' id='line_1_19' title="bbox 393 1714 1565 1790; baseline -0.003 -16"><span class='ocrx_word' id='word_1_99' title='bbox 393 1714 449 1774; x_wconf 73' lang='grc' dir='ltr'>ἐι</span> <span class='ocrx_word' id='word_1_100' title='bbox 470 1720 720 1790; x_wconf 80' lang='lat' dir='ltr'><strong>gaudium</strong></span> <span class='ocrx_word' id='word_1_101' title='bbox 752 1714 1046 1790; x_wconf 76' lang='lat' dir='ltr'><strong>hypocritm</strong></span> <span class='ocrx_word' id='word_1_102' title='bbox 1076 1716 1140 1770; x_wconf 90' lang='lat' dir='ltr'><strong>ad</strong></span> <span class='ocrx_word' id='word_1_103' title='bbox 1169 1717 1336 1771; x_wconf 81' lang='lat' dir='ltr'><strong>insmr</strong></span> <span class='ocrx_word' id='word_1_104' title='bbox 1364 1714 1565 1789; x_wconf 86' lang='lat' dir='ltr'><strong>puncti.</strong></span> 
     </span>
    </p>
   </div>
   <div class='ocr_carea' id='block_1_20' title="bbox 320 1789 1663 1859">
    <p class='ocr_par' dir='ltr' id='par_1_20' title="bbox 320 1789 1663 1859">
     <span class='ocr_line' id='line_1_20' title="bbox 320 1789 1663 1859; baseline -0.004 -13"><span class='ocrx_word' id='word_1_105' title='bbox 320 1791 375 1846; x_wconf 88' lang='lat' dir='ltr'><strong>Si</strong></span> <span class='ocrx_word' id='word_1_106' title='bbox 410 1789 711 1847; x_wconf 82' lang='lat' dir='ltr'><strong>ascenderit</strong></span> <span class='ocrx_word' id='word_1_107' title='bbox 735 1789 902 1859; x_wconf 80' lang='lat' dir='ltr'><strong>usque</strong></span> <span class='ocrx_word' id='word_1_108' title='bbox 933 1790 997 1842; x_wconf 84' lang='lat' dir='ltr'><strong>ad</strong></span> <span class='ocrx_word' id='word_1_109' title='bbox 1024 1790 1219 1844; x_wconf 61' lang='lat' dir='ltr'><strong>caelum</strong></span> <span class='ocrx_word' id='word_1_110' title='bbox 1251 1790 1500 1858; x_wconf 81' lang='lat' dir='ltr'><strong>superbia</strong></span> <span class='ocrx_word' id='word_1_111' title='bbox 1528 1789 1663 1859; x_wconf 85' lang='lat' dir='ltr'><strong>ejus,</strong></span> 
     </span>
    </p>
   </div>
   <div class='ocr_carea' id='block_1_21' title="bbox 316 1858 1279 1934">
    <p class='ocr_par' dir='ltr' id='par_1_21' title="bbox 316 1858 1279 1934">
     <span class='ocr_line' id='line_1_21' title="bbox 316 1858 1279 1934; baseline -0.011 -11"><span class='ocrx_word' id='word_1_112' title='bbox 316 1912 325 1923; x_wconf 88' lang='lat'><strong>.</strong></span> <span class='ocrx_word' id='word_1_113' title='bbox 390 1874 444 1919; x_wconf 86' lang='lat' dir='ltr'><strong>et</strong></span> <span class='ocrx_word' id='word_1_114' title='bbox 466 1873 627 1934; x_wconf 84' lang='lat' dir='ltr'><strong>caput</strong></span> <span class='ocrx_word' id='word_1_115' title='bbox 653 1864 767 1934; x_wconf 66' lang='grc' dir='ltr'>εῙιις</span> <span class='ocrx_word' id='word_1_116' title='bbox 801 1858 968 1934; x_wconf 72' lang='lat' dir='ltr'><strong>nubes</strong></span> <span class='ocrx_word' id='word_1_117' title='bbox 998 1860 1234 1930; x_wconf 84' lang='lat' dir='ltr'><strong>tetigerit</strong></span> <span class='ocrx_word' id='word_1_118' title='bbox 1267 1878 1279 1934; x_wconf 69' lang='grc' dir='ltr'>ς</span> 
     </span>
    </p>
   </div>
   <div class='ocr_carea' id='block_1_22' title="bbox 314 1931 1450 2005">
    <p class='ocr_par' dir='ltr' id='par_1_22' title="bbox 314 1931 1450 2005">
     <span class='ocr_line' id='line_1_22' title="bbox 314 1931 1450 2005; baseline 0.001 -18"><span class='ocrx_word' id='word_1_119' title='bbox 314 1934 487 2002; x_wconf 72' lang='lat' dir='ltr'><strong>Quasi</strong></span> <span class='ocrx_word' id='word_1_120' title='bbox 514 1931 909 2005; x_wconf 60' lang='lat' dir='ltr'><strong>Sterquilinium</strong></span> <span class='ocrx_word' id='word_1_121' title='bbox 940 1932 992 1986; x_wconf 90' lang='lat' dir='ltr'><strong>in</strong></span> <span class='ocrx_word' id='word_1_122' title='bbox 1021 1935 1124 2005; x_wconf 79' lang='lat' dir='ltr'><strong>line</strong></span> <span class='ocrx_word' id='word_1_123' title='bbox 1155 1931 1450 2005; x_wconf 74' lang='lat' dir='ltr'><strong>perdeturz</strong></span> 
     </span>
    </p>
   </div>
   <div class='ocr_carea' id='block_1_23' title="bbox 392 2003 1536 2073">
    <p class='ocr_par' dir='ltr' id='par_1_23' title="bbox 392 2003 1536 2073">
     <span class='ocr_line' id='line_1_23' title="bbox 392 2003 1536 2073; baseline -0.003 -14"><span class='ocrx_word' id='word_1_124' title='bbox 392 2014 447 2059; x_wconf 89' lang='lat' dir='ltr'><strong>et</strong></span> <span class='ocrx_word' id='word_1_125' title='bbox 472 2006 560 2072; x_wconf 85' lang='lat' dir='ltr'><strong>qui</strong></span> <span class='ocrx_word' id='word_1_126' title='bbox 587 2003 707 2059; x_wconf 81' lang='lat' dir='ltr'><strong>eum</strong></span> <span class='ocrx_word' id='word_1_127' title='bbox 735 2003 1001 2073; x_wconf 80' lang='lat' dir='ltr'><strong>viderant,</strong></span> <span class='ocrx_word' id='word_1_128' title='bbox 1033 2003 1215 2057; x_wconf 89' lang='lat' dir='ltr'><strong>dicent</strong></span> <span class='ocrx_word' id='word_1_129' title='bbox 1246 2020 1258 2057; x_wconf 89' lang='lat'><strong>:</strong></span> <span class='ocrx_word' id='word_1_130' title='bbox 1286 2003 1386 2059; x_wconf 89' lang='lat' dir='ltr'><strong>Ubi</strong></span> <span class='ocrx_word' id='word_1_131' title='bbox 1410 2003 1536 2060; x_wconf 80' lang='lat' dir='ltr'><strong>est?</strong></span> 
     </span>
    </p>
   </div>
   <div class='ocr_carea' id='block_1_24' title="bbox 320 2075 1512 2143">
    <p class='ocr_par' dir='ltr' id='par_1_24' title="bbox 320 2075 1512 2143">
     <span class='ocr_line' id='line_1_24' title="bbox 320 2075 1512 2143; baseline -0.003 -10"><span class='ocrx_word' id='word_1_132' title='bbox 320 2076 485 2134; x_wconf 76' lang='lat' dir='ltr'><strong>Velut</strong></span> <span class='ocrx_word' id='word_1_133' title='bbox 510 2078 775 2131; x_wconf 79' lang='lat' dir='ltr'><strong>somnium</strong></span> <span class='ocrx_word' id='word_1_134' title='bbox 801 2078 1021 2129; x_wconf 80' lang='lat' dir='ltr'><strong>avolans</strong></span> <span class='ocrx_word' id='word_1_135' title='bbox 1048 2089 1153 2129; x_wconf 86' lang='lat' dir='ltr'><strong>non</strong></span> <span class='ocrx_word' id='word_1_136' title='bbox 1189 2075 1512 2143; x_wconf 88' lang='lat' dir='ltr'><strong>invenietur,</strong></span> 
     </span>
    </p>
   </div>
   <div class='ocr_carea' id='block_1_25' title="bbox 398 2147 1279 2203">
    <p class='ocr_par' dir='ltr' id='par_1_25' title="bbox 398 2147 1279 2203">
     <span class='ocr_line' id='line_1_25' title="bbox 398 2147 1279 2203; baseline -0.005 -1"><span class='ocrx_word' id='word_1_137' title='bbox 398 2149 623 2203; x_wconf 88' lang='lat' dir='ltr'><strong>transiet</strong></span> <span class='ocrx_word' id='word_1_138' title='bbox 658 2152 799 2201; x_wconf 81' lang='lat' dir='ltr'><strong>sicut</strong></span> <span class='ocrx_word' id='word_1_139' title='bbox 828 2147 966 2200; x_wconf 74' lang='lat' dir='ltr'><strong>visio</strong></span> <span class='ocrx_word' id='word_1_140' title='bbox 996 2157 1279 2201; x_wconf 84' lang='lat' dir='ltr'><strong>nocturna.</strong></span> 
     </span>
    </p>
   </div>
   <div class='ocr_carea' id='block_1_26' title="bbox 321 2217 1476 2291">
    <p class='ocr_par' dir='ltr' id='par_1_26' title="bbox 321 2217 1476 2291">
     <span class='ocr_line' id='line_1_26' title="bbox 321 2217 1476 2291; baseline -0.003 -16"><span class='ocrx_word' id='word_1_141' title='bbox 321 2219 547 2291; x_wconf 87' lang='lat' dir='ltr'><strong>Oculus,</strong></span> <span class='ocrx_word' id='word_1_142' title='bbox 585 2222 674 2291; x_wconf 90' lang='lat' dir='ltr'><strong>qui</strong></span> <span class='ocrx_word' id='word_1_143' title='bbox 702 2237 833 2279; x_wconf 87' lang='lat' dir='ltr'><strong>eum</strong></span> <span class='ocrx_word' id='word_1_144' title='bbox 859 2219 1084 2287; x_wconf 82' lang='lat' dir='ltr'><strong>viderat,</strong></span> <span class='ocrx_word' id='word_1_145' title='bbox 1122 2235 1225 2271; x_wconf 88' lang='lat' dir='ltr'><strong>non</strong></span> <span class='ocrx_word' id='word_1_146' title='bbox 1244 2217 1476 2291; x_wconf 81' lang='lat' dir='ltr'><strong>videbit,</strong></span> 
     </span>
    </p>
   </div>
   <div class='ocr_carea' id='block_1_27' title="bbox 393 2290 1575 2363">
    <p class='ocr_par' dir='ltr' id='par_1_27' title="bbox 393 2290 1575 2363">
     <span class='ocr_line' id='line_1_27' title="bbox 393 2290 1575 2363; baseline -0.002 -18"><span class='ocrx_word' id='word_1_147' title='bbox 393 2290 569 2363; x_wconf 88' lang='lat' dir='ltr'><strong>neque</strong></span> <span class='ocrx_word' id='word_1_148' title='bbox 590 2290 731 2346; x_wconf 85' lang='lat' dir='ltr'><strong>ultra</strong></span> <span class='ocrx_word' id='word_1_149' title='bbox 760 2292 1062 2363; x_wconf 79' lang='lat' dir='ltr'><strong>intuebitur</strong></span> <span class='ocrx_word' id='word_1_150' title='bbox 1088 2305 1211 2343; x_wconf 89' lang='lat' dir='ltr'><strong>eum</strong></span> <span class='ocrx_word' id='word_1_151' title='bbox 1242 2290 1398 2343; x_wconf 87' lang='lat' dir='ltr'><strong>locus</strong></span> <span class='ocrx_word' id='word_1_152' title='bbox 1424 2304 1575 2345; x_wconf 91' lang='lat' dir='ltr'><strong>suus.</strong></span> 
     </span>
    </p>
   </div>
   <div class='ocr_carea' id='block_1_28' title="bbox 323 2362 1212 2433">
    <p class='ocr_par' dir='ltr' id='par_1_28' title="bbox 323 2362 1212 2433">
     <span class='ocr_line' id='line_1_28' title="bbox 323 2362 1212 2433; baseline -0.001 -16"><span class='ocrx_word' id='word_1_153' title='bbox 323 2362 443 2418; x_wconf 81' lang='lat' dir='ltr'><strong>Filii</strong></span> <span class='ocrx_word' id='word_1_154' title='bbox 474 2362 589 2433; x_wconf 88' lang='lat' dir='ltr'><strong>ejus</strong></span> <span class='ocrx_word' id='word_1_155' title='bbox 619 2370 923 2418; x_wconf 55' lang='lat' dir='ltr'><strong>alleventur</strong></span> <span class='ocrx_word' id='word_1_156' title='bbox 952 2370 1212 2433; x_wconf 65' lang='lat' dir='ltr'><strong>egestate,</strong></span> 
     </span>
    </p>
   </div>
   <div class='ocr_carea' id='block_1_29' title="bbox 392 2430 1644 2489">
    <p class='ocr_par' dir='ltr' id='par_1_29' title="bbox 392 2430 1644 2489">
     <span class='ocr_line' id='line_1_29' title="bbox 392 2430 1644 2489; baseline 0 -2"><span class='ocrx_word' id='word_1_157' title='bbox 392 2443 447 2488; x_wconf 80' lang='lat' dir='ltr'><strong>et</strong></span> <span class='ocrx_word' id='word_1_158' title='bbox 472 2430 658 2489; x_wconf 83' lang='lat' dir='ltr'><strong>manus</strong></span> <span class='ocrx_word' id='word_1_159' title='bbox 684 2435 831 2489; x_wconf 89' lang='lat' dir='ltr'><strong>illius</strong></span> <span class='ocrx_word' id='word_1_160' title='bbox 857 2433 1085 2487; x_wconf 77' lang='lat' dir='ltr'><strong>reddent</strong></span> <span class='ocrx_word' id='word_1_161' title='bbox 1116 2432 1164 2486; x_wconf 71' lang='lat' dir='ltr'><strong>i-i</strong></span> <span class='ocrx_word' id='word_1_162' title='bbox 1196 2430 1438 2487; x_wconf 87' lang='lat' dir='ltr'><strong>dolorem</strong></span> <span class='ocrx_word' id='word_1_163' title='bbox 1468 2446 1644 2487; x_wconf 90' lang='lat' dir='ltr'><strong>suum.</strong></span> 
     </span>
    </p>
   </div>
   <div class='ocr_carea' id='block_1_30' title="bbox 321 2504 1759 2577">
    <p class='ocr_par' dir='ltr' id='par_1_30' title="bbox 321 2504 1759 2577">
     <span class='ocr_line' id='line_1_30' title="bbox 321 2504 1759 2577; baseline -0.001 -16"><span class='ocrx_word' id='word_1_164' title='bbox 321 2506 457 2561; x_wconf 84' lang='lat' dir='ltr'><strong>Ossa</strong></span> <span class='ocrx_word' id='word_1_165' title='bbox 484 2506 599 2577; x_wconf 73' lang='lat' dir='ltr'><strong>ejus</strong></span> <span class='ocrx_word' id='word_1_166' title='bbox 632 2506 999 2573; x_wconf 78' lang='lat' dir='ltr'><strong>implebantur</strong></span> <span class='ocrx_word' id='word_1_167' title='bbox 1028 2506 1177 2577; x_wconf 76' lang='lat' dir='ltr'><strong>vitiis</strong></span> <span class='ocrx_word' id='word_1_168' title='bbox 1209 2505 1592 2577; x_wconf 64' lang='lat' dir='ltr'><strong>adulescentiae</strong></span> <span class='ocrx_word' id='word_1_169' title='bbox 1619 2504 1759 2572; x_wconf 86' lang='lat' dir='ltr'><strong>ejus,</strong></span> 
     </span>
    </p>
   </div>
   <div class='ocr_carea' id='block_1_31' title="bbox 393 2576 1343 2646">
    <p class='ocr_par' dir='ltr' id='par_1_31' title="bbox 393 2576 1343 2646">
     <span class='ocr_line' id='line_1_31' title="bbox 393 2576 1343 2646; baseline -0.005 -14"><span class='ocrx_word' id='word_1_170' title='bbox 393 2589 447 2633; x_wconf 89' lang='lat' dir='ltr'><strong>et</strong></span> <span class='ocrx_word' id='word_1_171' title='bbox 473 2592 593 2632; x_wconf 91' lang='lat' dir='ltr'><strong>cum</strong></span> <span class='ocrx_word' id='word_1_172' title='bbox 624 2592 689 2632; x_wconf 89' lang='lat' dir='ltr'><strong>eo</strong></span> <span class='ocrx_word' id='word_1_173' title='bbox 722 2578 773 2630; x_wconf 92' lang='lat' dir='ltr'><strong>in</strong></span> <span class='ocrx_word' id='word_1_174' title='bbox 800 2577 1019 2646; x_wconf 79' lang='lat' dir='ltr'><strong>pulvere</strong></span> <span class='ocrx_word' id='word_1_175' title='bbox 1050 2576 1343 2629; x_wconf 91' lang='lat' dir='ltr'><strong>dormieut.</strong></span> 
     </span>
    </p>
   </div>
   <div class='ocr_carea' id='block_1_32' title="bbox 320 2646 1615 2715">
    <p class='ocr_par' dir='ltr' id='par_1_32' title="bbox 320 2646 1615 2715">
     <span class='ocr_line' id='line_1_32' title="bbox 320 2646 1615 2715; baseline -0.003 -11"><span class='ocrx_word' id='word_1_176' title='bbox 320 2648 456 2704; x_wconf 89' lang='lat' dir='ltr'><strong>Cum</strong></span> <span class='ocrx_word' id='word_1_177' title='bbox 482 2651 626 2705; x_wconf 91' lang='lat' dir='ltr'><strong>enim</strong></span> <span class='ocrx_word' id='word_1_178' title='bbox 655 2649 816 2703; x_wconf 88' lang='lat' dir='ltr'><strong>dulce</strong></span> <span class='ocrx_word' id='word_1_179' title='bbox 849 2648 1006 2703; x_wconf 89' lang='lat' dir='ltr'><strong>fuerit</strong></span> <span class='ocrx_word' id='word_1_180' title='bbox 1039 2649 1090 2700; x_wconf 93' lang='lat' dir='ltr'><strong>iu</strong></span> <span class='ocrx_word' id='word_1_181' title='bbox 1123 2662 1216 2701; x_wconf 90' lang='lat' dir='ltr'><strong>ore</strong></span> <span class='ocrx_word' id='word_1_182' title='bbox 1246 2647 1362 2715; x_wconf 80' lang='lat' dir='ltr'><strong>ejus</strong></span> <span class='ocrx_word' id='word_1_183' title='bbox 1391 2646 1615 2713; x_wconf 84' lang='lat' dir='ltr'><strong>malum,</strong></span> 
     </span>
    </p>
   </div>
   <div class='ocr_carea' id='block_1_33' title="bbox 392 2719 1329 2789">
    <p class='ocr_par' dir='ltr' id='par_1_33' title="bbox 392 2719 1329 2789">
     <span class='ocr_line' id='line_1_33' title="bbox 392 2719 1329 2789; baseline -0.005 -14"><span class='ocrx_word' id='word_1_184' title='bbox 392 2721 689 2776; x_wconf 82' lang='lat' dir='ltr'><strong>abscondet</strong></span> <span class='ocrx_word' id='word_1_185' title='bbox 715 2719 847 2776; x_wconf 57' lang='lat' dir='ltr'><strong>illud</strong></span> <span class='ocrx_word' id='word_1_186' title='bbox 878 2722 979 2773; x_wconf 86' lang='lat' dir='ltr'><strong>sub</strong></span> <span class='ocrx_word' id='word_1_187' title='bbox 1008 2721 1188 2789; x_wconf 87' lang='lat' dir='ltr'><strong>lingua</strong></span> <span class='ocrx_word' id='word_1_188' title='bbox 1215 2734 1329 2773; x_wconf 88' lang='lat' dir='ltr'><strong>Sua.</strong></span> 
     </span>
    </p>
   </div>
   <div class='ocr_carea' id='block_1_34' title="bbox 324 2788 1423 2859">
    <p class='ocr_par' dir='ltr' id='par_1_34' title="bbox 324 2788 1423 2859">
     <span class='ocr_line' id='line_1_34' title="bbox 324 2788 1423 2859; baseline -0.004 -12"><span class='ocrx_word' id='word_1_189' title='bbox 324 2791 521 2848; x_wconf 80' lang='lat' dir='ltr'><strong>Parcet</strong></span> <span class='ocrx_word' id='word_1_190' title='bbox 553 2794 645 2857; x_wconf 91' lang='lat' dir='ltr'><strong>illi,</strong></span> <span class='ocrx_word' id='word_1_191' title='bbox 680 2799 733 2846; x_wconf 77' lang='lat' dir='ltr'><strong>et</strong></span> <span class='ocrx_word' id='word_1_192' title='bbox 765 2806 866 2845; x_wconf 90' lang='lat' dir='ltr'><strong>non</strong></span> <span class='ocrx_word' id='word_1_193' title='bbox 901 2788 1237 2859; x_wconf 74' lang='lat' dir='ltr'><strong>derelinquat</strong></span> <span class='ocrx_word' id='word_1_194' title='bbox 1266 2788 1423 2855; x_wconf 90' lang='lat' dir='ltr'><strong>illud,</strong></span> 
     </span>
    </p>
   </div>
   <div class='ocr_carea' id='block_1_35' title="bbox 393 2865 1124 2934">
    <p class='ocr_par' dir='ltr' id='par_1_35' title="bbox 393 2865 1124 2934">
     <span class='ocr_line' id='line_1_35' title="bbox 393 2865 1124 2934; baseline -0.007 -15"><span class='ocrx_word' id='word_1_195' title='bbox 393 2874 448 2918; x_wconf 89' lang='lat' dir='ltr'><strong>et</strong></span> <span class='ocrx_word' id='word_1_196' title='bbox 469 2865 665 2919; x_wconf 77' lang='lat' dir='ltr'><strong>celabit</strong></span> <span class='ocrx_word' id='word_1_197' title='bbox 690 2865 741 2918; x_wconf 90' lang='lat' dir='ltr'><strong>in</strong></span> <span class='ocrx_word' id='word_1_198' title='bbox 769 2874 985 2934; x_wconf 77' lang='lat' dir='ltr'><strong>gutture</strong></span> <span class='ocrx_word' id='word_1_199' title='bbox 1007 2876 1124 2917; x_wconf 70' lang='lat' dir='ltr'><strong>suo.</strong></span> 
     </span>
    </p>
   </div>
   <div class='ocr_carea' id='block_1_36' title="bbox 324 2934 1341 3004">
    <p class='ocr_par' dir='ltr' id='par_1_36' title="bbox 324 2934 1341 3004">
     <span class='ocr_line' id='line_1_36' title="bbox 324 2934 1341 3004; baseline -0.001 -14"><span class='ocrx_word' id='word_1_200' title='bbox 324 2934 486 2990; x_wconf 85' lang='lat' dir='ltr'><strong>Panis</strong></span> <span class='ocrx_word' id='word_1_201' title='bbox 511 2938 626 3004; x_wconf 78' lang='lat' dir='ltr'><strong>ejus</strong></span> <span class='ocrx_word' id='word_1_202' title='bbox 658 2937 708 2990; x_wconf 91' lang='lat' dir='ltr'><strong>in</strong></span> <span class='ocrx_word' id='word_1_203' title='bbox 738 2944 895 2989; x_wconf 81' lang='lat' dir='ltr'><strong>utero</strong></span> <span class='ocrx_word' id='word_1_204' title='bbox 927 2934 1065 2988; x_wconf 82' lang='lat' dir='ltr'><strong>illius</strong></span> <span class='ocrx_word' id='word_1_205' title='bbox 1096 2942 1341 2989; x_wconf 74' lang='lat' dir='ltr'><strong>vertetur</strong></span> 
     </span>
    </p>
   </div>
   <div class='ocr_carea' id='block_1_37' title="bbox 395 3006 1190 3074">
    <p class='ocr_par' dir='ltr' id='par_1_37' title="bbox 395 3006 1190 3074">
     <span class='ocr_line' id='line_1_37' title="bbox 395 3006 1190 3074; baseline -0.005 -12"><span class='ocrx_word' id='word_1_206' title='bbox 395 3007 445 3062; x_wconf 89' lang='lat' dir='ltr'><strong>in</strong></span> <span class='ocrx_word' id='word_1_207' title='bbox 479 3007 548 3062; x_wconf 90' lang='lat' dir='ltr'><strong>fel</strong></span> <span class='ocrx_word' id='word_1_208' title='bbox 573 3006 815 3074; x_wconf 60' lang='lat' dir='ltr'><strong>aspidum</strong></span> <span class='ocrx_word' id='word_1_209' title='bbox 845 3008 1190 3059; x_wconf 83' lang='lat' dir='ltr'><strong>intrinsecus.</strong></span> 
     </span>
    </p>
   </div>
   <div class='ocr_carea' id='block_1_38' title="bbox 321 3077 1315 3148">
    <p class='ocr_par' dir='ltr' id='par_1_38' title="bbox 321 3077 1315 3148">
     <span class='ocr_line' id='line_1_38' title="bbox 321 3077 1315 3148; baseline -0.005 -14"><span class='ocrx_word' id='word_1_210' title='bbox 321 3077 553 3134; x_wconf 73' lang='lat' dir='ltr'><strong>Divitias</strong></span> <span class='ocrx_word' id='word_1_211' title='bbox 581 3094 713 3148; x_wconf 85' lang='lat' dir='ltr'><strong>quas</strong></span> <span class='ocrx_word' id='word_1_212' title='bbox 742 3079 1045 3144; x_wconf 82' lang='lat' dir='ltr'><strong>devoravit,</strong></span> <span class='ocrx_word' id='word_1_213' title='bbox 1079 3084 1315 3141; x_wconf 85' lang='lat' dir='ltr'><strong>evomet,</strong></span> 
     </span>
    </p>
   </div>
   <div class='ocr_carea' id='block_1_39' title="bbox 391 3146 1512 3207">
    <p class='ocr_par' dir='ltr' id='par_1_39' title="bbox 391 3146 1512 3207">
     <span class='ocr_line' id='line_1_39' title="bbox 391 3146 1512 3207; baseline -0.003 -1"><span class='ocrx_word' id='word_1_214' title='bbox 391 3160 440 3206; x_wconf 86' lang='lat' dir='ltr'><strong>et</strong></span> <span class='ocrx_word' id='word_1_215' title='bbox 473 3152 541 3205; x_wconf 86' lang='lat' dir='ltr'><strong>de</strong></span> <span class='ocrx_word' id='word_1_216' title='bbox 564 3146 755 3207; x_wconf 76' lang='lat' dir='ltr'><strong>ventre</strong></span> <span class='ocrx_word' id='word_1_217' title='bbox 784 3150 928 3203; x_wconf 89' lang='lat' dir='ltr'><strong>illius</strong></span> <span class='ocrx_word' id='word_1_218' title='bbox 952 3148 1194 3202; x_wconf 79' lang='lat' dir='ltr'><strong>extrahet</strong></span> <span class='ocrx_word' id='word_1_219' title='bbox 1226 3164 1317 3202; x_wconf 78' lang='lat' dir='ltr'><strong>ras</strong></span> <span class='ocrx_word' id='word_1_220' title='bbox 1347 3146 1512 3203; x_wconf 82' lang='lat' dir='ltr'><strong>Deus.</strong></span> 
     </span>
    </p>
   </div>
   <div class='ocr_carea' id='block_1_40' title="bbox 318 3220 1323 3292">
    <p class='ocr_par' dir='ltr' id='par_1_40' title="bbox 318 3220 1323 3292">
     <span class='ocr_line' id='line_1_40' title="bbox 318 3220 1323 3292; baseline -0.004 -15"><span class='ocrx_word' id='word_1_221' title='bbox 318 3220 491 3292; x_wconf 82' lang='lat' dir='ltr'><strong>Caput</strong></span> <span class='ocrx_word' id='word_1_222' title='bbox 519 3223 765 3290; x_wconf 75' lang='lat' dir='ltr'><strong>a‘Spiduni</strong></span> <span class='ocrx_word' id='word_1_223' title='bbox 790 3229 943 3288; x_wconf 74' lang='lat' dir='ltr'><strong>suget</strong></span> <span class='ocrx_word' id='word_1_224' title='bbox 966 3220 1069 3291; x_wconf 69' lang='lat' dir='ltr'><strong>[AL</strong></span> <span class='ocrx_word' id='word_1_225' title='bbox 1100 3220 1323 3291; x_wconf 79' lang='lat' dir='ltr'><strong>surget],</strong></span> 
     </span>
    </p>
   </div>
   <div class='ocr_carea' id='block_1_41' title="bbox 392 3292 1217 3362">
    <p class='ocr_par' dir='ltr' id='par_1_41' title="bbox 392 3292 1217 3362">
     <span class='ocr_line' id='line_1_41' title="bbox 392 3292 1217 3362; baseline -0.001 -16"><span class='ocrx_word' id='word_1_226' title='bbox 392 3295 601 3348; x_wconf 78' lang='lat' dir='ltr'><strong>occidet</strong></span> <span class='ocrx_word' id='word_1_227' title='bbox 631 3309 753 3350; x_wconf 88' lang='lat' dir='ltr'><strong>eum</strong></span> <span class='ocrx_word' id='word_1_228' title='bbox 788 3292 968 3362; x_wconf 86' lang='lat' dir='ltr'><strong>lingua</strong></span> <span class='ocrx_word' id='word_1_229' title='bbox 1002 3292 1217 3360; x_wconf 75' lang='lat' dir='ltr'><strong>vipertc.</strong></span> 
     </span>
    </p>
   </div>
   <div class='ocr_carea' id='block_1_42' title="bbox 320 3363 1174 3437">
    <p class='ocr_par' dir='ltr' id='par_1_42' title="bbox 320 3363 1174 3437">
     <span class='ocr_line' id='line_1_42' title="bbox 320 3363 1174 3437; baseline -0.005 -18"><span class='ocrx_word' id='word_1_230' title='bbox 320 3363 458 3437; x_wconf 79' lang='lat' dir='ltr'><strong>(Non</strong></span> <span class='ocrx_word' id='word_1_231' title='bbox 496 3363 673 3419; x_wconf 76' lang='lat' dir='ltr'><strong>videat</strong></span> <span class='ocrx_word' id='word_1_232' title='bbox 695 3365 897 3419; x_wconf 84' lang='lat' dir='ltr'><strong>rivulus</strong></span> <span class='ocrx_word' id='word_1_233' title='bbox 920 3363 1174 3437; x_wconf 81' lang='lat' dir='ltr'><strong>fluminis,</strong></span> 
     </span>
    </p>
   </div>
   <div class='ocr_carea' id='block_1_43' title="bbox 394 3432 1214 3505">
    <p class='ocr_par' dir='ltr' id='par_1_43' title="bbox 394 3432 1214 3505">
     <span class='ocr_line' id='line_1_43' title="bbox 394 3432 1214 3505; baseline -0.004 -15"><span class='ocrx_word' id='word_1_234' title='bbox 394 3447 662 3491; x_wconf 51' lang='lat' dir='ltr'><strong>torri-utes-</strong></span> <span class='ocrx_word' id='word_1_235' title='bbox 695 3438 891 3496; x_wconf 90' lang='lat' dir='ltr'><strong>mellis,</strong></span> <span class='ocrx_word' id='word_1_236' title='bbox 914 3446 967 3489; x_wconf 89' lang='lat' dir='ltr'><strong>et</strong></span> <span class='ocrx_word' id='word_1_237' title='bbox 991 3432 1214 3505; x_wconf 73' lang='lat' dir='ltr'><strong>butyri.)</strong></span> 
     </span>
    </p>
   </div>
   <div class='ocr_carea' id='block_1_44' title="bbox 316 3504 1724 3579">
    <p class='ocr_par' dir='ltr' id='par_1_44' title="bbox 316 3504 1724 3579">
     <span class='ocr_line' id='line_1_44' title="bbox 316 3504 1724 3579; baseline -0.003 -16"><span class='ocrx_word' id='word_1_238' title='bbox 316 3504 455 3563; x_wconf 64' lang='lat' dir='ltr'><strong>Lu‘et</strong></span> <span class='ocrx_word' id='word_1_239' title='bbox 479 3522 597 3579; x_wconf 70' lang='lat' dir='ltr'><strong>qum</strong></span> <span class='ocrx_word' id='word_1_240' title='bbox 614 3509 743 3563; x_wconf 83' lang='lat' dir='ltr'><strong>fecit</strong></span> <span class='ocrx_word' id='word_1_241' title='bbox 772 3507 975 3575; x_wconf 82' lang='lat' dir='ltr'><strong>omnia,</strong></span> <span class='ocrx_word' id='word_1_242' title='bbox 1006 3522 1104 3559; x_wconf 76' lang='lat' dir='ltr'><strong>nec</strong></span> <span class='ocrx_word' id='word_1_243' title='bbox 1130 3504 1307 3579; x_wconf 80' lang='lat' dir='ltr'><strong>tamen</strong></span> <span class='ocrx_word' id='word_1_244' title='bbox 1332 3512 1683 3560; x_wconf 78' lang='lat' dir='ltr'><strong>consumetur</strong></span> <span class='ocrx_word' id='word_1_245' title='bbox 1713 3522 1724 3559; x_wconf 91' lang='lat'>:</span> 
     </span>
    </p>
   </div>
   <div class='ocr_carea' id='block_1_45' title="bbox 387 3576 1906 3649">
    <p class='ocr_par' dir='ltr' id='par_1_45' title="bbox 387 3576 1906 3649">
     <span class='ocr_line' id='line_1_45' title="bbox 387 3576 1906 3649; baseline 0.002 -16"><span class='ocrx_word' id='word_1_246' title='bbox 387 3576 537 3649; x_wconf 76' lang='lat' dir='ltr'><strong>juxta</strong></span> <span class='ocrx_word' id='word_1_247' title='bbox 570 3580 965 3635; x_wconf 87' lang='lat' dir='ltr'><strong>multitudinem</strong></span> <span class='ocrx_word' id='word_1_248' title='bbox 996 3576 1446 3632; x_wconf 87' lang='lat' dir='ltr'><strong>adinventionum</strong></span> <span class='ocrx_word' id='word_1_249' title='bbox 1477 3591 1714 3643; x_wconf 89' lang='lat' dir='ltr'><strong>suarum,</strong></span> <span class='ocrx_word' id='word_1_250' title='bbox 1742 3577 1822 3634; x_wconf 90' lang='lat' dir='ltr'><strong>sic</strong></span> <span class='ocrx_word' id='word_1_251' title='bbox 1850 3587 1906 3636; x_wconf 87' lang='lat' dir='ltr'><strong>ct</strong></span> 
     </span>
    </p>
   </div>
   <div class='ocr_carea' id='block_1_46' title="bbox 461 3652 1899 3707">
    <p class='ocr_par' dir='ltr' id='par_1_46' title="bbox 461 3652 1899 3707">
     <span class='ocr_line' id='line_1_46' title="bbox 461 3652 1899 3707; baseline 0.001 -2"><span class='ocrx_word' id='word_1_252' title='bbox 461 3652 768 3707; x_wconf 86' lang='lat' dir='ltr'><strong>sustinebit.</strong></span> <span class='ocrx_word' id='word_1_253' title='bbox 1898 3666 1899 3669; x_wconf 71' lang='lat'>‘</span> 
     </span>
    </p>
   </div>
   <div class='ocr_carea' id='block_1_47' title="bbox 314 3719 1552 3793">
    <p class='ocr_par' dir='ltr' id='par_1_47' title="bbox 314 3719 1552 3793">
     <span class='ocr_line' id='line_1_47' title="bbox 314 3719 1552 3793; baseline -0.002 -17"><span class='ocrx_word' id='word_1_254' title='bbox 314 3723 577 3790; x_wconf 82' lang='lat' dir='ltr'><strong>Quoniam</strong></span> <span class='ocrx_word' id='word_1_255' title='bbox 606 3723 956 3793; x_wconf 87' lang='lat' dir='ltr'><strong>confringens</strong></span> <span class='ocrx_word' id='word_1_256' title='bbox 988 3719 1211 3793; x_wconf 83' lang='lat' dir='ltr'><strong>nudavit</strong></span> <span class='ocrx_word' id='word_1_257' title='bbox 1238 3734 1508 3790; x_wconf 82' lang='lat' dir='ltr'><strong>pauperes</strong></span> <span class='ocrx_word' id='word_1_258' title='bbox 1541 3738 1552 3773; x_wconf 89' lang='lat'>:</span> 
     </span>
    </p>
   </div>
   <div class='ocr_carea' id='block_1_48' title="bbox 384 3791 1537 3864">
    <p class='ocr_par' dir='ltr' id='par_1_48' title="bbox 384 3791 1537 3864">
     <span class='ocr_line' id='line_1_48' title="bbox 384 3791 1537 3864; baseline -0.002 -15"><span class='ocrx_word' id='word_1_259' title='bbox 384 3794 604 3850; x_wconf 87' lang='lat' dir='ltr'><strong>domum</strong></span> <span class='ocrx_word' id='word_1_260' title='bbox 637 3791 844 3864; x_wconf 76' lang='lat' dir='ltr'><strong>rapuit,</strong></span> <span class='ocrx_word' id='word_1_261' title='bbox 867 3802 923 3847; x_wconf 89' lang='lat' dir='ltr'><strong>et</strong></span> <span class='ocrx_word' id='word_1_262' title='bbox 940 3808 1046 3847; x_wconf 90' lang='lat' dir='ltr'><strong>non</strong></span> <span class='ocrx_word' id='word_1_263' title='bbox 1079 3791 1367 3847; x_wconf 75' lang='lat' dir='ltr'><strong>:rditicavit</strong></span> <span class='ocrx_word' id='word_1_264' title='bbox 1395 3808 1537 3849; x_wconf 86' lang='lat' dir='ltr'><strong>eam.</strong></span> 
     </span>
    </p>
   </div>
   <div class='ocr_carea' id='block_1_49' title="bbox 310 3863 1377 3935">
    <p class='ocr_par' dir='ltr' id='par_1_49' title="bbox 310 3863 1377 3935">
     <span class='ocr_line' id='line_1_49' title="bbox 310 3863 1377 3935; baseline -0.005 -14"><span class='ocrx_word' id='word_1_265' title='bbox 310 3865 425 3921; x_wconf 82' lang='lat' dir='ltr'><strong>Nec</strong></span> <span class='ocrx_word' id='word_1_266' title='bbox 445 3876 532 3922; x_wconf 88' lang='lat' dir='ltr'><strong>est</strong></span> <span class='ocrx_word' id='word_1_267' title='bbox 558 3863 785 3921; x_wconf 73' lang='lat' dir='ltr'><strong>satiatus</strong></span> <span class='ocrx_word' id='word_1_268' title='bbox 812 3874 998 3920; x_wconf 90' lang='lat' dir='ltr'><strong>venter</strong></span> <span class='ocrx_word' id='word_1_269' title='bbox 1026 3863 1178 3934; x_wconf 80' lang='lat' dir='ltr'><strong>ejus:</strong></span> <span class='ocrx_word' id='word_1_270' title='bbox 1376 3932 1377 3935; x_wconf 17' lang='grc' dir='ltr'><strong>η</strong></span> 
     </span>
    </p>
   </div>
   <div class='ocr_carea' id='block_1_50' title="bbox 383 3934 1901 4008">
    <p class='ocr_par' dir='ltr' id='par_1_50' title="bbox 383 3934 1901 4008">
     <span class='ocr_line' id='line_1_50' title="bbox 383 3934 1901 4008; baseline -0.001 -15"><span class='ocrx_word' id='word_1_271' title='bbox 383 3948 586 3994; x_wconf 89' lang='lat' dir='ltr'><strong>etcum</strong></span> <span class='ocrx_word' id='word_1_272' title='bbox 622 3937 867 3993; x_wconf 85' lang='lat' dir='ltr'><strong>habuerit</strong></span> <span class='ocrx_word' id='word_1_273' title='bbox 896 3950 1014 4007; x_wconf 67' lang='lat' dir='ltr'><strong>qum</strong></span> <span class='ocrx_word' id='word_1_274' title='bbox 1044 3937 1432 4007; x_wconf 87' lang='lat' dir='ltr'><strong>concupierat,</strong></span> <span class='ocrx_word' id='word_1_275' title='bbox 1467 3934 1752 4008; x_wconf 87' lang='lat' dir='ltr'><strong>possidere</strong></span> <span class='ocrx_word' id='word_1_276' title='bbox 1793 3950 1901 3992; x_wconf 91' lang='lat' dir='ltr'><strong>non</strong></span> 
     </span>
    </p>
   </div>
   <div class='ocr_carea' id='block_1_51' title="bbox 454 4010 669 4081">
    <p class='ocr_par' dir='ltr' id='par_1_51' title="bbox 454 4010 669 4081">
     <span class='ocr_line' id='line_1_51' title="bbox 454 4010 669 4081; baseline 0 -17"><span class='ocrx_word' id='word_1_277' title='bbox 454 4010 669 4081; x_wconf 89' lang='lat' dir='ltr'><strong>poterit.</strong></span> 
     </span>
    </p>
   </div>
   <div class='ocr_carea' id='block_1_52' title="bbox 312 4078 1120 4147">
    <p class='ocr_par' dir='ltr' id='par_1_52' title="bbox 312 4078 1120 4147">
     <span class='ocr_line' id='line_1_52' title="bbox 312 4078 1120 4147; baseline -0.005 -11"><span class='ocrx_word' id='word_1_278' title='bbox 312 4078 426 4137; x_wconf 84' lang='lat' dir='ltr'><strong>Non</strong></span> <span class='ocrx_word' id='word_1_279' title='bbox 451 4078 711 4137; x_wconf 79' lang='lat' dir='ltr'><strong>remansit</strong></span> <span class='ocrx_word' id='word_1_280' title='bbox 736 4081 805 4136; x_wconf 92' lang='lat' dir='ltr'><strong>de</strong></span> <span class='ocrx_word' id='word_1_281' title='bbox 828 4080 948 4134; x_wconf 86' lang='lat' dir='ltr'><strong>cibo</strong></span> <span class='ocrx_word' id='word_1_282' title='bbox 977 4079 1120 4147; x_wconf 85' lang='lat' dir='ltr'><strong>ejus,</strong></span> 
     </span>
    </p>
   </div>
   <div class='ocr_carea' id='block_1_53' title="bbox 386 4150 1729 4225">
    <p class='ocr_par' dir='ltr' id='par_1_53' title="bbox 386 4150 1729 4225">
     <span class='ocr_line' id='line_1_53' title="bbox 386 4150 1729 4225; baseline -0.003 -16"><span class='ocrx_word' id='word_1_283' title='bbox 386 4164 439 4208; x_wconf 90' lang='lat' dir='ltr'><strong>et</strong></span> <span class='ocrx_word' id='word_1_284' title='bbox 467 4163 751 4225; x_wconf 83' lang='lat' dir='ltr'><strong>prepterea</strong></span> <span class='ocrx_word' id='word_1_285' title='bbox 778 4153 914 4208; x_wconf 90' lang='lat' dir='ltr'><strong>nihil</strong></span> <span class='ocrx_word' id='word_1_286' title='bbox 944 4150 1281 4222; x_wconf 86' lang='lat' dir='ltr'><strong>permanebit</strong></span> <span class='ocrx_word' id='word_1_287' title='bbox 1310 4150 1379 4221; x_wconf 79' lang='lat' dir='ltr'><strong>de</strong></span> <span class='ocrx_word' id='word_1_288' title='bbox 1406 4150 1564 4205; x_wconf 89' lang='lat' dir='ltr'><strong>bonis</strong></span> <span class='ocrx_word' id='word_1_289' title='bbox 1591 4150 1729 4222; x_wconf 86' lang='lat' dir='ltr'><strong>ejus.</strong></span> 
     </span>
    </p>
   </div>
   <div class='ocr_carea' id='block_1_54' title="bbox 312 4222 1254 4288">
    <p class='ocr_par' dir='ltr' id='par_1_54' title="bbox 312 4222 1254 4288">
     <span class='ocr_line' id='line_1_54' title="bbox 312 4222 1254 4288; baseline -0.003 -9"><span class='ocrx_word' id='word_1_290' title='bbox 312 4222 445 4280; x_wconf 90' lang='lat' dir='ltr'><strong>Cum</strong></span> <span class='ocrx_word' id='word_1_291' title='bbox 469 4222 692 4281; x_wconf 66' lang='lat' dir='ltr'><strong>satiatos</strong></span> <span class='ocrx_word' id='word_1_292' title='bbox 723 4225 903 4286; x_wconf 82' lang='lat' dir='ltr'><strong>fut-rit,</strong></span> <span class='ocrx_word' id='word_1_293' title='bbox 932 4225 1254 4288; x_wconf 85' lang='lat' dir='ltr'><strong>arctabitur,</strong></span> 
     </span>
    </p>
   </div>
   <div class='ocr_carea' id='block_1_55' title="bbox 380 4293 1896 4371">
    <p class='ocr_par' dir='ltr' id='par_1_55' title="bbox 380 4293 1896 4371">
     <span class='ocr_line' id='line_1_55' title="bbox 380 4293 1896 4371; baseline -0.002 -19"><span class='ocrx_word' id='word_1_294' title='bbox 380 4298 650 4371; x_wconf 70' lang='lat' dir='ltr'><strong>testuabit,</strong></span> <span class='ocrx_word' id='word_1_295' title='bbox 668 4308 731 4371; x_wconf 79' lang='lat' dir='ltr'><strong>et</strong></span> <span class='ocrx_word' id='word_1_296' title='bbox 752 4299 932 4351; x_wconf 89' lang='lat' dir='ltr'><strong>omnis</strong></span> <span class='ocrx_word' id='word_1_297' title='bbox 952 4296 1303 4371; x_wconf 81' lang='lat' dir='ltr'><strong>dol0r_irrttct</strong></span> <span class='ocrx_word' id='word_1_298' title='bbox 1333 4298 1385 4353; x_wconf 91' lang='lat' dir='ltr'><strong>in</strong></span> <span class='ocrx_word' id='word_1_299' title='bbox 1413 4296 1519 4371; x_wconf 78' lang='grc' dir='ltr'><strong>[ΑΙ.</strong></span> <span class='ocrx_word' id='word_1_300' title='bbox 1544 4293 1727 4369; x_wconf 82' lang='lat' dir='ltr'><strong>super]</strong></span> <span class='ocrx_word' id='word_1_301' title='bbox 1752 4311 1896 4351; x_wconf 91' lang='lat' dir='ltr'><strong>eum.</strong></span> 
     </span>
    </p>
   </div>
   <div class='ocr_carea' id='block_1_56' title="bbox 311 4366 1225 4438">
    <p class='ocr_par' dir='ltr' id='par_1_56' title="bbox 311 4366 1225 4438">
     <span class='ocr_line' id='line_1_56' title="bbox 311 4366 1225 4438; baseline -0.004 -14"><span class='ocrx_word' id='word_1_302' title='bbox 311 4366 526 4424; x_wconf 82' lang='lat' dir='ltr'><strong>Utinam</strong></span> <span class='ocrx_word' id='word_1_303' title='bbox 551 4369 843 4438; x_wconf 87' lang='lat' dir='ltr'><strong>impleatur</strong></span> <span class='ocrx_word' id='word_1_304' title='bbox 874 4376 1060 4421; x_wconf 77' lang='lat' dir='ltr'><strong>venter</strong></span> <span class='ocrx_word' id='word_1_305' title='bbox 1090 4367 1225 4436; x_wconf 54' lang='lat' dir='ltr'><strong>ejus,</strong></span> 
     </span>
    </p>
   </div>
   <div class='ocr_carea' id='block_1_57' title="bbox 381 4441 1411 4507">
    <p class='ocr_par' dir='ltr' id='par_1_57' title="bbox 381 4441 1411 4507">
     <span class='ocr_line' id='line_1_57' title="bbox 381 4441 1411 4507; baseline -0.004 -13"><span class='ocrx_word' id='word_1_306' title='bbox 381 4452 437 4495; x_wconf 91' lang='lat' dir='ltr'><strong>ut</strong></span> <span class='ocrx_word' id='word_1_307' title='bbox 465 4441 674 4496; x_wconf 79' lang='lat' dir='ltr'><strong>emittat</strong></span> <span class='ocrx_word' id='word_1_308' title='bbox 695 4441 748 4495; x_wconf 88' lang='lat' dir='ltr'><strong>in</strong></span> <span class='ocrx_word' id='word_1_309' title='bbox 780 4454 900 4495; x_wconf 84' lang='lat' dir='ltr'><strong>cum</strong></span> <span class='ocrx_word' id='word_1_310' title='bbox 925 4442 1057 4491; x_wconf 84' lang='lat' dir='ltr'><strong>iram</strong></span> <span class='ocrx_word' id='word_1_311' title='bbox 1084 4442 1281 4494; x_wconf 85' lang='lat' dir='ltr'><strong>luroris</strong></span> <span class='ocrx_word' id='word_1_312' title='bbox 1308 4442 1411 4507; x_wconf 84' lang='lat' dir='ltr'><strong>sui,</strong></span> 
     </span>
    </p>
   </div>
   <div class='ocr_carea' id='block_1_58' title="bbox 379 4509 1408 4581">
    <p class='ocr_par' dir='ltr' id='par_1_58' title="bbox 379 4509 1408 4581">
     <span class='ocr_line' id='line_1_58' title="bbox 379 4509 1408 4581; baseline 0.002 -16"><span class='ocrx_word' id='word_1_313' title='bbox 379 4522 431 4565; x_wconf 89' lang='lat' dir='ltr'><strong>et</strong></span> <span class='ocrx_word' id='word_1_314' title='bbox 457 4513 608 4580; x_wconf 81' lang='lat' dir='ltr'><strong>pluat</strong></span> <span class='ocrx_word' id='word_1_315' title='bbox 633 4525 797 4581; x_wconf 81' lang='lat' dir='ltr'><strong>Super</strong></span> <span class='ocrx_word' id='word_1_316' title='bbox 818 4511 967 4563; x_wconf 91' lang='lat' dir='ltr'><strong>illum</strong></span> <span class='ocrx_word' id='word_1_317' title='bbox 995 4509 1197 4565; x_wconf 91' lang='lat' dir='ltr'><strong>bellum</strong></span> <span class='ocrx_word' id='word_1_318' title='bbox 1228 4526 1408 4569; x_wconf 91' lang='lat' dir='ltr'><strong>suum.</strong></span> 
     </span>
    </p>
   </div>
   <div class='ocr_carea' id='block_1_59' title="bbox 310 4582 906 4650">
    <p class='ocr_par' dir='ltr' id='par_1_59' title="bbox 310 4582 906 4650">
     <span class='ocr_line' id='line_1_59' title="bbox 310 4582 906 4650; baseline -0.007 -14"><span class='ocrx_word' id='word_1_319' title='bbox 310 4582 503 4650; x_wconf 83' lang='lat' dir='ltr'><strong>Fugiet</strong></span> <span class='ocrx_word' id='word_1_320' title='bbox 530 4594 679 4636; x_wconf 91' lang='lat' dir='ltr'><strong>arma</strong></span> <span class='ocrx_word' id='word_1_321' title='bbox 709 4582 906 4645; x_wconf 86' lang='lat' dir='ltr'><strong>ferrea,</strong></span> 
     </span>
    </p>
   </div>
   <div class='ocr_carea' id='block_1_60' title="bbox 383 4653 1191 4707">
    <p class='ocr_par' dir='ltr' id='par_1_60' title="bbox 383 4653 1191 4707">
     <span class='ocr_line' id='line_1_60' title="bbox 383 4653 1191 4707; baseline -0.004 0"><span class='ocrx_word' id='word_1_322' title='bbox 383 4662 439 4707; x_wconf 87' lang='lat' dir='ltr'><strong>et</strong></span> <span class='ocrx_word' id='word_1_323' title='bbox 467 4653 640 4707; x_wconf 90' lang='lat' dir='ltr'><strong>irruet</strong></span> <span class='ocrx_word' id='word_1_324' title='bbox 666 4653 717 4705; x_wconf 92' lang='lat' dir='ltr'><strong>in</strong></span> <span class='ocrx_word' id='word_1_325' title='bbox 751 4666 933 4706; x_wconf 90' lang='lat' dir='ltr'><strong>arcum</strong></span> <span class='ocrx_word' id='word_1_326' title='bbox 968 4665 1191 4705; x_wconf 74' lang='lat' dir='ltr'><strong>terenm.</strong></span> 
     </span>
    </p>
   </div>
   <div class='ocr_carea' id='block_1_61' title="bbox 311 4722 1846 4798">
    <p class='ocr_par' dir='ltr' id='par_1_61' title="bbox 311 4722 1846 4798">
     <span class='ocr_line' id='line_1_61' title="bbox 311 4722 1846 4798; baseline 0 -18"><span class='ocrx_word' id='word_1_327' title='bbox 311 4724 571 4786; x_wconf 79' lang='lat' dir='ltr'><strong>Eductus,</strong></span> <span class='ocrx_word' id='word_1_328' title='bbox 596 4733 652 4798; x_wconf 83' lang='lat' dir='ltr'><strong>et</strong></span> <span class='ocrx_word' id='word_1_329' title='bbox 679 4723 961 4798; x_wconf 75' lang='lat' dir='ltr'><strong>egrediens</strong></span> <span class='ocrx_word' id='word_1_330' title='bbox 991 4722 1274 4798; x_wconf 77' lang='lat' dir='ltr'><strong>devagina</strong></span> <span class='ocrx_word' id='word_1_331' title='bbox 1303 4738 1422 4792; x_wconf 75' lang='lat' dir='ltr'><strong>sua,</strong></span> <span class='ocrx_word' id='word_1_332' title='bbox 1452 4734 1507 4779; x_wconf 93' lang='lat' dir='ltr'><strong>et</strong></span> <span class='ocrx_word' id='word_1_333' title='bbox 1535 4722 1846 4798; x_wconf 79' lang='lat' dir='ltr'><strong>fulgurans,</strong></span> 
     </span>
    </p>
   </div>
   <div class='ocr_carea' id='block_1_62' title="bbox 383 4794 1225 4850">
    <p class='ocr_par' dir='ltr' id='par_1_62' title="bbox 383 4794 1225 4850">
     <span class='ocr_line' id='line_1_62' title="bbox 383 4794 1225 4850; baseline -0.005 0"><span class='ocrx_word' id='word_1_334' title='bbox 383 4798 434 4850; x_wconf 91' lang='lat' dir='ltr'><strong>in</strong></span> <span class='ocrx_word' id='word_1_335' title='bbox 463 4795 825 4850; x_wconf 84' lang='lat' dir='ltr'><strong>amaritudine</strong></span> <span class='ocrx_word' id='word_1_336' title='bbox 854 4806 948 4848; x_wconf 90' lang='lat' dir='ltr'><strong>sua</strong></span> <span class='ocrx_word' id='word_1_337' title='bbox 978 4794 1120 4848; x_wconf 85' lang='lat' dir='ltr'><strong>vadit</strong></span> <span class='ocrx_word' id='word_1_338' title='bbox 1152 4807 1171 4833; x_wconf 68' lang='grc' dir='ltr'><strong>τ</strong></span> <span class='ocrx_word' id='word_1_339' title='bbox 1212 4811 1225 4846; x_wconf 93' lang='lat'><strong>:</strong></span> 
     </span>
    </p>
   </div>
   <div class='ocr_carea' id='block_1_63' title="bbox 378 4864 1345 4936">
    <p class='ocr_par' dir='ltr' id='par_1_63' title="bbox 378 4864 1345 4936">
     <span class='ocr_line' id='line_1_63' title="bbox 378 4864 1345 4936; baseline -0.004 -13"><span class='ocrx_word' id='word_1_340' title='bbox 378 4878 433 4923; x_wconf 85' lang='lat' dir='ltr'><strong>et</strong></span> <span class='ocrx_word' id='word_1_341' title='bbox 458 4866 682 4923; x_wconf 86' lang='lat' dir='ltr'><strong>venient</strong></span> <span class='ocrx_word' id='word_1_342' title='bbox 704 4881 868 4936; x_wconf 85' lang='lat' dir='ltr'><strong>super</strong></span> <span class='ocrx_word' id='word_1_343' title='bbox 889 4881 1011 4919; x_wconf 88' lang='lat' dir='ltr'><strong>eum</strong></span> <span class='ocrx_word' id='word_1_344' title='bbox 1037 4864 1345 4921; x_wconf 84' lang='lat' dir='ltr'><strong>horribiles.</strong></span> 
     </span>
    </p>
   </div>
   <div class='ocr_carea' id='block_1_64' title="bbox 303 4934 1807 5009">
    <p class='ocr_par' dir='ltr' id='par_1_64' title="bbox 303 4934 1807 5009">
     <span class='ocr_line' id='line_1_64' title="bbox 303 4934 1807 5009; baseline -0.001 -15"><span class='ocrx_word' id='word_1_345' title='bbox 303 4938 506 4994; x_wconf 87' lang='lat' dir='ltr'><strong>Omnes</strong></span> <span class='ocrx_word' id='word_1_346' title='bbox 534 4934 1126 5009; x_wconf 31' lang='lat' dir='ltr'><strong>tenebrar‘absconditte</strong></span> <span class='ocrx_word' id='word_1_347' title='bbox 1153 4949 1277 4993; x_wconf 89' lang='lat' dir='ltr'><strong>sunt</strong></span> <span class='ocrx_word' id='word_1_348' title='bbox 1306 4939 1359 4992; x_wconf 93' lang='lat' dir='ltr'><strong>in</strong></span> <span class='ocrx_word' id='word_1_349' title='bbox 1390 4939 1619 4994; x_wconf 87' lang='lat' dir='ltr'><strong>occultis</strong></span> <span class='ocrx_word' id='word_1_350' title='bbox 1650 4937 1767 5009; x_wconf 90' lang='lat' dir='ltr'><strong>ejus</strong></span> <span class='ocrx_word' id='word_1_351' title='bbox 1796 4958 1807 4993; x_wconf 88' lang='lat'><strong>:</strong></span> 
     </span>
    </p>
   </div>
   <div class='ocr_carea' id='block_1_65' title="bbox 375 5008 1673 5079">
    <p class='ocr_par' dir='ltr' id='par_1_65' title="bbox 375 5008 1673 5079">
     <span class='ocr_line' id='line_1_65' title="bbox 375 5008 1673 5079; baseline 0.001 -15"><span class='ocrx_word' id='word_1_352' title='bbox 375 5010 658 5066; x_wconf 87' lang='lat' dir='ltr'><strong>devorabit</strong></span> <span class='ocrx_word' id='word_1_353' title='bbox 688 5026 810 5064; x_wconf 89' lang='lat' dir='ltr'><strong>eum</strong></span> <span class='ocrx_word' id='word_1_354' title='bbox 843 5008 1002 5079; x_wconf 86' lang='lat' dir='ltr'><strong>ignis,</strong></span> <span class='ocrx_word' id='word_1_355' title='bbox 1033 5010 1120 5079; x_wconf 88' lang='lat' dir='ltr'><strong>qui</strong></span> <span class='ocrx_word' id='word_1_356' title='bbox 1152 5026 1257 5063; x_wconf 89' lang='lat' dir='ltr'><strong>non</strong></span> <span class='ocrx_word' id='word_1_357' title='bbox 1287 5012 1673 5078; x_wconf 82' lang='lat' dir='ltr'><strong>succenditur;</strong></span> 
     </span>
    </p>
   </div>
   <div class='ocr_carea' id='block_1_66' title="bbox 374 5081 1493 5151">
    <p class='ocr_par' dir='ltr' id='par_1_66' title="bbox 374 5081 1493 5151">
     <span class='ocr_line' id='line_1_66' title="bbox 374 5081 1493 5151; baseline 0.001 -14"><span class='ocrx_word' id='word_1_358' title='bbox 374 5083 640 5151; x_wconf 70' lang='lat' dir='ltr'><strong>adligetur</strong></span> <span class='ocrx_word' id='word_1_359' title='bbox 663 5081 887 5136; x_wconf 62' lang='lat' dir='ltr'><strong>relictus</strong></span> <span class='ocrx_word' id='word_1_360' title='bbox 917 5084 965 5134; x_wconf 88' lang='lat' dir='ltr'><strong>in</strong></span> <span class='ocrx_word' id='word_1_361' title='bbox 994 5084 1341 5136; x_wconf 87' lang='lat' dir='ltr'><strong>tabernaculo</strong></span> <span class='ocrx_word' id='word_1_362' title='bbox 1370 5098 1493 5138; x_wconf 88' lang='lat' dir='ltr'><strong>suo.</strong></span> 
     </span>
    </p>
   </div>
   <div class='ocr_carea' id='block_1_67' title="bbox 303 5150 1329 5224">
    <p class='ocr_par' dir='ltr' id='par_1_67' title="bbox 303 5150 1329 5224">
     <span class='ocr_line' id='line_1_67' title="bbox 303 5150 1329 5224; baseline 0.001 -17"><span class='ocrx_word' id='word_1_363' title='bbox 303 5150 640 5209; x_wconf 67' lang='lat' dir='ltr'><strong>Revelabtmt</strong></span> <span class='ocrx_word' id='word_1_364' title='bbox 667 5153 790 5208; x_wconf 74' lang='grc' dir='ltr'><strong>οωιὶ</strong></span> <span class='ocrx_word' id='word_1_365' title='bbox 821 5151 1158 5224; x_wconf 68' lang='lat' dir='ltr'><strong>iniquitatem</strong></span> <span class='ocrx_word' id='word_1_366' title='bbox 1192 5155 1329 5224; x_wconf 86' lang='lat' dir='ltr'><strong>ejus,</strong></span> 
     </span>
    </p>
   </div>
   <div class='ocr_carea' id='block_1_68' title="bbox 370 5266 1898 5341">
    <p class='ocr_par' dir='ltr' id='par_1_68' title="bbox 370 5266 1898 5341">
     <span class='ocr_line' id='line_1_68' title="bbox 370 5266 1898 5341; baseline 0 -18"><span class='ocrx_word' id='word_1_367' title='bbox 370 5278 393 5305; x_wconf 80' lang='grc'><strong><em>⁸</em></strong></span> <span class='ocrx_word' id='word_1_368' title='bbox 419 5266 523 5341; x_wconf 90' lang='lat' dir='ltr'><strong>llic</strong></span> <span class='ocrx_word' id='word_1_369' title='bbox 539 5266 812 5337; x_wconf 88' lang='lat' dir='ltr'><strong>subjuugit</strong></span> <span class='ocrx_word' id='word_1_370' title='bbox 824 5266 947 5341; x_wconf 74' lang='lat' dir='ltr'><strong>cod.</strong></span> <span class='ocrx_word' id='word_1_371' title='bbox 976 5268 1204 5341; x_wconf 71' lang='lat' dir='ltr'><strong>Palatio.</strong></span> <span class='ocrx_word' id='word_1_372' title='bbox 1226 5282 1389 5341; x_wconf 78' lang='lat' dir='ltr'><strong>voces</strong></span> <span class='ocrx_word' id='word_1_373' title='bbox 1402 5279 1452 5321; x_wconf 71' lang='lat' dir='ltr'><strong>et</strong></span> <span class='ocrx_word' id='word_1_374' title='bbox 1470 5282 1581 5341; x_wconf 12' lang='lat' dir='ltr'><strong>non,</strong></span> <span class='ocrx_word' id='word_1_375' title='bbox 1596 5267 1763 5341; x_wconf 69' lang='lat' dir='ltr'><strong>aliut,</strong></span> <span class='ocrx_word' id='word_1_376' title='bbox 1776 5283 1898 5338; x_wconf 70' lang='lat' dir='ltr'><strong>quo</strong></span> 
     </span>
    </p>
   </div>
   <div class='ocr_carea' id='block_1_69' title="bbox 304 5338 1897 5411">
    <p class='ocr_par' dir='ltr' id='par_1_69' title="bbox 304 5338 1897 5411">
     <span class='ocr_line' id='line_1_69' title="bbox 304 5338 1897 5411; baseline -0.001 -16"><span class='ocrx_word' id='word_1_377' title='bbox 304 5341 484 5411; x_wconf 75' lang='lat' dir='ltr'><strong>verius</strong></span> <span class='ocrx_word' id='word_1_378' title='bbox 510 5340 663 5410; x_wconf 75' lang='lat' dir='ltr'><strong>juxta</strong></span> <span class='ocrx_word' id='word_1_379' title='bbox 702 5338 994 5410; x_wconf 71' lang='lat' dir='ltr'><strong>originale:</strong></span> <span class='ocrx_word' id='word_1_380' title='bbox 1026 5338 1191 5395; x_wconf 83' lang='lat' dir='ltr'><strong>libros</strong></span> <span class='ocrx_word' id='word_1_381' title='bbox 1236 5338 1587 5411; x_wconf 70' lang='lat' dir='ltr'><strong>subsequenri</strong></span> <span class='ocrx_word' id='word_1_382' title='bbox 1625 5340 1897 5394; x_wconf 61' lang='lat' dir='ltr'><strong>versiculo</strong></span> 
     </span>
    </p>
   </div>
   <div class='ocr_carea' id='block_1_70' title="bbox 304 5410 1893 5539">
    <p class='ocr_par' dir='ltr' id='par_1_70' title="bbox 304 5410 1893 5539">
     <span class='ocr_line' id='line_1_70' title="bbox 304 5410 1893 5539; baseline 0.004 -4"><span class='ocrx_word' id='word_1_383' title='bbox 304 5410 694 5537; x_wconf 41' lang='lat' dir='ltr'><strong>adimitis“</strong></span> <span class='ocrx_word' id='word_1_384' title='bbox 722 5479 928 5536; x_wconf 72' lang='lat' dir='ltr'><strong>rectius</strong></span> <span class='ocrx_word' id='word_1_385' title='bbox 957 5482 1100 5537; x_wconf 86' lang='lat' dir='ltr'><strong>idem</strong></span> <span class='ocrx_word' id='word_1_386' title='bbox 1138 5483 1310 5539; x_wconf 68' lang='lat' dir='ltr'><strong>Palat.</strong></span> <span class='ocrx_word' id='word_1_387' title='bbox 1364 5495 1464 5536; x_wconf 86' lang='lat' dir='ltr'><strong>ms.</strong></span> <span class='ocrx_word' id='word_1_388' title='bbox 1492 5491 1539 5536; x_wconf 87' lang='lat' dir='ltr'><strong>et</strong></span> <span class='ocrx_word' id='word_1_389' title='bbox 1565 5481 1695 5535; x_wconf 79' lang='lat' dir='ltr'><strong>mihi</strong></span> <span class='ocrx_word' id='word_1_390' title='bbox 1733 5499 1893 5537; x_wconf 71' lang='lat' dir='ltr'><strong>metis.</strong></span> 
     </span>
    </p>
   </div>
   <div class='ocr_carea' id='block_1_71' title="bbox 301 5556 1899 5636">
    <p class='ocr_par' dir='ltr' id='par_1_71' title="bbox 301 5556 1899 5636">
     <span class='ocr_line' id='line_1_71' title="bbox 301 5556 1899 5636; baseline -0.002 -26"><span class='ocrx_word' id='word_1_391' title='bbox 301 5556 562 5636; x_wconf 69' lang='lat' dir='ltr'><strong>llebrmus</strong></span> <span class='ocrx_word' id='word_1_392' title='bbox 604 5568 819 5625; x_wconf 85' lang='lat' dir='ltr'><strong>quoque</strong></span> <span class='ocrx_word' id='word_1_393' title='bbox 862 5562 1020 5623; x_wconf 65' lang='lat' dir='ltr'><strong>tam,</strong></span> <span class='ocrx_word' id='word_1_394' title='bbox 1064 5556 1207 5624; x_wconf 91' lang='lat' dir='ltr'><strong>quod</strong></span> <span class='ocrx_word' id='word_1_395' title='bbox 1237 5567 1343 5623; x_wconf 87' lang='lat' dir='ltr'><strong>est,</strong></span> <span class='ocrx_word' id='word_1_396' title='bbox 1373 5570 1553 5609; x_wconf 71' lang='lat' dir='ltr'><strong>sensus</strong></span> <span class='ocrx_word' id='word_1_397' title='bbox 1582 5556 1698 5610; x_wconf 81' lang='lat' dir='ltr'><strong>sive</strong></span> <span class='ocrx_word' id='word_1_398' title='bbox 1722 5571 1899 5627; x_wconf 79' lang='lat' dir='ltr'><strong>prom-</strong></span> 
     </span>
    </p>
   </div>
   <div class='ocr_carea' id='block_1_72' title="bbox 300 5629 1898 5768">
    <p class='ocr_par' dir='ltr' id='par_1_72' title="bbox 300 5629 1898 5768">
     <span class='ocr_line' id='line_1_72' title="bbox 300 5629 1771 5698; baseline 0 -19"><span class='ocrx_word' id='word_1_399' title='bbox 300 5629 503 5698; x_wconf 75' lang='lat' dir='ltr'><strong>ptiiudo</strong></span> <span class='ocrx_word' id='word_1_400' title='bbox 520 5641 651 5679; x_wconf 70' lang='lat' dir='ltr'><strong>mea.</strong></span> <span class='ocrx_word' id='word_1_401' title='bbox 1032 5694 1035 5697; x_wconf 94' lang='lat'><em>_</em></span> <span class='ocrx_word' id='word_1_402' title='bbox 1770 5694 1771 5697; x_wconf 17' lang='grc' dir='ltr'><strong>η</strong></span> 
     </span>
     <span class='ocr_line' id='line_1_73' title="bbox 376 5695 1898 5768; baseline 0 -17"><span class='ocrx_word' id='word_1_403' title='bbox 376 5708 396 5735; x_wconf 75' lang='grc' dir='ltr'><strong><em>ο</em></strong></span> <span class='ocrx_word' id='word_1_404' title='bbox 431 5697 608 5751; x_wconf 81' lang='lat' dir='ltr'><strong>Nostri</strong></span> <span class='ocrx_word' id='word_1_405' title='bbox 631 5702 823 5751; x_wconf 74' lang='lat' dir='ltr'><strong>omnes</strong></span> <span class='ocrx_word' id='word_1_406' title='bbox 850 5696 1061 5767; x_wconf 61' lang='lat' dir='ltr'><strong>ip~ique</strong></span> <span class='ocrx_word' id='word_1_407' title='bbox 1092 5697 1289 5768; x_wconf 77' lang='lat' dir='ltr'><strong>vulgati</strong></span> <span class='ocrx_word' id='word_1_408' title='bbox 1315 5697 1407 5752; x_wconf 81' lang='lat' dir='ltr'><strong>lib.</strong></span> <span class='ocrx_word' id='word_1_409' title='bbox 1430 5695 1637 5750; x_wconf 79' lang='lat' dir='ltr'><strong>habent</strong></span> <span class='ocrx_word' id='word_1_410' title='bbox 1668 5697 1898 5765; x_wconf 85' lang='lat' dir='ltr'><strong>plurium</strong></span> 
     </span>
    </p>
   </div>
   <div class='ocr_carea' id='block_1_73' title="bbox 208 5768 1901 5838">
    <p class='ocr_par' dir='ltr' id='par_1_73' title="bbox 208 5768 1901 5838">
     <span class='ocr_line' id='line_1_74' title="bbox 208 5768 1901 5838; baseline -0.001 -15"><span class='ocrx_word' id='word_1_411' title='bbox 208 5778 213 5783; x_wconf 87' lang='lat'>&#39;</span> <span class='ocrx_word' id='word_1_412' title='bbox 300 5785 528 5823; x_wconf 86' lang='lat' dir='ltr'><strong>numero</strong></span> <span class='ocrx_word' id='word_1_413' title='bbox 574 5770 757 5822; x_wconf 82' lang='lat' dir='ltr'><strong>radcnt</strong></span> <span class='ocrx_word' id='word_1_414' title='bbox 802 5771 979 5838; x_wconf 81' lang='lat' dir='ltr'><strong>:quin</strong></span> <span class='ocrx_word' id='word_1_415' title='bbox 1010 5773 1171 5833; x_wconf 75' lang='lat' dir='ltr'><strong>ciiam</strong></span> <span class='ocrx_word' id='word_1_416' title='bbox 1210 5772 1277 5822; x_wconf 84' lang='lat' dir='ltr'><strong>ab</strong></span> <span class='ocrx_word' id='word_1_417' title='bbox 1309 5768 1412 5823; x_wconf 86' lang='lat' dir='ltr'><strong>hoc</strong></span> <span class='ocrx_word' id='word_1_418' title='bbox 1443 5769 1606 5823; x_wconf 83' lang='lat' dir='ltr'><strong>verbo</strong></span> <span class='ocrx_word' id='word_1_419' title='bbox 1650 5772 1901 5823; x_wconf 81' lang='lat' dir='ltr'><strong>isocolon</strong></span> 
     </span>
    </p>
   </div>
   <div class='ocr_carea' id='block_1_74' title="bbox 296 5840 1901 5909">
    <p class='ocr_par' dir='ltr' id='par_1_74' title="bbox 296 5840 1901 5909">
     <span class='ocr_line' id='line_1_75' title="bbox 296 5840 1901 5909; baseline 0.004 -18"><span class='ocrx_word' id='word_1_420' title='bbox 296 5842 440 5907; x_wconf 75' lang='lat' dir='ltr'><strong>quod</strong></span> <span class='ocrx_word' id='word_1_421' title='bbox 476 5840 854 5909; x_wconf 77' lang='lat' dir='ltr'><strong>subsequitur,</strong></span> <span class='ocrx_word' id='word_1_422' title='bbox 900 5848 996 5893; x_wconf 74' lang='lat' dir='ltr'><strong>seu</strong></span> <span class='ocrx_word' id='word_1_423' title='bbox 1032 5842 1356 5895; x_wconf 86' lang='lat' dir='ltr'><strong>versiculum</strong></span> <span class='ocrx_word' id='word_1_424' title='bbox 1411 5842 1684 5895; x_wconf 78' lang='lat' dir='ltr'><strong>inclinant.</strong></span> <span class='ocrx_word' id='word_1_425' title='bbox 1735 5842 1901 5897; x_wconf 87' lang='lat' dir='ltr'><strong>llcbr.</strong></span> 
     </span>
    </p>
   </div>
   <div class='ocr_carea' id='block_1_75' title="bbox 296 5912 1905 5985">
    <p class='ocr_par' dir='ltr' id='par_1_75' title="bbox 296 5912 1905 5985">
     <span class='ocr_line' id='line_1_76' title="bbox 296 5912 1905 5985; baseline 0 -14"><span class='ocrx_word' id='word_1_426' title='bbox 296 5912 406 5971; x_wconf 83' lang='lat' dir='ltr'><strong>hac</strong></span> <span class='ocrx_word' id='word_1_427' title='bbox 452 5914 935 5969; x_wconf 83' lang='lat' dir='ltr'><strong>circumlocutione</strong></span> <span class='ocrx_word' id='word_1_428' title='bbox 959 5924 1068 5968; x_wconf 87' lang='lat' dir='ltr'><strong>non</strong></span> <span class='ocrx_word' id='word_1_429' title='bbox 1101 5916 1292 5985; x_wconf 87' lang='lat' dir='ltr'><strong>utitur,</strong></span> <span class='ocrx_word' id='word_1_430' title='bbox 1326 5926 1391 5968; x_wconf 82' lang='lat' dir='ltr'><strong>ac</strong></span> <span class='ocrx_word' id='word_1_431' title='bbox 1423 5913 1644 5984; x_wconf 84' lang='lat' dir='ltr'><strong>prOpric</strong></span> <span class='ocrx_word' id='word_1_432' title='bbox 1674 5914 1905 5971; x_wconf 78' lang='lat' dir='ltr'><strong>verbum</strong></span> 
     </span>
    </p>
   </div>
   <div class='ocr_carea' id='block_1_76' title="bbox 1674 314 2150 377">
    <p class='ocr_par' dir='ltr' id='par_1_76' title="bbox 1674 314 2150 377">
     <span class='ocr_line' id='line_1_77' title="bbox 1674 314 2150 377; baseline 0.017 -8"><span class='ocrx_word' id='word_1_433' title='bbox 1674 364 1679 369; x_wconf 83' lang='lat'><strong>.</strong></span> <span class='ocrx_word' id='word_1_434' title='bbox 1766 317 1971 376; x_wconf 78' lang='lat' dir='ltr'><strong>LIBER</strong></span> <span class='ocrx_word' id='word_1_435' title='bbox 2007 314 2150 377; x_wconf 79' lang='lat' dir='ltr'><strong>JOB.</strong></span> 
     </span>
    </p>
   </div>
   <div class='ocr_carea' id='block_1_77' title="bbox 1944 440 1999 499">
    <p class='ocr_par' dir='ltr' id='par_1_77' title="bbox 1944 440 1999 499">
     <span class='ocr_line' id='line_1_78' title="bbox 1944 440 1999 499; baseline 0 0"><span class='ocrx_word' id='word_1_436' title='bbox 1944 440 1999 499; x_wconf 83' lang='grc' dir='ltr'>Α</span> 
     </span>
    </p>
   </div>
   <div class='ocr_carea' id='block_1_78' title="bbox 3456 326 3620 395">
    <p class='ocr_par' dir='ltr' id='par_1_78' title="bbox 3456 326 3620 395">
     <span class='ocr_line' id='line_1_79' title="bbox 3456 326 3620 395; baseline -0.012 -10"><span class='ocrx_word' id='word_1_437' title='bbox 3456 326 3620 395; x_wconf 47' lang='grc' dir='ltr'>νιιοξ</span> 
     </span>
    </p>
   </div>
   <div class='ocr_carea' id='block_1_79' title="bbox 2096 435 3085 504">
    <p class='ocr_par' dir='ltr' id='par_1_79' title="bbox 2096 435 3085 504">
     <span class='ocr_line' id='line_1_80' title="bbox 2096 435 3085 504; baseline 0 -10"><span class='ocrx_word' id='word_1_438' title='bbox 2096 448 2151 494; x_wconf 90' lang='lat' dir='ltr'><strong>et</strong></span> <span class='ocrx_word' id='word_1_439' title='bbox 2176 446 2317 492; x_wconf 88' lang='lat' dir='ltr'><strong>terra</strong></span> <span class='ocrx_word' id='word_1_440' title='bbox 2346 444 2639 504; x_wconf 78' lang='lat' dir='ltr'><strong>consurget</strong></span> <span class='ocrx_word' id='word_1_441' title='bbox 2659 435 2917 492; x_wconf 82' lang='lat' dir='ltr'><strong>adversus</strong></span> <span class='ocrx_word' id='word_1_442' title='bbox 2941 451 3085 494; x_wconf 85' lang='lat' dir='ltr'><strong>eum.</strong></span> 
     </span>
    </p>
   </div>
   <div class='ocr_carea' id='block_1_80' title="bbox 2023 508 3056 579">
    <p class='ocr_par' dir='ltr' id='par_1_80' title="bbox 2023 508 3056 579">
     <span class='ocr_line' id='line_1_81' title="bbox 2023 508 3056 579; baseline 0 -14"><span class='ocrx_word' id='word_1_443' title='bbox 2023 509 2285 578; x_wconf 84' lang='lat' dir='ltr'><strong>Apertum</strong></span> <span class='ocrx_word' id='word_1_444' title='bbox 2311 510 2403 563; x_wconf 69' lang='lat' dir='ltr'><strong>erit</strong></span> <span class='ocrx_word' id='word_1_445' title='bbox 2430 525 2650 578; x_wconf 64' lang='lat' dir='ltr'><strong>germen</strong></span> <span class='ocrx_word' id='word_1_446' title='bbox 2680 508 2872 563; x_wconf 88' lang='lat' dir='ltr'><strong>domus</strong></span> <span class='ocrx_word' id='word_1_447' title='bbox 2895 509 3056 579; x_wconf 90' lang='lat' dir='ltr'><strong>illius,</strong></span> 
     </span>
    </p>
   </div>
   <div class='ocr_carea' id='block_1_81' title="bbox 2092 579 2985 637">
    <p class='ocr_par' dir='ltr' id='par_1_81' title="bbox 2092 579 2985 637">
     <span class='ocr_line' id='line_1_82' title="bbox 2092 579 2985 637; baseline -0.002 -1"><span class='ocrx_word' id='word_1_448' title='bbox 2092 581 2412 637; x_wconf 85' lang='lat' dir='ltr'><strong>detrahetur</strong></span> <span class='ocrx_word' id='word_1_449' title='bbox 2441 582 2491 634; x_wconf 91' lang='lat' dir='ltr'><strong>in</strong></span> <span class='ocrx_word' id='word_1_450' title='bbox 2517 579 2607 635; x_wconf 89' lang='lat' dir='ltr'><strong>die</strong></span> <span class='ocrx_word' id='word_1_451' title='bbox 2636 581 2837 635; x_wconf 77' lang='lat' dir='ltr'><strong>furoris</strong></span> <span class='ocrx_word' id='word_1_452' title='bbox 2869 580 2985 636; x_wconf 54' lang='lat' dir='ltr'><strong>Di-i.</strong></span> 
     </span>
    </p>
   </div>
   <div class='ocr_carea' id='block_1_82' title="bbox 2018 652 3073 720">
    <p class='ocr_par' dir='ltr' id='par_1_82' title="bbox 2018 652 3073 720">
     <span class='ocr_line' id='line_1_83' title="bbox 2018 652 3073 720; baseline -0.003 -11"><span class='ocrx_word' id='word_1_453' title='bbox 2018 652 2149 709; x_wconf 64' lang='lat' dir='ltr'><strong>Haec</strong></span> <span class='ocrx_word' id='word_1_454' title='bbox 2178 665 2261 707; x_wconf 88' lang='lat' dir='ltr'><strong>est</strong></span> <span class='ocrx_word' id='word_1_455' title='bbox 2294 667 2417 720; x_wconf 89' lang='lat' dir='ltr'><strong>pars</strong></span> <span class='ocrx_word' id='word_1_456' title='bbox 2446 652 2680 706; x_wconf 89' lang='lat' dir='ltr'><strong>hominis</strong></span> <span class='ocrx_word' id='word_1_457' title='bbox 2705 652 2853 719; x_wconf 81' lang='lat' dir='ltr'><strong>impii</strong></span> <span class='ocrx_word' id='word_1_458' title='bbox 2879 668 2909 706; x_wconf 90' lang='lat' dir='ltr'><strong>a</strong></span> <span class='ocrx_word' id='word_1_459' title='bbox 2943 653 3073 718; x_wconf 89' lang='lat' dir='ltr'><strong>Deo,</strong></span> 
     </span>
    </p>
   </div>
   <div class='ocr_carea' id='block_1_83' title="bbox 2090 722 3262 793">
    <p class='ocr_par' dir='ltr' id='par_1_83' title="bbox 2090 722 3262 793">
     <span class='ocr_line' id='line_1_84' title="bbox 2090 722 3262 793; baseline 0.002 -12"><span class='ocrx_word' id='word_1_460' title='bbox 2090 734 2145 781; x_wconf 90' lang='lat' dir='ltr'><strong>et</strong></span> <span class='ocrx_word' id='word_1_461' title='bbox 2172 723 2461 791; x_wconf 61' lang='lat' dir='ltr'><strong>hereditas</strong></span> <span class='ocrx_word' id='word_1_462' title='bbox 2489 725 2776 778; x_wconf 75' lang='lat' dir='ltr'><strong>verborum</strong></span> <span class='ocrx_word' id='word_1_463' title='bbox 2806 722 2923 793; x_wconf 83' lang='lat' dir='ltr'><strong>eius</strong></span> <span class='ocrx_word' id='word_1_464' title='bbox 2954 741 2983 780; x_wconf 82' lang='lat' dir='ltr'><strong>a</strong></span> <span class='ocrx_word' id='word_1_465' title='bbox 3008 724 3262 785; x_wconf 89' lang='lat' dir='ltr'><strong>Domino.</strong></span> 
     </span>
    </p>
   </div>
   <div class='ocr_carea' id='block_1_84' title="bbox 2365 848 3253 906">
    <p class='ocr_par' dir='ltr' id='par_1_84' title="bbox 2365 848 3253 906">
     <span class='ocr_line' id='line_1_85' title="bbox 2365 848 3253 906; baseline 0.007 -17"><span class='ocrx_word' id='word_1_466' title='bbox 2365 848 2699 892; x_wconf 71' lang='lat' dir='ltr'><strong>RESPOIDENS</strong></span> <span class='ocrx_word' id='word_1_467' title='bbox 2727 850 2906 891; x_wconf 72' lang='grc' dir='ltr'><strong>ΔΗΤΕΙ</strong></span> <span class='ocrx_word' id='word_1_468' title='bbox 2933 848 3046 906; x_wconf 75' lang='grc' dir='ltr'><strong>ΙΟΒ,</strong></span> <span class='ocrx_word' id='word_1_469' title='bbox 3068 853 3215 895; x_wconf 65' lang='grc' dir='ltr'>ιδιιιτ</span> <span class='ocrx_word' id='word_1_470' title='bbox 3240 858 3253 894; x_wconf 76' lang='grc' dir='ltr'><strong>Ξ</strong></span> 
     </span>
    </p>
   </div>
   <div class='ocr_carea' id='block_1_85' title="bbox 2015 924 3366 1009">
    <p class='ocr_par' dir='ltr' id='par_1_85' title="bbox 2015 924 3366 1009">
     <span class='ocr_line' id='line_1_86' title="bbox 2015 924 3366 1009; baseline 0.009 -28"><span class='ocrx_word' id='word_1_471' title='bbox 2015 924 2173 1009; x_wconf 70' lang='grc' dir='ltr'><strong>[ϐαρ.</strong></span> <span class='ocrx_word' id='word_1_472' title='bbox 2206 924 2376 1009; x_wconf 58' lang='lat' dir='ltr'><strong>XXIJ</strong></span> <span class='ocrx_word' id='word_1_473' title='bbox 2409 927 2623 1009; x_wconf 68' lang='lat' dir='ltr'><strong>Audite,</strong></span> <span class='ocrx_word' id='word_1_474' title='bbox 2649 942 2856 998; x_wconf 80' lang='lat' dir='ltr'><strong>quaeso,</strong></span> <span class='ocrx_word' id='word_1_475' title='bbox 2881 943 3166 989; x_wconf 77' lang='lat' dir='ltr'><strong>sermones</strong></span> <span class='ocrx_word' id='word_1_476' title='bbox 3196 947 3366 1005; x_wconf 72' lang='lat' dir='ltr'><strong>meos,</strong></span> 
     </span>
    </p>
   </div>
   <div class='ocr_carea' id='block_1_86' title="bbox 2090 1000 2739 1068">
    <p class='ocr_par' dir='ltr' id='par_1_86' title="bbox 2090 1000 2739 1068">
     <span class='ocr_line' id='line_1_87' title="bbox 2090 1000 2739 1068; baseline 0 -16"><span class='ocrx_word' id='word_1_477' title='bbox 2090 1006 2145 1053; x_wconf 92' lang='lat' dir='ltr'><strong>et</strong></span> <span class='ocrx_word' id='word_1_478' title='bbox 2174 1000 2313 1068; x_wconf 90' lang='lat' dir='ltr'><strong>agite</strong></span> <span class='ocrx_word' id='word_1_479' title='bbox 2345 1000 2739 1068; x_wconf 65' lang='lat' dir='ltr'><strong>paenitentiam.</strong></span> 
     </span>
    </p>
   </div>
   <div class='ocr_carea' id='block_1_87' title="bbox 2016 1068 2889 1142">
    <p class='ocr_par' dir='ltr' id='par_1_87' title="bbox 2016 1068 2889 1142">
     <span class='ocr_line' id='line_1_88' title="bbox 2016 1068 2889 1142; baseline 0.002 -18"><span class='ocrx_word' id='word_1_480' title='bbox 2016 1068 2294 1125; x_wconf 76' lang='lat' dir='ltr'><strong>Sustinete</strong></span> <span class='ocrx_word' id='word_1_481' title='bbox 2324 1085 2433 1133; x_wconf 85' lang='lat' dir='ltr'><strong>me,</strong></span> <span class='ocrx_word' id='word_1_482' title='bbox 2459 1080 2512 1125; x_wconf 88' lang='lat' dir='ltr'><strong>et</strong></span> <span class='ocrx_word' id='word_1_483' title='bbox 2541 1086 2641 1142; x_wconf 85' lang='lat' dir='ltr'><strong>ego</strong></span> <span class='ocrx_word' id='word_1_484' title='bbox 2673 1072 2889 1141; x_wconf 78' lang='lat' dir='ltr'><strong>loquar;</strong></span> 
     </span>
    </p>
   </div>
   <div class='ocr_carea' id='block_1_88' title="bbox 2087 1142 3279 1212">
    <p class='ocr_par' dir='ltr' id='par_1_88' title="bbox 2087 1142 3279 1212">
     <span class='ocr_line' id='line_1_89' title="bbox 2087 1142 3279 1212; baseline 0.008 -17"><span class='ocrx_word' id='word_1_485' title='bbox 2087 1149 2144 1195; x_wconf 90' lang='lat' dir='ltr'><strong>et</strong></span> <span class='ocrx_word' id='word_1_486' title='bbox 2172 1151 2291 1210; x_wconf 91' lang='lat' dir='ltr'><strong>post</strong></span> <span class='ocrx_word' id='word_1_487' title='bbox 2312 1157 2454 1210; x_wconf 87' lang='lat' dir='ltr'><strong>mea,</strong></span> <span class='ocrx_word' id='word_1_488' title='bbox 2481 1143 2524 1197; x_wconf 90' lang='lat' dir='ltr'><strong>si</strong></span> <span class='ocrx_word' id='word_1_489' title='bbox 2549 1142 2842 1210; x_wconf 85' lang='lat' dir='ltr'><strong>videbitur,</strong></span> <span class='ocrx_word' id='word_1_490' title='bbox 2869 1144 3058 1212; x_wconf 82' lang='lat' dir='ltr'><strong>verba,</strong></span> <span class='ocrx_word' id='word_1_491' title='bbox 3089 1148 3279 1205; x_wconf 89' lang='lat' dir='ltr'><strong>ridete.</strong></span> 
     </span>
    </p>
   </div>
   <div class='ocr_carea' id='block_1_89' title="bbox 2015 1209 3419 1289">
    <p class='ocr_par' dir='ltr' id='par_1_89' title="bbox 2015 1209 3419 1289">
     <span class='ocr_line' id='line_1_90' title="bbox 2015 1209 3419 1289; baseline 0.009 -22"><span class='ocrx_word' id='word_1_492' title='bbox 2015 1209 2501 1289; x_wconf 74' lang='lat' dir='ltr'><strong>Numquidcontra</strong></span> <span class='ocrx_word' id='word_1_493' title='bbox 2530 1214 2803 1289; x_wconf 73' lang='lat' dir='ltr'><strong>hominem</strong></span> <span class='ocrx_word' id='word_1_494' title='bbox 2836 1209 3133 1285; x_wconf 81' lang='lat' dir='ltr'><strong>disputatio</strong></span> <span class='ocrx_word' id='word_1_495' title='bbox 3164 1236 3283 1278; x_wconf 86' lang='lat' dir='ltr'><strong>mea</strong></span> <span class='ocrx_word' id='word_1_496' title='bbox 3312 1232 3419 1289; x_wconf 88' lang='lat' dir='ltr'><strong>est,</strong></span> 
     </span>
    </p>
   </div>
   <div class='ocr_carea' id='block_1_90' title="bbox 2090 1284 3165 1346">
    <p class='ocr_par' dir='ltr' id='par_1_90' title="bbox 2090 1284 3165 1346">
     <span class='ocr_line' id='line_1_91' title="bbox 2090 1284 3165 1346; baseline 0.008 -9"><span class='ocrx_word' id='word_1_497' title='bbox 2090 1294 2147 1337; x_wconf 93' lang='lat' dir='ltr'><strong>ut</strong></span> <span class='ocrx_word' id='word_1_498' title='bbox 2176 1286 2369 1340; x_wconf 91' lang='lat' dir='ltr'><strong>merito</strong></span> <span class='ocrx_word' id='word_1_499' title='bbox 2401 1302 2505 1341; x_wconf 92' lang='lat' dir='ltr'><strong>non</strong></span> <span class='ocrx_word' id='word_1_500' title='bbox 2535 1284 2761 1340; x_wconf 86' lang='lat' dir='ltr'><strong>debeam</strong></span> <span class='ocrx_word' id='word_1_501' title='bbox 2789 1284 3165 1346; x_wconf 78' lang='lat' dir='ltr'><strong>constriSIari?</strong></span> 
     </span>
    </p>
   </div>
   <div class='ocr_carea' id='block_1_91' title="bbox 2012 1356 2926 1428">
    <p class='ocr_par' dir='ltr' id='par_1_91' title="bbox 2012 1356 2926 1428">
     <span class='ocr_line' id='line_1_92' title="bbox 2012 1356 2926 1428; baseline 0.003 -17"><span class='ocrx_word' id='word_1_502' title='bbox 2012 1356 2293 1412; x_wconf 67' lang='lat' dir='ltr'><strong>‘Allellflllc</strong></span> <span class='ocrx_word' id='word_1_503' title='bbox 2322 1372 2428 1427; x_wconf 87' lang='lat' dir='ltr'><strong>me,</strong></span> <span class='ocrx_word' id='word_1_504' title='bbox 2463 1366 2515 1412; x_wconf 90' lang='lat' dir='ltr'><strong>et</strong></span> <span class='ocrx_word' id='word_1_505' title='bbox 2544 1357 2926 1428; x_wconf 69' lang='lat' dir='ltr'><strong>obstupescite,</strong></span> 
     </span>
    </p>
   </div>
   <div class='ocr_carea' id='block_1_92' title="bbox 2087 1428 3120 1500">
    <p class='ocr_par' dir='ltr' id='par_1_92' title="bbox 2087 1428 3120 1500">
     <span class='ocr_line' id='line_1_93' title="bbox 2087 1428 3120 1500; baseline 0.005 -18"><span class='ocrx_word' id='word_1_506' title='bbox 2087 1436 2143 1483; x_wconf 87' lang='lat' dir='ltr'><strong>et</strong></span> <span class='ocrx_word' id='word_1_507' title='bbox 2160 1429 2511 1499; x_wconf 87' lang='lat' dir='ltr'><strong>superponite</strong></span> <span class='ocrx_word' id='word_1_508' title='bbox 2538 1428 2760 1500; x_wconf 85' lang='lat' dir='ltr'><strong>digitum</strong></span> <span class='ocrx_word' id='word_1_509' title='bbox 2791 1431 2870 1483; x_wconf 92' lang='lat' dir='ltr'><strong>ori</strong></span> <span class='ocrx_word' id='word_1_510' title='bbox 2900 1440 3120 1487; x_wconf 84' lang='lat' dir='ltr'><strong>vestro:</strong></span> 
     </span>
    </p>
   </div>
   <div class='ocr_carea' id='block_1_93' title="bbox 2019 1497 3390 1577">
    <p class='ocr_par' dir='ltr' id='par_1_93' title="bbox 2019 1497 3390 1577">
     <span class='ocr_line' id='line_1_94' title="bbox 2019 1497 3390 1577; baseline 0.009 -25"><span class='ocrx_word' id='word_1_511' title='bbox 2019 1497 2089 1552; x_wconf 87' lang='lat' dir='ltr'><strong>Et</strong></span> <span class='ocrx_word' id='word_1_512' title='bbox 2112 1515 2212 1570; x_wconf 88' lang='lat' dir='ltr'><strong>ego</strong></span> <span class='ocrx_word' id='word_1_513' title='bbox 2230 1497 2459 1577; x_wconf 78' lang='lat' dir='ltr'><strong>quando</strong></span> <span class='ocrx_word' id='word_1_514' title='bbox 2485 1497 2799 1555; x_wconf 72' lang='lat' dir='ltr'><strong>recordatus</strong></span> <span class='ocrx_word' id='word_1_515' title='bbox 2833 1503 3004 1567; x_wconf 77' lang='lat' dir='ltr'><strong>fuero,</strong></span> <span class='ocrx_word' id='word_1_516' title='bbox 3041 1503 3390 1577; x_wconf 63' lang='lat' dir='ltr'><strong>pertimeslo,</strong></span> 
     </span>
    </p>
   </div>
   <div class='ocr_carea' id='block_1_94' title="bbox 2088 1576 3115 1632">
    <p class='ocr_par' dir='ltr' id='par_1_94' title="bbox 2088 1576 3115 1632">
     <span class='ocr_line' id='line_1_95' title="bbox 2088 1576 3115 1632; baseline 0.007 -8"><span class='ocrx_word' id='word_1_517' title='bbox 2088 1580 2138 1624; x_wconf 85' lang='lat' dir='ltr'><strong>et</strong></span> <span class='ocrx_word' id='word_1_518' title='bbox 2166 1576 2405 1628; x_wconf 88' lang='lat' dir='ltr'><strong>concutit</strong></span> <span class='ocrx_word' id='word_1_519' title='bbox 2428 1588 2648 1628; x_wconf 87' lang='lat' dir='ltr'><strong>carnem</strong></span> <span class='ocrx_word' id='word_1_520' title='bbox 2683 1590 2855 1630; x_wconf 86' lang='lat' dir='ltr'><strong>meam</strong></span> <span class='ocrx_word' id='word_1_521' title='bbox 2890 1586 3115 1632; x_wconf 89' lang='lat' dir='ltr'><strong>tremor.</strong></span> 
     </span>
    </p>
   </div>
   <div class='ocr_carea' id='block_1_95' title="bbox 2015 1640 2747 1714">
    <p class='ocr_par' dir='ltr' id='par_1_95' title="bbox 2015 1640 2747 1714">
     <span class='ocr_line' id='line_1_96' title="bbox 2015 1640 2747 1714; baseline 0.005 -18"><span class='ocrx_word' id='word_1_522' title='bbox 2015 1640 2191 1709; x_wconf 85' lang='lat' dir='ltr'><strong>Quare</strong></span> <span class='ocrx_word' id='word_1_523' title='bbox 2215 1660 2341 1712; x_wconf 82' lang='lat' dir='ltr'><strong>ergo</strong></span> <span class='ocrx_word' id='word_1_524' title='bbox 2365 1645 2513 1714; x_wconf 88' lang='lat' dir='ltr'><strong>impii</strong></span> <span class='ocrx_word' id='word_1_525' title='bbox 2542 1645 2747 1712; x_wconf 83' lang='lat' dir='ltr'><strong>vivunt,</strong></span> 
     </span>
    </p>
   </div>
   <div class='ocr_carea' id='block_1_96' title="bbox 2089 1714 3211 1785">
    <p class='ocr_par' dir='ltr' id='par_1_96' title="bbox 2089 1714 3211 1785">
     <span class='ocr_line' id='line_1_97' title="bbox 2089 1714 3211 1785; baseline 0.01 -20"><span class='ocrx_word' id='word_1_526' title='bbox 2089 1714 2353 1769; x_wconf 85' lang='lat' dir='ltr'><strong>sublevati</strong></span> <span class='ocrx_word' id='word_1_527' title='bbox 2382 1727 2526 1785; x_wconf 87' lang='lat' dir='ltr'><strong>sunt,</strong></span> <span class='ocrx_word' id='word_1_528' title='bbox 2552 1717 2946 1785; x_wconf 74' lang='lat' dir='ltr'><strong>coul‘Ortatiquc</strong></span> <span class='ocrx_word' id='word_1_529' title='bbox 2974 1719 3004 1773; x_wconf 89' lang='lat' dir='ltr'><strong>d</strong></span> <span class='ocrx_word' id='word_1_530' title='bbox 3030 1720 3211 1776; x_wconf 78' lang='lat' dir='ltr'><strong>vitiis?</strong></span> 
     </span>
    </p>
   </div>
   <div class='ocr_carea' id='block_1_97' title="bbox 2020 1782 3071 1861">
    <p class='ocr_par' dir='ltr' id='par_1_97' title="bbox 2020 1782 3071 1861">
     <span class='ocr_line' id='line_1_98' title="bbox 2020 1782 3071 1861; baseline 0.006 -20"><span class='ocrx_word' id='word_1_531' title='bbox 2020 1782 2429 1861; x_wconf 82' lang='lat' dir='ltr'><strong>Scineneorum</strong></span> <span class='ocrx_word' id='word_1_532' title='bbox 2454 1782 2732 1861; x_wconf 78' lang='lat' dir='ltr'><strong>permanet</strong></span> <span class='ocrx_word' id='word_1_533' title='bbox 2763 1782 2942 1843; x_wconf 82' lang='lat' dir='ltr'><strong>coram</strong></span> <span class='ocrx_word' id='word_1_534' title='bbox 2972 1792 3071 1861; x_wconf 79' lang='lat' dir='ltr'><strong>eis,</strong></span> 
     </span>
    </p>
   </div>
   <div class='ocr_carea' id='block_1_98' title="bbox 2090 1858 3607 1939">
    <p class='ocr_par' dir='ltr' id='par_1_98' title="bbox 2090 1858 3607 1939">
     <span class='ocr_line' id='line_1_99' title="bbox 2090 1858 3607 1939; baseline 0.012 -32"><span class='ocrx_word' id='word_1_535' title='bbox 2090 1858 2510 1935; x_wconf 81' lang='lat' dir='ltr'><strong>propinquorum</strong></span> <span class='ocrx_word' id='word_1_536' title='bbox 2547 1859 2697 1913; x_wconf 90' lang='lat' dir='ltr'><strong>turba</strong></span> <span class='ocrx_word' id='word_1_537' title='bbox 2728 1869 2785 1915; x_wconf 92' lang='lat' dir='ltr'><strong>ct</strong></span> <span class='ocrx_word' id='word_1_538' title='bbox 2814 1858 3070 1930; x_wconf 54' lang='lat' dir='ltr'><strong>nepotum</strong></span> <span class='ocrx_word' id='word_1_539' title='bbox 3101 1864 3151 1918; x_wconf 92' lang='lat' dir='ltr'><strong>in</strong></span> <span class='ocrx_word' id='word_1_540' title='bbox 3188 1878 3481 1939; x_wconf 86' lang='lat' dir='ltr'><strong>conspectu</strong></span> <span class='ocrx_word' id='word_1_541' title='bbox 3510 1887 3607 1927; x_wconf 79' lang='lat' dir='ltr'><strong>eo-</strong></span> 
     </span>
    </p>
   </div>
   <div class='ocr_carea' id='block_1_99' title="bbox 2156 1940 2298 1982">
    <p class='ocr_par' dir='ltr' id='par_1_99' title="bbox 2156 1940 2298 1982">
     <span class='ocr_line' id='line_1_100' title="bbox 2156 1940 2298 1982; baseline -0.007 0"><span class='ocrx_word' id='word_1_542' title='bbox 2156 1940 2298 1982; x_wconf 71' lang='lat' dir='ltr'><strong>&quot;illi.</strong></span> 
     </span>
    </p>
   </div>
   <div class='ocr_carea' id='block_1_100' title="bbox 2015 1998 3134 2076">
    <p class='ocr_par' dir='ltr' id='par_1_100' title="bbox 2015 1998 3134 2076">
     <span class='ocr_line' id='line_1_101' title="bbox 2015 1998 3134 2076; baseline 0.005 -23"><span class='ocrx_word' id='word_1_543' title='bbox 2015 1998 2219 2055; x_wconf 90' lang='lat' dir='ltr'><strong>Domus</strong></span> <span class='ocrx_word' id='word_1_544' title='bbox 2240 2015 2426 2055; x_wconf 91' lang='lat' dir='ltr'><strong>eorum</strong></span> <span class='ocrx_word' id='word_1_545' title='bbox 2444 2016 2652 2076; x_wconf 65' lang='lat' dir='ltr'><strong>securm</strong></span> <span class='ocrx_word' id='word_1_546' title='bbox 2666 2014 2809 2076; x_wconf 18' lang='lat' dir='ltr'><strong>ASunt</strong></span> <span class='ocrx_word' id='word_1_547' title='bbox 2835 2012 2889 2057; x_wconf 79' lang='lat' dir='ltr'><strong>et</strong></span> <span class='ocrx_word' id='word_1_548' title='bbox 2908 2015 3134 2076; x_wconf 62' lang='lat' dir='ltr'><strong>pacatae,</strong></span> 
     </span>
    </p>
   </div>
   <div class='ocr_carea' id='block_1_101' title="bbox 2089 2072 3043 2143">
    <p class='ocr_par' dir='ltr' id='par_1_101' title="bbox 2089 2072 3043 2143">
     <span class='ocr_line' id='line_1_102' title="bbox 2089 2072 3043 2143; baseline 0.002 -17"><span class='ocrx_word' id='word_1_549' title='bbox 2089 2084 2136 2126; x_wconf 83' lang='lat' dir='ltr'><strong>ei</strong></span> <span class='ocrx_word' id='word_1_550' title='bbox 2166 2088 2271 2126; x_wconf 90' lang='lat' dir='ltr'><strong>nun</strong></span> <span class='ocrx_word' id='word_1_551' title='bbox 2295 2084 2373 2127; x_wconf 89' lang='lat' dir='ltr'><strong>est</strong></span> <span class='ocrx_word' id='word_1_552' title='bbox 2407 2072 2555 2143; x_wconf 86' lang='lat' dir='ltr'><strong>virga</strong></span> <span class='ocrx_word' id='word_1_553' title='bbox 2585 2073 2679 2128; x_wconf 87' lang='lat' dir='ltr'><strong>Dei</strong></span> <span class='ocrx_word' id='word_1_554' title='bbox 2712 2090 2877 2142; x_wconf 89' lang='lat' dir='ltr'><strong>super</strong></span> <span class='ocrx_word' id='word_1_555' title='bbox 2903 2075 3043 2130; x_wconf 89' lang='lat' dir='ltr'><strong>illos.</strong></span> 
     </span>
    </p>
   </div>
   <div class='ocr_carea' id='block_1_102' title="bbox 2015 2142 3165 2212">
    <p class='ocr_par' dir='ltr' id='par_1_102' title="bbox 2015 2142 3165 2212">
     <span class='ocr_line' id='line_1_103' title="bbox 2015 2142 3165 2212; baseline 0.004 -14"><span class='ocrx_word' id='word_1_556' title='bbox 2015 2142 2120 2198; x_wconf 83' lang='lat' dir='ltr'><strong>Bos</strong></span> <span class='ocrx_word' id='word_1_557' title='bbox 2143 2159 2326 2198; x_wconf 90' lang='lat' dir='ltr'><strong>eorum</strong></span> <span class='ocrx_word' id='word_1_558' title='bbox 2351 2142 2617 2212; x_wconf 78' lang='lat' dir='ltr'><strong>concepit,</strong></span> <span class='ocrx_word' id='word_1_559' title='bbox 2654 2156 2707 2201; x_wconf 91' lang='lat' dir='ltr'><strong>et</strong></span> <span class='ocrx_word' id='word_1_560' title='bbox 2739 2160 2844 2201; x_wconf 90' lang='lat' dir='ltr'><strong>non</strong></span> <span class='ocrx_word' id='word_1_561' title='bbox 2874 2146 3127 2203; x_wconf 88' lang='lat' dir='ltr'><strong>abortivit</strong></span> <span class='ocrx_word' id='word_1_562' title='bbox 3152 2167 3165 2203; x_wconf 88' lang='lat'><strong><em>:</em></strong></span> 
     </span>
    </p>
   </div>
   <div class='ocr_carea' id='block_1_103' title="bbox 2087 2215 3377 2289">
    <p class='ocr_par' dir='ltr' id='par_1_103' title="bbox 2087 2215 3377 2289">
     <span class='ocr_line' id='line_1_104' title="bbox 2087 2215 3377 2289; baseline 0.009 -22"><span class='ocrx_word' id='word_1_563' title='bbox 2087 2232 2243 2289; x_wconf 80' lang='lat' dir='ltr'><strong>vacca</strong></span> <span class='ocrx_word' id='word_1_564' title='bbox 2276 2215 2508 2285; x_wconf 88' lang='lat' dir='ltr'><strong>peperit,</strong></span> <span class='ocrx_word' id='word_1_565' title='bbox 2542 2226 2595 2271; x_wconf 91' lang='lat' dir='ltr'><strong>et</strong></span> <span class='ocrx_word' id='word_1_566' title='bbox 2626 2232 2730 2271; x_wconf 86' lang='lat' dir='ltr'><strong>neu</strong></span> <span class='ocrx_word' id='word_1_567' title='bbox 2760 2228 2841 2273; x_wconf 86' lang='lat' dir='ltr'><strong>est</strong></span> <span class='ocrx_word' id='word_1_568' title='bbox 2872 2222 3081 2289; x_wconf 88' lang='lat' dir='ltr'><strong>privata</strong></span> <span class='ocrx_word' id='word_1_569' title='bbox 3117 2222 3225 2277; x_wconf 87' lang='lat' dir='ltr'><strong>fetu</strong></span> <span class='ocrx_word' id='word_1_570' title='bbox 3256 2234 3377 2278; x_wconf 88' lang='lat' dir='ltr'><strong>suo.</strong></span> 
     </span>
    </p>
   </div>
   <div class='ocr_carea' id='block_1_104' title="bbox 2014 2286 3258 2362">
    <p class='ocr_par' dir='ltr' id='par_1_104' title="bbox 2014 2286 3258 2362">
     <span class='ocr_line' id='line_1_105' title="bbox 2014 2286 3258 2362; baseline 0.006 -21"><span class='ocrx_word' id='word_1_571' title='bbox 2014 2286 2376 2362; x_wconf 83' lang='lat' dir='ltr'><strong>Egrediuntur</strong></span> <span class='ocrx_word' id='word_1_572' title='bbox 2402 2289 2551 2352; x_wconf 67' lang='lat' dir='ltr'><strong>quasi</strong></span> <span class='ocrx_word' id='word_1_573' title='bbox 2582 2303 2772 2358; x_wconf 80' lang='lat' dir='ltr'><strong>greges</strong></span> <span class='ocrx_word' id='word_1_574' title='bbox 2808 2286 3014 2358; x_wconf 77' lang='lat' dir='ltr'><strong>parvuli</strong></span> <span class='ocrx_word' id='word_1_575' title='bbox 3048 2308 3258 2362; x_wconf 86' lang='lat' dir='ltr'><strong>eorum,</strong></span> 
     </span>
    </p>
   </div>
   <div class='ocr_carea' id='block_1_105' title="bbox 2084 2359 3185 2421">
    <p class='ocr_par' dir='ltr' id='par_1_105' title="bbox 2084 2359 3185 2421">
     <span class='ocr_line' id='line_1_106' title="bbox 2084 2359 3185 2421; baseline 0.007 -8"><span class='ocrx_word' id='word_1_576' title='bbox 2084 2369 2139 2413; x_wconf 91' lang='lat' dir='ltr'><strong>et</strong></span> <span class='ocrx_word' id='word_1_577' title='bbox 2172 2359 2403 2413; x_wconf 87' lang='lat' dir='ltr'><strong>inlantes</strong></span> <span class='ocrx_word' id='word_1_578' title='bbox 2432 2374 2615 2412; x_wconf 90' lang='lat' dir='ltr'><strong>eorum</strong></span> <span class='ocrx_word' id='word_1_579' title='bbox 2649 2363 2923 2416; x_wconf 79' lang='lat' dir='ltr'><strong>exsultant</strong></span> <span class='ocrx_word' id='word_1_580' title='bbox 2956 2362 3185 2421; x_wconf 88' lang='lat' dir='ltr'><strong>lusibus.</strong></span> 
     </span>
    </p>
   </div>
   <div class='ocr_carea' id='block_1_106' title="bbox 2014 2429 2988 2501">
    <p class='ocr_par' dir='ltr' id='par_1_106' title="bbox 2014 2429 2988 2501">
     <span class='ocr_line' id='line_1_107' title="bbox 2014 2429 2988 2501; baseline 0.003 -16"><span class='ocrx_word' id='word_1_581' title='bbox 2014 2429 2227 2485; x_wconf 89' lang='lat' dir='ltr'><strong>Tenent</strong></span> <span class='ocrx_word' id='word_1_582' title='bbox 2257 2442 2587 2501; x_wconf 85' lang='lat' dir='ltr'><strong>tympanum,</strong></span> <span class='ocrx_word' id='word_1_583' title='bbox 2618 2442 2674 2485; x_wconf 90' lang='lat' dir='ltr'><strong>et</strong></span> <span class='ocrx_word' id='word_1_584' title='bbox 2702 2433 2988 2499; x_wconf 88' lang='lat' dir='ltr'><strong>citharam,</strong></span> 
     </span>
    </p>
   </div>
   <div class='ocr_carea' id='block_1_107' title="bbox 2084 2502 2981 2576">
    <p class='ocr_par' dir='ltr' id='par_1_107' title="bbox 2084 2502 2981 2576">
     <span class='ocr_line' id='line_1_108' title="bbox 2084 2502 2981 2576; baseline 0.007 -22"><span class='ocrx_word' id='word_1_585' title='bbox 2084 2514 2138 2557; x_wconf 88' lang='lat' dir='ltr'><strong>et</strong></span> <span class='ocrx_word' id='word_1_586' title='bbox 2163 2509 2398 2576; x_wconf 76' lang='lat' dir='ltr'><strong>gaudent</strong></span> <span class='ocrx_word' id='word_1_587' title='bbox 2419 2502 2482 2576; x_wconf 83' lang='lat' dir='ltr'><strong>ad</strong></span> <span class='ocrx_word' id='word_1_588' title='bbox 2517 2504 2748 2576; x_wconf 71' lang='lat' dir='ltr'><strong>sonitum</strong></span> <span class='ocrx_word' id='word_1_589' title='bbox 2773 2505 2981 2576; x_wconf 83' lang='lat' dir='ltr'><strong>organi.</strong></span> 
     </span>
    </p>
   </div>
   <div class='ocr_carea' id='block_1_108' title="bbox 2012 2572 2809 2641">
    <p class='ocr_par' dir='ltr' id='par_1_108' title="bbox 2012 2572 2809 2641">
     <span class='ocr_line' id='line_1_109' title="bbox 2012 2572 2809 2641; baseline 0.003 -14"><span class='ocrx_word' id='word_1_590' title='bbox 2012 2572 2226 2627; x_wconf 83' lang='lat' dir='ltr'><strong>Ducuiit</strong></span> <span class='ocrx_word' id='word_1_591' title='bbox 2250 2573 2300 2626; x_wconf 78' lang='lat' dir='ltr'><strong>id</strong></span> <span class='ocrx_word' id='word_1_592' title='bbox 2334 2573 2486 2627; x_wconf 72' lang='lat' dir='ltr'><strong>licitis</strong></span> <span class='ocrx_word' id='word_1_593' title='bbox 2517 2573 2629 2627; x_wconf 82' lang='lat' dir='ltr'><strong>dics</strong></span> <span class='ocrx_word' id='word_1_594' title='bbox 2662 2591 2809 2641; x_wconf 74' lang='lat' dir='ltr'><strong>suos,</strong></span> 
     </span>
    </p>
   </div>
   <div class='ocr_carea' id='block_1_109' title="bbox 2086 2644 3154 2709">
    <p class='ocr_par' dir='ltr' id='par_1_109' title="bbox 2086 2644 3154 2709">
     <span class='ocr_line' id='line_1_110' title="bbox 2086 2644 3154 2709; baseline 0.006 -11"><span class='ocrx_word' id='word_1_595' title='bbox 2086 2655 2137 2698; x_wconf 91' lang='lat' dir='ltr'><strong>et</strong></span> <span class='ocrx_word' id='word_1_596' title='bbox 2161 2644 2212 2698; x_wconf 91' lang='lat' dir='ltr'><strong>in</strong></span> <span class='ocrx_word' id='word_1_597' title='bbox 2249 2654 2441 2709; x_wconf 79' lang='lat' dir='ltr'><strong>punctu</strong></span> <span class='ocrx_word' id='word_1_598' title='bbox 2465 2647 2530 2697; x_wconf 86' lang='lat' dir='ltr'><strong>ad</strong></span> <span class='ocrx_word' id='word_1_599' title='bbox 2556 2646 2761 2699; x_wconf 87' lang='lat' dir='ltr'><strong>inferna</strong></span> <span class='ocrx_word' id='word_1_600' title='bbox 2789 2648 3154 2705; x_wconf 88' lang='lat' dir='ltr'><strong>descendunt.</strong></span> 
     </span>
    </p>
   </div>
   <div class='ocr_carea' id='block_1_110' title="bbox 2013 2716 3090 2787">
    <p class='ocr_par' dir='ltr' id='par_1_110' title="bbox 2013 2716 3090 2787">
     <span class='ocr_line' id='line_1_111' title="bbox 2013 2716 3090 2787; baseline 0.006 -19"><span class='ocrx_word' id='word_1_601' title='bbox 2013 2716 2113 2781; x_wconf 83' lang='lat' dir='ltr'><strong>Qui</strong></span> <span class='ocrx_word' id='word_1_602' title='bbox 2142 2716 2401 2770; x_wconf 80' lang='lat' dir='ltr'><strong>dixerunt</strong></span> <span class='ocrx_word' id='word_1_603' title='bbox 2427 2716 2536 2769; x_wconf 89' lang='lat' dir='ltr'><strong>Deo</strong></span> <span class='ocrx_word' id='word_1_604' title='bbox 2568 2734 2579 2769; x_wconf 92' lang='lat'><strong>:</strong></span> <span class='ocrx_word' id='word_1_605' title='bbox 2613 2717 2829 2773; x_wconf 83' lang='lat' dir='ltr'><strong>Recede</strong></span> <span class='ocrx_word' id='word_1_606' title='bbox 2856 2737 2882 2770; x_wconf 88' lang='lat' dir='ltr'><strong>a</strong></span> <span class='ocrx_word' id='word_1_607' title='bbox 2915 2720 3090 2787; x_wconf 86' lang='lat' dir='ltr'><strong>nobis,</strong></span> 
     </span>
    </p>
   </div>
   <div class='ocr_carea' id='block_1_111' title="bbox 2084 2788 3237 2850">
    <p class='ocr_par' dir='ltr' id='par_1_111' title="bbox 2084 2788 3237 2850">
     <span class='ocr_line' id='line_1_112' title="bbox 2084 2788 3237 2850; baseline 0.01 -11"><span class='ocrx_word' id='word_1_608' title='bbox 2084 2800 2137 2841; x_wconf 78' lang='lat' dir='ltr'><strong>rt</strong></span> <span class='ocrx_word' id='word_1_609' title='bbox 2168 2789 2448 2841; x_wconf 86' lang='lat' dir='ltr'><strong>scientiam</strong></span> <span class='ocrx_word' id='word_1_610' title='bbox 2482 2788 2683 2842; x_wconf 71' lang='lat' dir='ltr'><strong>viarum</strong></span> <span class='ocrx_word' id='word_1_611' title='bbox 2720 2801 2930 2844; x_wconf 77' lang='lat' dir='ltr'><strong>tuaium</strong></span> <span class='ocrx_word' id='word_1_612' title='bbox 2962 2794 3237 2850; x_wconf 87' lang='lat' dir='ltr'><strong>nolumus.</strong></span> 
     </span>
    </p>
   </div>
   <div class='ocr_carea' id='block_1_112' title="bbox 2011 2860 3197 2928">
    <p class='ocr_par' dir='ltr' id='par_1_112' title="bbox 2011 2860 3197 2928">
     <span class='ocr_line' id='line_1_113' title="bbox 2011 2860 3197 2928; baseline 0.008 -16"><span class='ocrx_word' id='word_1_613' title='bbox 2011 2860 2149 2925; x_wconf 84' lang='lat' dir='ltr'><strong>Quid</strong></span> <span class='ocrx_word' id='word_1_614' title='bbox 2181 2869 2265 2914; x_wconf 90' lang='lat' dir='ltr'><strong>est</strong></span> <span class='ocrx_word' id='word_1_615' title='bbox 2285 2860 2665 2928; x_wconf 83' lang='lat' dir='ltr'><strong>Omnipotens,</strong></span> <span class='ocrx_word' id='word_1_616' title='bbox 2699 2872 2755 2916; x_wconf 91' lang='lat' dir='ltr'><strong>ut</strong></span> <span class='ocrx_word' id='word_1_617' title='bbox 2778 2861 3079 2918; x_wconf 83' lang='lat' dir='ltr'><strong>serviamus</strong></span> <span class='ocrx_word' id='word_1_618' title='bbox 3108 2866 3197 2921; x_wconf 76' lang='lat' dir='ltr'><strong>ei?</strong></span> 
     </span>
    </p>
   </div>
   <div class='ocr_carea' id='block_1_113' title="bbox 2083 2931 3377 3001">
    <p class='ocr_par' dir='ltr' id='par_1_113' title="bbox 2083 2931 3377 3001">
     <span class='ocr_line' id='line_1_114' title="bbox 2083 2931 3377 3001; baseline 0.005 -15"><span class='ocrx_word' id='word_1_619' title='bbox 2083 2941 2136 2986; x_wconf 91' lang='lat' dir='ltr'><strong>et</strong></span> <span class='ocrx_word' id='word_1_620' title='bbox 2163 2932 2289 3001; x_wconf 90' lang='lat' dir='ltr'><strong>quid</strong></span> <span class='ocrx_word' id='word_1_621' title='bbox 2319 2931 2475 2985; x_wconf 82' lang='lat' dir='ltr'><strong>nobis</strong></span> <span class='ocrx_word' id='word_1_622' title='bbox 2500 2932 2720 3001; x_wconf 83' lang='lat' dir='ltr'><strong>prodest</strong></span> <span class='ocrx_word' id='word_1_623' title='bbox 2746 2934 2790 2987; x_wconf 85' lang='lat' dir='ltr'><strong>si</strong></span> <span class='ocrx_word' id='word_1_624' title='bbox 2817 2936 3158 2991; x_wconf 86' lang='lat' dir='ltr'><strong>oraverimus</strong></span> <span class='ocrx_word' id='word_1_625' title='bbox 3189 2938 3377 2994; x_wconf 79' lang='lat' dir='ltr'><strong>illum?</strong></span> 
     </span>
    </p>
   </div>
   <div class='ocr_carea' id='block_1_114' title="bbox 2017 3002 3600 3085">
    <p class='ocr_par' dir='ltr' id='par_1_114' title="bbox 2017 3002 3600 3085">
     <span class='ocr_line' id='line_1_115' title="bbox 2017 3002 3600 3085; baseline 0.01 -29"><span class='ocrx_word' id='word_1_626' title='bbox 2017 3002 2409 3085; x_wconf 54' lang='lat' dir='ltr'><strong>Verumtamen</strong></span> <span class='ocrx_word' id='word_1_627' title='bbox 2432 3008 2553 3085; x_wconf 74' lang='lat' dir='ltr'><strong>quia</strong></span> <span class='ocrx_word' id='word_1_628' title='bbox 2578 3021 2681 3056; x_wconf 90' lang='lat' dir='ltr'><strong>nun</strong></span> <span class='ocrx_word' id='word_1_629' title='bbox 2708 3015 2828 3085; x_wconf 80' lang='lat' dir='ltr'><strong>sunt</strong></span> <span class='ocrx_word' id='word_1_630' title='bbox 2854 3006 2903 3059; x_wconf 89' lang='lat' dir='ltr'><strong>in</strong></span> <span class='ocrx_word' id='word_1_631' title='bbox 2927 3022 3085 3085; x_wconf 71' lang='lat' dir='ltr'><strong>inanu</strong></span> <span class='ocrx_word' id='word_1_632' title='bbox 3108 3024 3295 3065; x_wconf 88' lang='lat' dir='ltr'><strong>eorum</strong></span> <span class='ocrx_word' id='word_1_633' title='bbox 3320 3011 3459 3069; x_wconf 74' lang='lat' dir='ltr'><strong>bona</strong></span> <span class='ocrx_word' id='word_1_634' title='bbox 3480 3032 3600 3085; x_wconf 76' lang='lat' dir='ltr'><strong>sua,</strong></span> 
     </span>
    </p>
   </div>
   <div class='ocr_carea' id='block_1_115' title="bbox 2082 3075 3159 3147">
    <p class='ocr_par' dir='ltr' id='par_1_115' title="bbox 2082 3075 3159 3147">
     <span class='ocr_line' id='line_1_116' title="bbox 2082 3075 3159 3147; baseline 0.005 -18"><span class='ocrx_word' id='word_1_635' title='bbox 2082 3075 2362 3147; x_wconf 80' lang='lat' dir='ltr'><strong>consilium</strong></span> <span class='ocrx_word' id='word_1_636' title='bbox 2395 3076 2681 3147; x_wconf 80' lang='lat' dir='ltr'><strong>impiorum</strong></span> <span class='ocrx_word' id='word_1_637' title='bbox 2710 3079 2869 3147; x_wconf 87' lang='lat' dir='ltr'><strong>longe</strong></span> <span class='ocrx_word' id='word_1_638' title='bbox 2898 3079 2963 3131; x_wconf 85' lang='lat' dir='ltr'><strong>sit</strong></span> <span class='ocrx_word' id='word_1_639' title='bbox 2992 3095 3021 3133; x_wconf 86' lang='lat' dir='ltr'><strong>a</strong></span> <span class='ocrx_word' id='word_1_640' title='bbox 3056 3096 3159 3134; x_wconf 91' lang='lat' dir='ltr'><strong>me.</strong></span> 
     </span>
    </p>
   </div>
   <div class='ocr_carea' id='block_1_116' title="bbox 2010 3145 3222 3222">
    <p class='ocr_par' dir='ltr' id='par_1_116' title="bbox 2010 3145 3222 3222">
     <span class='ocr_line' id='line_1_117' title="bbox 2010 3145 3222 3222; baseline 0.007 -24"><span class='ocrx_word' id='word_1_641' title='bbox 2010 3146 2231 3215; x_wconf 79' lang='lat' dir='ltr'><strong>Quoties</strong></span> <span class='ocrx_word' id='word_1_642' title='bbox 2261 3145 2475 3222; x_wconf 83' lang='lat' dir='ltr'><strong>lucerna</strong></span> <span class='ocrx_word' id='word_1_643' title='bbox 2510 3145 3222 3222; x_wconf 12' lang='lat' dir='ltr'><strong>impiorumﬁevstinguctur,</strong></span> 
     </span>
    </p>
   </div>
   <div class='ocr_carea' id='block_1_117' title="bbox 2081 3220 2937 3287">
    <p class='ocr_par' dir='ltr' id='par_1_117' title="bbox 2081 3220 2937 3287">
     <span class='ocr_line' id='line_1_118' title="bbox 2081 3220 2937 3287; baseline 0.002 -14"><span class='ocrx_word' id='word_1_644' title='bbox 2081 3228 2137 3273; x_wconf 91' lang='lat' dir='ltr'><strong>et</strong></span> <span class='ocrx_word' id='word_1_645' title='bbox 2156 3220 2503 3287; x_wconf 80' lang='lat' dir='ltr'><strong>superveniet</strong></span> <span class='ocrx_word' id='word_1_646' title='bbox 2528 3220 2608 3273; x_wconf 84' lang='lat' dir='ltr'><strong>eis</strong></span> <span class='ocrx_word' id='word_1_647' title='bbox 2636 3220 2937 3285; x_wconf 87' lang='lat' dir='ltr'><strong>inundatio,</strong></span> 
     </span>
    </p>
   </div>
   <div class='ocr_carea' id='block_1_118' title="bbox 2082 3290 2978 3348">
    <p class='ocr_par' dir='ltr' id='par_1_118' title="bbox 2082 3290 2978 3348">
     <span class='ocr_line' id='line_1_119' title="bbox 2082 3290 2978 3348; baseline 0.007 -6"><span class='ocrx_word' id='word_1_648' title='bbox 2082 3300 2135 3344; x_wconf 70' lang='lat' dir='ltr'><strong>et</strong></span> <span class='ocrx_word' id='word_1_649' title='bbox 2157 3290 2375 3344; x_wconf 84' lang='lat' dir='ltr'><strong>dolores</strong></span> <span class='ocrx_word' id='word_1_650' title='bbox 2403 3290 2610 3345; x_wconf 82' lang='lat' dir='ltr'><strong>dividet</strong></span> <span class='ocrx_word' id='word_1_651' title='bbox 2637 3290 2837 3346; x_wconf 84' lang='lat' dir='ltr'><strong>furoris</strong></span> <span class='ocrx_word' id='word_1_652' title='bbox 2858 3295 2945 3348; x_wconf 88' lang='lat' dir='ltr'><strong>sui</strong></span> <span class='ocrx_word' id='word_1_653' title='bbox 2964 3295 2978 3348; x_wconf 84' lang='lat' dir='ltr'><strong>l</strong></span> 
     </span>
    </p>
   </div>
   <div class='ocr_carea' id='block_1_119' title="bbox 2014 3362 3123 3433">
    <p class='ocr_par' dir='ltr' id='par_1_119' title="bbox 2014 3362 3123 3433">
     <span class='ocr_line' id='line_1_120' title="bbox 2014 3362 3123 3433; baseline 0.002 -16"><span class='ocrx_word' id='word_1_654' title='bbox 2014 3364 2182 3417; x_wconf 76' lang='lat' dir='ltr'><strong>Erunt</strong></span> <span class='ocrx_word' id='word_1_655' title='bbox 2212 3362 2352 3433; x_wconf 86' lang='lat' dir='ltr'><strong>sicut</strong></span> <span class='ocrx_word' id='word_1_656' title='bbox 2382 3364 2545 3430; x_wconf 71' lang='lat' dir='ltr'><strong>palete</strong></span> <span class='ocrx_word' id='word_1_657' title='bbox 2577 3374 2701 3417; x_wconf 89' lang='lat' dir='ltr'><strong>ante</strong></span> <span class='ocrx_word' id='word_1_658' title='bbox 2732 3362 2924 3419; x_wconf 81' lang='lat' dir='ltr'><strong>faciem</strong></span> <span class='ocrx_word' id='word_1_659' title='bbox 2957 3370 3123 3433; x_wconf 84' lang='lat' dir='ltr'><strong>venti,</strong></span> 
     </span>
    </p>
   </div>
   <div class='ocr_carea' id='block_1_120' title="bbox 2082 3432 3179 3509">
    <p class='ocr_par' dir='ltr' id='par_1_120' title="bbox 2082 3432 3179 3509">
     <span class='ocr_line' id='line_1_121' title="bbox 2082 3432 3179 3509; baseline 0.005 -20"><span class='ocrx_word' id='word_1_660' title='bbox 2082 3445 2136 3489; x_wconf 84' lang='lat' dir='ltr'><strong>et</strong></span> <span class='ocrx_word' id='word_1_661' title='bbox 2159 3435 2297 3488; x_wconf 85' lang='lat' dir='ltr'><strong>sicut</strong></span> <span class='ocrx_word' id='word_1_662' title='bbox 2324 3432 2681 3509; x_wconf 57' lang='lat' dir='ltr'><strong>bivillaquain</strong></span> <span class='ocrx_word' id='word_1_663' title='bbox 2712 3437 2870 3509; x_wconf 77' lang='lat' dir='ltr'><strong>turbo</strong></span> <span class='ocrx_word' id='word_1_664' title='bbox 2900 3432 3179 3509; x_wconf 75' lang='lat' dir='ltr'><strong>di~pcrgit.</strong></span> 
     </span>
    </p>
   </div>
   <div class='ocr_carea' id='block_1_121' title="bbox 2013 3503 3232 3581">
    <p class='ocr_par' dir='ltr' id='par_1_121' title="bbox 2013 3503 3232 3581">
     <span class='ocr_line' id='line_1_122' title="bbox 2013 3503 3232 3581; baseline 0.006 -21"><span class='ocrx_word' id='word_1_665' title='bbox 2013 3508 2150 3561; x_wconf 85' lang='lat' dir='ltr'><strong>Deus</strong></span> <span class='ocrx_word' id='word_1_666' title='bbox 2181 3504 2433 3581; x_wconf 85' lang='lat' dir='ltr'><strong>servabi_t_</strong></span> <span class='ocrx_word' id='word_1_667' title='bbox 2445 3504 2575 3581; x_wconf 70' lang='lat' dir='ltr'><strong>filiis</strong></span> <span class='ocrx_word' id='word_1_668' title='bbox 2591 3503 2734 3560; x_wconf 80' lang='lat' dir='ltr'><strong>illius</strong></span> <span class='ocrx_word' id='word_1_669' title='bbox 2757 3503 3000 3564; x_wconf 80' lang='lat' dir='ltr'><strong>dolorem</strong></span> <span class='ocrx_word' id='word_1_670' title='bbox 3030 3503 3232 3581; x_wconf 62' lang='lat' dir='ltr'><strong>lanis:</strong></span> 
     </span>
    </p>
   </div>
   <div class='ocr_carea' id='block_1_122' title="bbox 2080 3576 2953 3643">
    <p class='ocr_par' dir='ltr' id='par_1_122' title="bbox 2080 3576 2953 3643">
     <span class='ocr_line' id='line_1_123' title="bbox 2080 3576 2953 3643; baseline 0.002 -12"><span class='ocrx_word' id='word_1_671' title='bbox 2080 3586 2276 3632; x_wconf 86' lang='lat' dir='ltr'><strong>etcum</strong></span> <span class='ocrx_word' id='word_1_672' title='bbox 2307 3576 2623 3643; x_wconf 83' lang='lat' dir='ltr'><strong>reddiderit,</strong></span> <span class='ocrx_word' id='word_1_673' title='bbox 2652 3586 2779 3632; x_wconf 90' lang='lat' dir='ltr'><strong>tunc</strong></span> <span class='ocrx_word' id='word_1_674' title='bbox 2802 3581 2953 3634; x_wconf 82' lang='lat' dir='ltr'><strong>sciet.</strong></span> 
     </span>
    </p>
   </div>
   <div class='ocr_carea' id='block_1_123' title="bbox 2012 3648 3249 3726">
    <p class='ocr_par' dir='ltr' id='par_1_123' title="bbox 2012 3648 3249 3726">
     <span class='ocr_line' id='line_1_124' title="bbox 2012 3648 3249 3726; baseline 0.007 -25"><span class='ocrx_word' id='word_1_675' title='bbox 2012 3650 2285 3726; x_wconf 71' lang='lat' dir='ltr'><strong>Videbunt</strong></span> <span class='ocrx_word' id='word_1_676' title='bbox 2301 3648 2439 3701; x_wconf 78' lang='grc' dir='ltr'>ιιι-ιιιί</span> <span class='ocrx_word' id='word_1_677' title='bbox 2463 3648 2582 3726; x_wconf 73' lang='lat' dir='ltr'><strong>ejus</strong></span> <span class='ocrx_word' id='word_1_678' title='bbox 2606 3650 3039 3726; x_wconf 78' lang='lat' dir='ltr'><strong>interfectionem</strong></span> <span class='ocrx_word' id='word_1_679' title='bbox 3075 3669 3249 3726; x_wconf 78' lang='lat' dir='ltr'><strong>suam,</strong></span> 
     </span>
    </p>
   </div>
   <div class='ocr_carea' id='block_1_124' title="bbox 2080 3716 3058 3789">
    <p class='ocr_par' dir='ltr' id='par_1_124' title="bbox 2080 3716 3058 3789">
     <span class='ocr_line' id='line_1_125' title="bbox 2080 3716 3058 3789; baseline 0.003 -14"><span class='ocrx_word' id='word_1_680' title='bbox 2080 3729 2137 3775; x_wconf 83' lang='lat' dir='ltr'><strong>et</strong></span> <span class='ocrx_word' id='word_1_681' title='bbox 2166 3723 2230 3774; x_wconf 88' lang='lat' dir='ltr'><strong>de</strong></span> <span class='ocrx_word' id='word_1_682' title='bbox 2263 3720 2441 3774; x_wconf 85' lang='lat' dir='ltr'><strong>furore</strong></span> <span class='ocrx_word' id='word_1_683' title='bbox 2464 3716 2862 3789; x_wconf 63' lang='lat' dir='ltr'><strong>Omnipotentis</strong></span> <span class='ocrx_word' id='word_1_684' title='bbox 2894 3724 3058 3781; x_wconf 85' lang='lat' dir='ltr'><strong>bibet.</strong></span> 
     </span>
    </p>
   </div>
   <div class='ocr_carea' id='block_1_125' title="bbox 2006 3791 3605 3861">
    <p class='ocr_par' dir='ltr' id='par_1_125' title="bbox 2006 3791 3605 3861">
     <span class='ocr_line' id='line_1_126' title="bbox 2006 3791 3605 3861; baseline 0.009 -15"><span class='ocrx_word' id='word_1_685' title='bbox 2006 3792 2143 3861; x_wconf 88' lang='lat' dir='ltr'><strong>Quid</strong></span> <span class='ocrx_word' id='word_1_686' title='bbox 2173 3793 2317 3846; x_wconf 88' lang='lat' dir='ltr'><strong>enim</strong></span> <span class='ocrx_word' id='word_1_687' title='bbox 2349 3791 2413 3845; x_wconf 87' lang='lat' dir='ltr'><strong>ad</strong></span> <span class='ocrx_word' id='word_1_688' title='bbox 2445 3808 2564 3845; x_wconf 90' lang='lat' dir='ltr'><strong>cum</strong></span> <span class='ocrx_word' id='word_1_689' title='bbox 2601 3796 2831 3858; x_wconf 83' lang='lat' dir='ltr'><strong>pertinet</strong></span> <span class='ocrx_word' id='word_1_690' title='bbox 2860 3795 2927 3849; x_wconf 89' lang='lat' dir='ltr'><strong>de</strong></span> <span class='ocrx_word' id='word_1_691' title='bbox 2964 3797 3128 3852; x_wconf 88' lang='lat' dir='ltr'><strong>domo</strong></span> <span class='ocrx_word' id='word_1_692' title='bbox 3163 3812 3257 3854; x_wconf 89' lang='lat' dir='ltr'><strong>sua</strong></span> <span class='ocrx_word' id='word_1_693' title='bbox 3283 3796 3308 3836; x_wconf 73' lang='grc' dir='ltr'>ἀ</span> <span class='ocrx_word' id='word_1_694' title='bbox 3344 3812 3461 3861; x_wconf 86' lang='lat' dir='ltr'><strong>post</strong></span> <span class='ocrx_word' id='word_1_695' title='bbox 3500 3796 3605 3860; x_wconf 46' lang='lat' dir='ltr'><strong>se?’</strong></span> 
     </span>
    </p>
   </div>
   <div class='ocr_carea' id='block_1_126' title="bbox 2076 3817 3374 3935">
    <p class='ocr_par' dir='ltr' id='par_1_126' title="bbox 2076 3817 3374 3935">
     <span class='ocr_line' id='line_1_127' title="bbox 2076 3817 3308 3858; baseline 0.007 -12"><span class='ocrx_word' id='word_1_696' title='bbox 2076 3817 2143 3847; x_wconf 88' lang='lat' dir='ltr'><strong>tiu</strong></span> <span class='ocrx_word' id='word_1_697' title='bbox 2173 3817 2317 3846; x_wconf 80' lang='lat' dir='ltr'><strong>cuitu</strong></span> <span class='ocrx_word' id='word_1_698' title='bbox 2349 3817 2413 3845; x_wconf 77' lang='lat' dir='ltr'><strong>ilu</strong></span> <span class='ocrx_word' id='word_1_699' title='bbox 2445 3817 2564 3845; x_wconf 81' lang='lat' dir='ltr'><strong>cum</strong></span> <span class='ocrx_word' id='word_1_700' title='bbox 2601 3817 2831 3858; x_wconf 69' lang='lat' dir='ltr'><strong>pertinet</strong></span> <span class='ocrx_word' id='word_1_701' title='bbox 2860 3817 2927 3849; x_wconf 78' lang='lat' dir='ltr'><strong>ue</strong></span> <span class='ocrx_word' id='word_1_702' title='bbox 2964 3817 3128 3852; x_wconf 80' lang='lat' dir='ltr'><strong>untth</strong></span> <span class='ocrx_word' id='word_1_703' title='bbox 3163 3817 3257 3854; x_wconf 88' lang='lat' dir='ltr'><strong>sua</strong></span> <span class='ocrx_word' id='word_1_704' title='bbox 3283 3817 3308 3836; x_wconf 85' lang='lat'><strong><em>“</em></strong></span> 
     </span>
     <span class='ocr_line' id='line_1_128' title="bbox 2076 3817 3374 3935; baseline 0.007 -17"><span class='ocrx_word' id='word_1_705' title='bbox 2076 3873 2132 3918; x_wconf 88' lang='lat' dir='ltr'><strong>et</strong></span> <span class='ocrx_word' id='word_1_706' title='bbox 2152 3865 2195 3918; x_wconf 87' lang='lat' dir='ltr'><strong>si</strong></span> <span class='ocrx_word' id='word_1_707' title='bbox 2243 3878 2494 3917; x_wconf 86' lang='lat' dir='ltr'><strong>numerus</strong></span> <span class='ocrx_word' id='word_1_708' title='bbox 2521 3873 2547 3903; x_wconf 71' lang='grc' dir='ltr'><strong>ιι</strong></span> <span class='ocrx_word' id='word_1_709' title='bbox 2570 3868 2834 3920; x_wconf 89' lang='lat' dir='ltr'><strong>mensium</strong></span> <span class='ocrx_word' id='word_1_710' title='bbox 2867 3868 2983 3935; x_wconf 82' lang='lat' dir='ltr'><strong>ejus</strong></span> <span class='ocrx_word' id='word_1_711' title='bbox 3009 3817 3374 3927; x_wconf 78' lang='lat' dir='ltr'><strong>dimidietur?p</strong></span> 
     </span>
    </p>
   </div>
   <div class='ocr_carea' id='block_1_127' title="bbox 2004 3935 3368 4006">
    <p class='ocr_par' dir='ltr' id='par_1_127' title="bbox 2004 3935 3368 4006">
     <span class='ocr_line' id='line_1_129' title="bbox 2004 3935 3368 4006; baseline 0.01 -17"><span class='ocrx_word' id='word_1_712' title='bbox 2004 3935 2273 4005; x_wconf 84' lang='lat' dir='ltr'><strong>Numquid</strong></span> <span class='ocrx_word' id='word_1_713' title='bbox 2308 3936 2471 3988; x_wconf 85' lang='lat' dir='ltr'><strong>Deum</strong></span> <span class='ocrx_word' id='word_1_714' title='bbox 2503 3936 2768 4006; x_wconf 87' lang='lat' dir='ltr'><strong>quispiam</strong></span> <span class='ocrx_word' id='word_1_715' title='bbox 2797 3939 3017 3995; x_wconf 89' lang='lat' dir='ltr'><strong>docebit</strong></span> <span class='ocrx_word' id='word_1_716' title='bbox 3040 3941 3325 3999; x_wconf 65' lang='lat' dir='ltr'><strong>scientia-&#39;1</strong></span> <span class='ocrx_word' id='word_1_717' title='bbox 3354 3964 3368 4002; x_wconf 90' lang='lat'><strong>:</strong></span> 
     </span>
    </p>
   </div>
   <div class='ocr_carea' id='block_1_128' title="bbox 2076 4006 2695 4079">
    <p class='ocr_par' dir='ltr' id='par_1_128' title="bbox 2076 4006 2695 4079">
     <span class='ocr_line' id='line_1_130' title="bbox 2076 4006 2695 4079; baseline 0 -17"><span class='ocrx_word' id='word_1_718' title='bbox 2076 4008 2166 4079; x_wconf 91' lang='lat' dir='ltr'><strong>qui</strong></span> <span class='ocrx_word' id='word_1_719' title='bbox 2189 4007 2434 4062; x_wconf 73' lang='lat' dir='ltr'><strong>excelsos</strong></span> <span class='ocrx_word' id='word_1_720' title='bbox 2455 4006 2695 4079; x_wconf 86' lang='lat' dir='ltr'><strong>judicat?</strong></span> 
     </span>
    </p>
   </div>
   <div class='ocr_carea' id='block_1_129' title="bbox 2003 4078 2939 4147">
    <p class='ocr_par' dir='ltr' id='par_1_129' title="bbox 2003 4078 2939 4147">
     <span class='ocr_line' id='line_1_131' title="bbox 2003 4078 2939 4147; baseline -0.005 -12"><span class='ocrx_word' id='word_1_721' title='bbox 2003 4080 2110 4135; x_wconf 80' lang='lat' dir='ltr'><strong>Isle</strong></span> <span class='ocrx_word' id='word_1_722' title='bbox 2138 4080 2365 4133; x_wconf 80' lang='lat' dir='ltr'><strong>moritur</strong></span> <span class='ocrx_word' id='word_1_723' title='bbox 2394 4078 2649 4134; x_wconf 87' lang='lat' dir='ltr'><strong>robustus</strong></span> <span class='ocrx_word' id='word_1_724' title='bbox 2677 4087 2732 4135; x_wconf 91' lang='lat' dir='ltr'><strong>et</strong></span> <span class='ocrx_word' id='word_1_725' title='bbox 2757 4096 2939 4147; x_wconf 68' lang='lat' dir='ltr'><strong>sanus,</strong></span> 
     </span>
    </p>
   </div>
   <div class='ocr_carea' id='block_1_130' title="bbox 2074 4149 2869 4221">
    <p class='ocr_par' dir='ltr' id='par_1_130' title="bbox 2074 4149 2869 4221">
     <span class='ocr_line' id='line_1_132' title="bbox 2074 4149 2869 4221; baseline 0.004 -17"><span class='ocrx_word' id='word_1_726' title='bbox 2074 4151 2228 4206; x_wconf 90' lang='lat' dir='ltr'><strong>dives</strong></span> <span class='ocrx_word' id='word_1_727' title='bbox 2254 4149 2364 4221; x_wconf 77' lang='grc' dir='ltr'><strong>[ΑΙ.</strong></span> <span class='ocrx_word' id='word_1_728' title='bbox 2389 4151 2612 4221; x_wconf 75' lang='lat' dir='ltr'><strong>divisus]</strong></span> <span class='ocrx_word' id='word_1_729' title='bbox 2642 4164 2697 4207; x_wconf 89' lang='lat' dir='ltr'><strong>et</strong></span> <span class='ocrx_word' id='word_1_730' title='bbox 2722 4153 2869 4208; x_wconf 83' lang='lat' dir='ltr'><strong>felix.</strong></span> 
     </span>
    </p>
   </div>
   <div class='ocr_carea' id='block_1_131' title="bbox 2007 4222 2905 4294">
    <p class='ocr_par' dir='ltr' id='par_1_131' title="bbox 2007 4222 2905 4294">
     <span class='ocr_line' id='line_1_133' title="bbox 2007 4222 2905 4294; baseline 0.002 -16"><span class='ocrx_word' id='word_1_731' title='bbox 2007 4222 2223 4278; x_wconf 77' lang='lat' dir='ltr'><strong>Viscera</strong></span> <span class='ocrx_word' id='word_1_732' title='bbox 2248 4222 2365 4294; x_wconf 76' lang='lat' dir='ltr'><strong>ejus</strong></span> <span class='ocrx_word' id='word_1_733' title='bbox 2392 4224 2546 4291; x_wconf 83' lang='lat' dir='ltr'><strong>plena</strong></span> <span class='ocrx_word' id='word_1_734' title='bbox 2573 4232 2701 4277; x_wconf 87' lang='lat' dir='ltr'><strong>sunt</strong></span> <span class='ocrx_word' id='word_1_735' title='bbox 2728 4226 2905 4294; x_wconf 83' lang='lat' dir='ltr'><strong>adipe,</strong></span> 
     </span>
    </p>
   </div>
   <div class='ocr_carea' id='block_1_132' title="bbox 2075 4293 3046 4364">
    <p class='ocr_par' dir='ltr' id='par_1_132' title="bbox 2075 4293 3046 4364">
     <span class='ocr_line' id='line_1_134' title="bbox 2075 4293 3046 4364; baseline 0.003 -15"><span class='ocrx_word' id='word_1_736' title='bbox 2075 4304 2128 4349; x_wconf 90' lang='lat' dir='ltr'><strong>ct</strong></span> <span class='ocrx_word' id='word_1_737' title='bbox 2151 4293 2402 4349; x_wconf 89' lang='lat' dir='ltr'><strong>medullis</strong></span> <span class='ocrx_word' id='word_1_738' title='bbox 2425 4310 2543 4347; x_wconf 84' lang='lat' dir='ltr'><strong>ossa</strong></span> <span class='ocrx_word' id='word_1_739' title='bbox 2571 4296 2716 4350; x_wconf 91' lang='lat' dir='ltr'><strong>illius</strong></span> <span class='ocrx_word' id='word_1_740' title='bbox 2741 4293 3046 4364; x_wconf 79' lang='lat' dir='ltr'><strong>irrigantur.</strong></span> 
     </span>
    </p>
   </div>
   <div class='ocr_carea' id='block_1_133' title="bbox 1945 4366 3369 4427">
    <p class='ocr_par' dir='ltr' id='par_1_133' title="bbox 1945 4366 3369 4427">
     <span class='ocr_line' id='line_1_135' title="bbox 1945 4366 3369 4427; baseline 0.005 -6"><span class='ocrx_word' id='word_1_741' title='bbox 1945 4394 1951 4399; x_wconf 87' lang='lat'><strong><em>-</em></strong></span> <span class='ocrx_word' id='word_1_742' title='bbox 2003 4366 2152 4421; x_wconf 84' lang='lat' dir='ltr'><strong>Alius</strong></span> <span class='ocrx_word' id='word_1_743' title='bbox 2177 4382 2303 4421; x_wconf 82' lang='lat' dir='ltr'><strong>vero</strong></span> <span class='ocrx_word' id='word_1_744' title='bbox 2333 4366 2559 4419; x_wconf 88' lang='lat' dir='ltr'><strong>moritur</strong></span> <span class='ocrx_word' id='word_1_745' title='bbox 2587 4367 2639 4421; x_wconf 90' lang='lat' dir='ltr'><strong>in</strong></span> <span class='ocrx_word' id='word_1_746' title='bbox 2664 4369 3021 4423; x_wconf 86' lang='lat' dir='ltr'><strong>amaritudine</strong></span> <span class='ocrx_word' id='word_1_747' title='bbox 3052 4372 3245 4427; x_wconf 64' lang='lat' dir='ltr'><strong>anima}</strong></span> <span class='ocrx_word' id='word_1_748' title='bbox 3276 4370 3295 4409; x_wconf 68' lang='grc' dir='ltr'>ί</span> <span class='ocrx_word' id='word_1_749' title='bbox 3368 4396 3369 4399; x_wconf 47' lang='grc' dir='ltr'><strong>η</strong></span> 
     </span>
    </p>
   </div>
   <div class='ocr_carea' id='block_1_134' title="bbox 2077 4438 2673 4508">
    <p class='ocr_par' dir='ltr' id='par_1_134' title="bbox 2077 4438 2673 4508">
     <span class='ocr_line' id='line_1_136' title="bbox 2077 4438 2673 4508; baseline 0.003 -17"><span class='ocrx_word' id='word_1_750' title='bbox 2077 4440 2277 4508; x_wconf 59' lang='lat' dir='ltr'><strong>absque</strong></span> <span class='ocrx_word' id='word_1_751' title='bbox 2306 4438 2425 4491; x_wconf 86' lang='lat' dir='ltr'><strong>ullis</strong></span> <span class='ocrx_word' id='word_1_752' title='bbox 2457 4439 2673 4507; x_wconf 88' lang='lat' dir='ltr'><strong>Opibus.</strong></span> 
     </span>
    </p>
   </div>
   <div class='ocr_carea' id='block_1_135' title="bbox 2003 4509 3114 4590">
    <p class='ocr_par' dir='ltr' id='par_1_135' title="bbox 2003 4509 3114 4590">
     <span class='ocr_line' id='line_1_137' title="bbox 2003 4509 3114 4590; baseline 0.002 -25"><span class='ocrx_word' id='word_1_753' title='bbox 2003 4511 2071 4565; x_wconf 82' lang='lat' dir='ltr'><strong>Et</strong></span> <span class='ocrx_word' id='word_1_754' title='bbox 2101 4519 2278 4565; x_wconf 85' lang='lat' dir='ltr'><strong>tamen</strong></span> <span class='ocrx_word' id='word_1_755' title='bbox 2309 4509 2467 4563; x_wconf 92' lang='lat' dir='ltr'><strong>simul</strong></span> <span class='ocrx_word' id='word_1_756' title='bbox 2497 4509 2550 4590; x_wconf 83' lang='lat' dir='ltr'><strong>in</strong></span> <span class='ocrx_word' id='word_1_757' title='bbox 2580 4509 2796 4576; x_wconf 87' lang='lat' dir='ltr'><strong>pulvere</strong></span> <span class='ocrx_word' id='word_1_758' title='bbox 2824 4509 3114 4579; x_wconf 89' lang='lat' dir='ltr'><strong>dormient,</strong></span> 
     </span>
    </p>
   </div>
   <div class='ocr_carea' id='block_1_136' title="bbox 2075 4589 2771 4649">
    <p class='ocr_par' dir='ltr' id='par_1_136' title="bbox 2075 4589 2771 4649">
     <span class='ocr_line' id='line_1_138' title="bbox 2075 4589 2771 4649; baseline -0.006 -14"><span class='ocrx_word' id='word_1_759' title='bbox 2075 4592 2125 4635; x_wconf 74' lang='lat' dir='ltr'><strong>Cl</strong></span> <span class='ocrx_word' id='word_1_760' title='bbox 2154 4594 2365 4635; x_wconf 83' lang='lat' dir='ltr'><strong>vermes</strong></span> <span class='ocrx_word' id='word_1_761' title='bbox 2390 4589 2634 4649; x_wconf 82' lang='lat' dir='ltr'><strong>operient</strong></span> <span class='ocrx_word' id='word_1_762' title='bbox 2659 4596 2771 4634; x_wconf 76' lang='lat' dir='ltr'><strong>COS.</strong></span> 
     </span>
    </p>
   </div>
   <div class='ocr_carea' id='block_1_137' title="bbox 1924 4628 2940 4721">
    <p class='ocr_par' dir='ltr' id='par_1_137' title="bbox 1924 4628 2940 4721">
     <span class='ocr_line' id='line_1_139' title="bbox 1924 4628 2940 4721; baseline -0.001 -15"><span class='ocrx_word' id='word_1_763' title='bbox 1924 4628 1976 4688; x_wconf 79' lang='lat' dir='ltr'><strong>D</strong></span> <span class='ocrx_word' id='word_1_764' title='bbox 2002 4652 2163 4707; x_wconf 90' lang='lat' dir='ltr'><strong>Certe</strong></span> <span class='ocrx_word' id='word_1_765' title='bbox 2186 4655 2307 4707; x_wconf 88' lang='lat' dir='ltr'><strong>n0vi</strong></span> <span class='ocrx_word' id='word_1_766' title='bbox 2340 4628 2686 4721; x_wconf 54' lang='lat' dir='ltr'><strong>cog&#39;itationcs</strong></span> <span class='ocrx_word' id='word_1_767' title='bbox 2714 4663 2940 4717; x_wconf 78' lang='lat' dir='ltr'><strong>vestras,</strong></span> 
     </span>
    </p>
   </div>
   <div class='ocr_carea' id='block_1_138' title="bbox 2076 4724 3050 4796">
    <p class='ocr_par' dir='ltr' id='par_1_138' title="bbox 2076 4724 3050 4796">
     <span class='ocr_line' id='line_1_140' title="bbox 2076 4724 3050 4796; baseline 0.003 -18"><span class='ocrx_word' id='word_1_768' title='bbox 2076 4734 2130 4778; x_wconf 88' lang='lat' dir='ltr'><strong>et</strong></span> <span class='ocrx_word' id='word_1_769' title='bbox 2155 4724 2683 4796; x_wconf 63' lang='lat' dir='ltr'><strong>sentcntiascoutra</strong></span> <span class='ocrx_word' id='word_1_770' title='bbox 2705 4740 2789 4778; x_wconf 85' lang='lat' dir='ltr'><strong>nte</strong></span> <span class='ocrx_word' id='word_1_771' title='bbox 2821 4726 3050 4796; x_wconf 87' lang='lat' dir='ltr'><strong>iniquas.</strong></span> 
     </span>
    </p>
   </div>
   <div class='ocr_carea' id='block_1_139' title="bbox 2005 4792 3173 4870">
    <p class='ocr_par' dir='ltr' id='par_1_139' title="bbox 2005 4792 3173 4870">
     <span class='ocr_line' id='line_1_141' title="bbox 2005 4792 3173 4870; baseline 0.006 -21"><span class='ocrx_word' id='word_1_772' title='bbox 2005 4794 2364 4870; x_wconf 70' lang='lat' dir='ltr'><strong>Dicitiscnim</strong></span> <span class='ocrx_word' id='word_1_773' title='bbox 2393 4815 2403 4847; x_wconf 92' lang='lat'><strong>:</strong></span> <span class='ocrx_word' id='word_1_774' title='bbox 2434 4792 2533 4849; x_wconf 89' lang='lat' dir='ltr'><strong>Ubi</strong></span> <span class='ocrx_word' id='word_1_775' title='bbox 2557 4795 2848 4870; x_wconf 76' lang='lat' dir='ltr'><strong>estdomus</strong></span> <span class='ocrx_word' id='word_1_776' title='bbox 2875 4792 3173 4870; x_wconf 69' lang='lat' dir='ltr'><strong>principis?</strong></span> 
     </span>
    </p>
   </div>
   <div class='ocr_carea' id='block_1_140' title="bbox 2074 4865 2979 4940">
    <p class='ocr_par' dir='ltr' id='par_1_140' title="bbox 2074 4865 2979 4940">
     <span class='ocr_line' id='line_1_142' title="bbox 2074 4865 2979 4940; baseline 0 -18"><span class='ocrx_word' id='word_1_777' title='bbox 2074 4876 2128 4922; x_wconf 92' lang='lat' dir='ltr'><strong>et</strong></span> <span class='ocrx_word' id='word_1_778' title='bbox 2158 4865 2246 4920; x_wconf 91' lang='lat' dir='ltr'><strong>ubi</strong></span> <span class='ocrx_word' id='word_1_779' title='bbox 2277 4865 2619 4940; x_wconf 80' lang='lat' dir='ltr'><strong>tabernacula</strong></span> <span class='ocrx_word' id='word_1_780' title='bbox 2650 4865 2979 4940; x_wconf 80' lang='lat' dir='ltr'><strong>impiorum?</strong></span> 
     </span>
    </p>
   </div>
   <div class='ocr_carea' id='block_1_141' title="bbox 2003 4936 3105 5010">
    <p class='ocr_par' dir='ltr' id='par_1_141' title="bbox 2003 4936 3105 5010">
     <span class='ocr_line' id='line_1_143' title="bbox 2003 4936 3105 5010; baseline 0.005 -19"><span class='ocrx_word' id='word_1_781' title='bbox 2003 4936 2334 5008; x_wconf 69' lang='lat' dir='ltr'><strong>[interrogate</strong></span> <span class='ocrx_word' id='word_1_782' title='bbox 2365 4936 2762 5010; x_wconf 10' lang='lat' dir='ltr'><strong>quemlibetgde</strong></span> <span class='ocrx_word' id='word_1_783' title='bbox 2790 4940 3105 5010; x_wconf 75' lang='lat' dir='ltr'><strong>viatoribus,</strong></span> 
     </span>
    </p>
   </div>
   <div class='ocr_carea' id='block_1_142' title="bbox 2076 5007 3359 5085">
    <p class='ocr_par' dir='ltr' id='par_1_142' title="bbox 2076 5007 3359 5085">
     <span class='ocr_line' id='line_1_144' title="bbox 2076 5007 3359 5085; baseline 0.006 -23"><span class='ocrx_word' id='word_1_784' title='bbox 2076 5020 2130 5085; x_wconf 84' lang='lat' dir='ltr'><strong>et</strong></span> <span class='ocrx_word' id='word_1_785' title='bbox 2162 5007 2275 5085; x_wconf 61' lang='lat' dir='ltr'><strong>huic</strong></span> <span class='ocrx_word' id='word_1_786' title='bbox 2290 5007 2492 5085; x_wconf 69' lang='lat' dir='ltr'><strong>eadem</strong></span> <span class='ocrx_word' id='word_1_787' title='bbox 2522 5023 2655 5085; x_wconf 79' lang='lat' dir='ltr'><strong>cum</strong></span> <span class='ocrx_word' id='word_1_788' title='bbox 2674 5008 2975 5085; x_wconf 82' lang='lat' dir='ltr'><strong>intelligere</strong></span> <span class='ocrx_word' id='word_1_789' title='bbox 2998 5007 3359 5085; x_wconf 77' lang='lat' dir='ltr'><strong>cognoscetis.</strong></span> 
     </span>
    </p>
   </div>
   <div class='ocr_carea' id='block_1_143' title="bbox 2002 5078 3595 5208">
    <p class='ocr_par' dir='ltr' id='par_1_143' title="bbox 2002 5078 3595 5208">
     <span class='ocr_line' id='line_1_145' title="bbox 2002 5078 3595 5208; baseline 0.007 -72"><span class='ocrx_word' id='word_1_790' title='bbox 2002 5081 2137 5149; x_wconf 85' lang='lat' dir='ltr'><strong>Quia</strong></span> <span class='ocrx_word' id='word_1_791' title='bbox 2179 5080 2241 5208; x_wconf 79' lang='lat' dir='ltr'><strong>inI</strong></span> <span class='ocrx_word' id='word_1_792' title='bbox 2272 5080 2414 5136; x_wconf 90' lang='lat' dir='ltr'><strong>diem</strong></span> <span class='ocrx_word' id='word_1_793' title='bbox 2462 5079 2781 5151; x_wconf 89' lang='lat' dir='ltr'><strong>perditionis</strong></span> <span class='ocrx_word' id='word_1_794' title='bbox 2821 5078 3216 5161; x_wconf 46' lang='lat' dir='ltr'><strong>sérvatur’Ml.</strong></span> <span class='ocrx_word' id='word_1_795' title='bbox 3265 5078 3595 5167; x_wconf 67' lang='lat' dir='ltr'><strong>servabitur]</strong></span> 
     </span>
     <span class='ocr_line' id='line_1_146' title="bbox 2138 5168 2333 5208; baseline 0 0"><span class='ocrx_word' id='word_1_796' title='bbox 2138 5168 2223 5208; x_wconf 88' lang='lat' dir='ltr'><strong>ma</strong></span> <span class='ocrx_word' id='word_1_797' title='bbox 2250 5168 2333 5208; x_wconf 89' lang='lat' dir='ltr'><strong>us.</strong></span> 
     </span>
    </p>
   </div>
   <div class='ocr_carea' id='block_1_144' title="bbox 2138 5168 2333 5221">
    <p class='ocr_par' dir='ltr' id='par_1_144' title="bbox 2138 5168 2333 5221">
     <span class='ocr_line' id='line_1_147' title="bbox 2138 5168 2333 5221; baseline -0.01 -12"><span class='ocrx_word' id='word_1_798' title='bbox 2138 5168 2333 5221; x_wconf 88' lang='lat' dir='ltr'><strong>matus,</strong></span> 
     </span>
    </p>
   </div>
   <div class='ocr_carea' id='block_1_145' title="bbox 2005 5267 3600 5327">
    <p class='ocr_par' dir='ltr' id='par_1_145' title="bbox 2005 5267 3600 5327">
     <span class='ocr_line' id='line_1_148' title="bbox 2005 5267 3600 5327; baseline -0.009 -4"><span class='ocrx_word' id='word_1_799' title='bbox 2005 5267 2138 5323; x_wconf 81' lang='lat' dir='ltr'><strong>illud</strong></span> <span class='ocrx_word' id='word_1_800' title='bbox 2192 5267 2385 5323; x_wconf 90' lang='lat' dir='ltr'><strong>nescit.</strong></span> <span class='ocrx_word' id='word_1_801' title='bbox 3588 5318 3600 5327; x_wconf 87' lang='lat'><strong>_</strong></span> 
     </span>
    </p>
   </div>
   <div class='ocr_carea' id='block_1_146' title="bbox 2077 5336 3597 5417">
    <p class='ocr_par' dir='ltr' id='par_1_146' title="bbox 2077 5336 3597 5417">
     <span class='ocr_line' id='line_1_149' title="bbox 2077 5336 3597 5417; baseline 0.009 -26"><span class='ocrx_word' id='word_1_802' title='bbox 2077 5336 2103 5377; x_wconf 69' lang='grc' dir='ltr'>ἀ</span> <span class='ocrx_word' id='word_1_803' title='bbox 2147 5338 2367 5417; x_wconf 71' lang='lat' dir='ltr'><strong>Regina:</strong></span> <span class='ocrx_word' id='word_1_804' title='bbox 2407 5352 2507 5393; x_wconf 90' lang='lat' dir='ltr'><strong>ms.</strong></span> <span class='ocrx_word' id='word_1_805' title='bbox 2534 5336 2719 5393; x_wconf 80' lang='lat' dir='ltr'><strong>Poscet</strong></span> <span class='ocrx_word' id='word_1_806' title='bbox 2764 5338 2811 5391; x_wconf 79' lang='lat' dir='ltr'><strong>ei</strong></span> <span class='ocrx_word' id='word_1_807' title='bbox 2841 5356 3136 5417; x_wconf 55' lang='lat' dir='ltr'><strong>numerum,</strong></span> <span class='ocrx_word' id='word_1_808' title='bbox 3178 5350 3310 5414; x_wconf 88' lang='lat' dir='ltr'><strong>etc.,</strong></span> <span class='ocrx_word' id='word_1_809' title='bbox 3342 5356 3597 5417; x_wconf 75' lang='lat' dir='ltr'><strong>corrupte</strong></span> 
     </span>
    </p>
   </div>
   <div class='ocr_carea' id='block_1_147' title="bbox 2007 5411 3099 5481">
    <p class='ocr_par' dir='ltr' id='par_1_147' title="bbox 2007 5411 3099 5481">
     <span class='ocr_line' id='line_1_150' title="bbox 2007 5411 3099 5481; baseline 0 -16"><span class='ocrx_word' id='word_1_810' title='bbox 2007 5421 2211 5474; x_wconf 90' lang='lat' dir='ltr'><strong>tamen,</strong></span> <span class='ocrx_word' id='word_1_811' title='bbox 2244 5412 2468 5481; x_wconf 80' lang='lat' dir='ltr'><strong>ipsoque</strong></span> <span class='ocrx_word' id='word_1_812' title='bbox 2494 5418 2642 5466; x_wconf 83' lang='lat' dir='ltr'><strong>textu</strong></span> <span class='ocrx_word' id='word_1_813' title='bbox 2672 5411 3099 5467; x_wconf 79' lang='lat' dir='ltr'><strong>contradicente.</strong></span> 
     </span>
    </p>
   </div>
   <div class='ocr_carea' id='block_1_148' title="bbox 2082 5481 3599 5556">
    <p class='ocr_par' dir='ltr' id='par_1_148' title="bbox 2082 5481 3599 5556">
     <span class='ocr_line' id='line_1_151' title="bbox 2082 5481 3599 5556; baseline 0.003 -18"><span class='ocrx_word' id='word_1_814' title='bbox 2082 5492 2104 5521; x_wconf 72' lang='grc' dir='ltr'><strong>ε</strong></span> <span class='ocrx_word' id='word_1_815' title='bbox 2137 5481 2345 5556; x_wconf 72' lang='lat' dir='ltr'><strong>Eodem</strong></span> <span class='ocrx_word' id='word_1_816' title='bbox 2375 5496 2540 5537; x_wconf 83' lang='lat' dir='ltr'><strong>sensu</strong></span> <span class='ocrx_word' id='word_1_817' title='bbox 2582 5484 2769 5556; x_wconf 73' lang='lat' dir='ltr'><strong>legunt</strong></span> <span class='ocrx_word' id='word_1_818' title='bbox 2792 5484 2975 5556; x_wconf 75' lang='lat' dir='ltr'><strong>plures</strong></span> <span class='ocrx_word' id='word_1_819' title='bbox 3010 5499 3143 5538; x_wconf 81' lang='lat' dir='ltr'><strong>mss.</strong></span> <span class='ocrx_word' id='word_1_820' title='bbox 3182 5486 3423 5556; x_wconf 75' lang='lat' dir='ltr'><strong>codices,</strong></span> <span class='ocrx_word' id='word_1_821' title='bbox 3459 5489 3599 5545; x_wconf 79' lang='lat' dir='ltr'><strong>Etsi</strong></span> 
     </span>
    </p>
   </div>
   <div class='ocr_carea' id='block_1_149' title="bbox 2008 5552 3609 5627">
    <p class='ocr_par' dir='ltr' id='par_1_149' title="bbox 2008 5552 3609 5627">
     <span class='ocr_line' id='line_1_152' title="bbox 2008 5552 3609 5627; baseline 0.004 -19"><span class='ocrx_word' id='word_1_822' title='bbox 2008 5571 2250 5627; x_wconf 78' lang='lat' dir='ltr'><strong>numerus</strong></span> <span class='ocrx_word' id='word_1_823' title='bbox 2268 5555 2467 5627; x_wconf 65' lang='lat' dir='ltr'><strong>dierum</strong></span> <span class='ocrx_word' id='word_1_824' title='bbox 2495 5556 2605 5627; x_wconf 78' lang='lat' dir='ltr'><strong>ejus</strong></span> <span class='ocrx_word' id='word_1_825' title='bbox 2637 5552 2958 5627; x_wconf 75' lang='lat' dir='ltr'><strong>dimidietur.</strong></span> <span class='ocrx_word' id='word_1_826' title='bbox 2980 5556 3312 5614; x_wconf 76' lang='lat' dir='ltr'><strong>Scholiastes</strong></span> <span class='ocrx_word' id='word_1_827' title='bbox 3339 5552 3435 5614; x_wconf 81' lang='lat' dir='ltr'><strong>aut</strong></span> <span class='ocrx_word' id='word_1_828' title='bbox 3459 5562 3609 5616; x_wconf 69' lang='lat' dir='ltr'><strong>alius;</strong></span> 
     </span>
    </p>
   </div>
   <div class='ocr_carea' id='block_1_150' title="bbox 2005 5625 3602 5689">
    <p class='ocr_par' dir='ltr' id='par_1_150' title="bbox 2005 5625 3602 5689">
     <span class='ocr_line' id='line_1_153' title="bbox 2005 5625 3602 5689; baseline 0.004 -7"><span class='ocrx_word' id='word_1_829' title='bbox 2005 5625 2325 5682; x_wconf 88' lang='lat' dir='ltr'><strong>emendator</strong></span> <span class='ocrx_word' id='word_1_830' title='bbox 2373 5625 2611 5679; x_wconf 82' lang='lat' dir='ltr'><strong>Canonis</strong></span> <span class='ocrx_word' id='word_1_831' title='bbox 2654 5626 2798 5680; x_wconf 89' lang='lat' dir='ltr'><strong>delet</strong></span> <span class='ocrx_word' id='word_1_832' title='bbox 2847 5625 2900 5680; x_wconf 92' lang='lat' dir='ltr'><strong>in</strong></span> <span class='ocrx_word' id='word_1_833' title='bbox 2949 5643 3053 5682; x_wconf 88' lang='lat' dir='ltr'><strong>ms.</strong></span> <span class='ocrx_word' id='word_1_834' title='bbox 3107 5628 3602 5689; x_wconf 75' lang='lat' dir='ltr'><strong>Sau-Getnianeusi</strong></span> 
     </span>
    </p>
   </div>
   <div class='ocr_carea' id='block_1_151' title="bbox 2008 5696 3602 5773">
    <p class='ocr_par' dir='ltr' id='par_1_151' title="bbox 2008 5696 3602 5773">
     <span class='ocr_line' id='line_1_154' title="bbox 2008 5696 3602 5773; baseline 0.006 -24"><span class='ocrx_word' id='word_1_835' title='bbox 2008 5696 2416 5773; x_wconf 30' lang='lat' dir='ltr'><strong>parthIllﬂmAﬂf,</strong></span> <span class='ocrx_word' id='word_1_836' title='bbox 2441 5705 2498 5751; x_wconf 84' lang='lat' dir='ltr'><strong>et</strong></span> <span class='ocrx_word' id='word_1_837' title='bbox 2525 5697 2583 5749; x_wconf 80' lang='lat' dir='ltr'><strong>in</strong></span> <span class='ocrx_word' id='word_1_838' title='bbox 2604 5698 3121 5773; x_wconf 48' lang='lat' dir='ltr'><strong>‘margiuelitteram</strong></span> <span class='ocrx_word' id='word_1_839' title='bbox 3151 5700 3181 5754; x_wconf 77' lang='grc' dir='ltr'><strong>ὁ</strong></span> <span class='ocrx_word' id='word_1_840' title='bbox 3207 5703 3499 5773; x_wconf 66' lang='lat' dir='ltr'><strong>apposuit,</strong></span> <span class='ocrx_word' id='word_1_841' title='bbox 3540 5714 3602 5759; x_wconf 79' lang='lat' dir='ltr'><strong>ut</strong></span> 
     </span>
    </p>
   </div>
   <div class='ocr_carea' id='block_1_152' title="bbox 2009 5769 3619 5840">
    <p class='ocr_par' dir='ltr' id='par_1_152' title="bbox 2009 5769 3619 5840">
     <span class='ocr_line' id='line_1_155' title="bbox 2009 5769 3619 5840; baseline 0.002 -17"><span class='ocrx_word' id='word_1_842' title='bbox 2009 5770 2273 5840; x_wconf 83' lang='lat' dir='ltr'><strong>indicaret</strong></span> <span class='ocrx_word' id='word_1_843' title='bbox 2302 5770 2586 5823; x_wconf 67' lang='lat' dir='ltr'><strong>llehrmuiu</strong></span> <span class='ocrx_word' id='word_1_844' title='bbox 2618 5769 2800 5836; x_wconf 78' lang='lat' dir='ltr'><strong>legere</strong></span> <span class='ocrx_word' id='word_1_845' title='bbox 2828 5770 3030 5840; x_wconf 81' lang='lat' dir='ltr'><strong>absque</strong></span> <span class='ocrx_word' id='word_1_846' title='bbox 3059 5773 3170 5827; x_wconf 78' lang='lat' dir='ltr'><strong>ullo</strong></span> <span class='ocrx_word' id='word_1_847' title='bbox 3197 5769 3261 5826; x_wconf 74' lang='lat' dir='ltr'><strong>si.</strong></span> <span class='ocrx_word' id='word_1_848' title='bbox 3286 5769 3495 5829; x_wconf 52' lang='grc' dir='ltr'>Μιιιτᾙ</span> <span class='ocrx_word' id='word_1_849' title='bbox 3612 5812 3619 5821; x_wconf 91' lang='grc'><strong>.</strong></span> 
     </span>
    </p>
   </div>
   <div class='ocr_carea' id='block_1_153' title="bbox 2084 5839 3624 5915">
    <p class='ocr_par' dir='ltr' id='par_1_153' title="bbox 2084 5839 3624 5915">
     <span class='ocr_line' id='line_1_156' title="bbox 2084 5839 3624 5915; baseline 0.003 -24"><span class='ocrx_word' id='word_1_850' title='bbox 2084 5839 2101 5879; x_wconf 77' lang='grc' dir='ltr'><strong>ι</strong></span> <span class='ocrx_word' id='word_1_851' title='bbox 2136 5841 2298 5915; x_wconf 66' lang='lat' dir='ltr'><strong>Addit</strong></span> <span class='ocrx_word' id='word_1_852' title='bbox 2344 5840 2779 5915; x_wconf 75' lang='lat' dir='ltr'><strong>Palatiu._codex</strong></span> <span class='ocrx_word' id='word_1_853' title='bbox 2809 5856 2919 5897; x_wconf 68' lang='lat' dir='ltr'><strong>sua:</strong></span> <span class='ocrx_word' id='word_1_854' title='bbox 2945 5839 2962 5897; x_wconf 67' lang='grc' dir='ltr'><em>ὲ</em></span> <span class='ocrx_word' id='word_1_855' title='bbox 2992 5843 3135 5913; x_wconf 77' lang='lat' dir='ltr'><strong>quod</strong></span> <span class='ocrx_word' id='word_1_856' title='bbox 3162 5858 3461 5915; x_wconf 86' lang='lat' dir='ltr'><strong>pronomen</strong></span> <span class='ocrx_word' id='word_1_857' title='bbox 3503 5861 3624 5905; x_wconf 67' lang='grc' dir='ltr'><strong>τε..</strong></span> 
     </span>
    </p>
   </div>
   <div class='ocr_carea' id='block_1_154' title="bbox 2007 5912 2777 5983">
    <p class='ocr_par' dir='ltr' id='par_1_154' title="bbox 2007 5912 2777 5983">
     <span class='ocr_line' id='line_1_157' title="bbox 2007 5912 2777 5983; baseline -0.003 -13"><span class='ocrx_word' id='word_1_858' title='bbox 2007 5913 2138 5970; x_wconf 84' lang='lat' dir='ltr'><strong>ticet</strong></span> <span class='ocrx_word' id='word_1_859' title='bbox 2166 5912 2450 5969; x_wconf 65' lang='lat' dir='ltr'><strong>Hebreum</strong></span> <span class='ocrx_word' id='word_1_860' title='bbox 2470 5912 2777 5983; x_wconf 75' lang='lat' dir='ltr'><strong>exemplar.</strong></span> 
     </span>
    </p>
   </div>
  </div>
