4108 6360
334 304 479 407 ἳιοθ

406 467 462 521 in
494 472 638 539 terra
666 462 882 539 penitus
905 479 1011 523 non
1035 472 1314 535 parentes.

334 536 489 594 Nunc
515 536 793 594 ineorum
815 539 1085 595 canticum
1117 553 1307 594 versus
1330 551 1474 601 sum,

404 618 461 665 et
483 609 654 664 factus
681 624 797 663 sum
829 610 907 663 eis
928 608 1032 682 [AL
1064 610 1186 682 add3
1220 606 1296 680 in]
1328 606 1672 680 proverbium
1700 625 1716 665 :

333 681 727 737 Abominantur
758 696 865 746 me,
896 680 946 735 ei
982 681 1139 751 lenge
1166 680 1374 751 fugiunt
1407 697 1434 739 ει
1462 697 1570 746 me,

405 763 459 807 et
486 753 676 807 faciem
706 767 879 824 meam
904 767 1211 823 conspuere
1242 760 1639 823 numerentur.

334 823 651 907 Pltaretram
685 824 827 877 enim
859 839 1007 907 suam
1034 825 1264 896 aperuit,
1294 834 1351 883 et
1378 824 1571 881 afflixit
1596 837 1707 890 me,

370 948 375 973 ι
406 905 458 953 et
490 894 700 959 frenum
729 896 913 969 posuit.
939 895 990 957 in
1018 894 1083 951 os
1124 894 1324 951 meum.

332 967 411 1024 Ad
444 968 725 1023 dexteram
776 966 1002 1022 orientis
1042 966 1377 1023 calamitates
1422 981 1561 1041 mea:
1606 965 1756 1023 illico
1804 981 1927 1022 sur-

478 1046 743 1094 rexerunt
774 1056 787 1092 ζ

404 1110 570 1181 pedes
601 1124 751 1166 meos
778 1109 1185 1179 subverteruut,
1264 1112 1269 1115 ’

403 1179 459 1238 et
485 1183 878 1255 oppresserunt
904 1182 1056 1254 quasi
1085 1181 1339 1239 ﬂuctibus
1370 1181 1583 1241 semitis
1616 1179 1751 1249 suis.

334 1253 748 1325 Dissipaverunt
770 1253 964 1310 itinera
994 1269 1133 1321 mea,
1252 1324 1259 1325 ί
1364 1272 1371 1283 ί

404 1324 640 1381 insidiati
664 1335 790 1380 sunt
807 1324 960 1397 mihi,
991 1332 1046 1382 et
1070 1324 1489 1397 prazvaluerunt,

398 1408 455 1453 et
484 1413 593 1455 non
626 1397 720 1465 fuit
743 1399 837 1467 qui
873 1396 1039 1459 ferret
1067 1396 1350 1465 auxilium.

328 1468 494 1552 Quasi
533 1464 692 1541 rupto
717 1464 899 1552 tauro,
926 1477 983 1524 et
1004 1480 1190 1541 aperta
1220 1464 1387 1543 janua
1408 1465 1488 1541 [h.
1514 1468 1685 1541 [tacta
1700 1464 1919 1543 jtttttta},

356 1546 363 1551 ‘
432 1546 437 1547 '
472 1546 751 1595 irruerunt
778 1555 941 1609 super
965 1557 1072 1605 me,

397 1620 453 1667 et
477 1612 544 1665 ad
576 1625 726 1668 meas
745 1611 997 1681 miserias
1017 1610 1256 1677 devoluti
1281 1618 1429 1681 Sunt.

292 1682 598 1740 ,Redactus
620 1698 742 1738 sum
769 1682 822 1737 in
852 1680 1004 1738 nihili
1038 1701 1052 1740 :

396 1753 668 1827 abstulisti
699 1754 853 1824 quasi
874 1763 1070 1813 ventus
1109 1753 1442 1827 desiderium
1473 1768 1655 1827 meum
1684 1771 1701 1813 ξ

395 1835 451 1881 et
483 1825 630 1900 velut
663 1827 835 1900 nubes
866 1826 1182 1900 pertransiit
1208 1827 1358 1883 salus
1383 1825 1525 1900 mea.

324 1892 477 1953 Nunc
507 1892 685 1969 autem
717 1896 769 1952 iu
814 1892 1134 1969 m'emetipsa
1165 1897 1453 1969 marcescit
1482 1892 1665 1955 anima
1697 1910 1841 1969 mea,

394 1976 453 2025 et
478 1968 759 2039 possident
784 1983 872 2025 me
892 1969 1009 2039 dies
1037 1965 1369 2024 amictionis.

323 2037 497 2097 Nocte
518 2055 579 2096 os
608 2054 789 2107 meum
816 2037 1129 2111 perforatur
1149 2039 1463 2111 doloribus;

396 2112 559 2182 etqui
592 2127 679 2182 me
705 2109 1026 2180 comedunt,
1051 2128 1161 2167 non
1184 2109 1481 2169 dormiunt.

322 2183 380 2239 In
396 2199 445 2237 ιιι
456 2181 745 2239 altitudine
758 2199 945 2249 eorum
958 2184 1298 2240 consumitur
1310 2183 1691 2241 vestimentum
1712 2198 1914 2251 meum,

392 2262 449 2309 et
470 2255 622 2324 quasi
646 2254 1074 2333 capitio_tunica:
1107 2255 1498 2311 succinxerunt
1519 2270 1627 2313 me.

320 2324 681 2396 Comparatus
708 2324 828 2393 sum
857 2326 996 2393 luto,

395 2394 812 2454 tetrassimilattts
838 2413 965 2453 sum
988 2396 1188 2459 favillae
1206 2405 1262 2454 et
1288 2394 1487 2454 cineri.

321 2468 515 2524 Clamo
542 2469 608 2531 ad
637 2478 709 2533 te,
741 2477 793 2535 et
823 2485 927 2524 non
951 2468 1175 2524 exaudis
1206 2483 1293 2535 me
1321 2485 1337 2524 :

395 2549 511 2604 sto,
544 2544 599 2596 et
632 2556 739 2595 non
772 2539 1002 2608 respicis
1024 2556 1129 2596 me.

324 2611 568 2667 Mutatus
597 2627 656 2666 es
686 2612 817 2666 mihi
852 2613 903 2665 in
935 2612 1238 2679 crudelem,

395 2692 450 2737 et
478 2685 530 2737 in
552 2682 763 2757 duritia
791 2699 983 2755 manus
1016 2695 1119 2739 tua:
1148 2683 1457 2757 adversaris
1487 2682 1637 2755 mihi.

326 2753 565 2810 Elevasti
595 2771 701 2822 me,

394 2836 449 2881 et
474 2829 630 2895 quasi
665 2842 831 2895 super
859 2836 1078 2881 ventum
1102 2841 1311 2898 ponens

398 2898 586 2953 elisisti
620 2913 707 2953 me
733 2899 932 2964 valide,

323 2967 451 3025 Seio
473 2971 616 3025 enim
647 2969 774 3040 quia
807 2970 967 3027 morti
994 2970 1173 3029 trades
1200 2985 1310 3036 me,

396 3041 487 3095 ubi
508 3038 803 3096 constituta
825 3051 910 3098 est
946 3041 1140 3099 donius
1169 3042 1318 3097 omni
1352 3038 1582 3107 viventi-

238 3122 241 3127 ‘
324 3111 715 3169 Verumtamen
740 3119 847 3168 non
869 3114 935 3168 ad
958 3115 1485 3177 consummationem
1522 3122 1544 3150 ⁸
1568 3128 1743 3179 meam
1760 3112 1918 3183 emit-

468 3186 537 3239 tis
566 3200 785 3240 manum
818 3194 965 3243 tuam
992 3203 1008 3241 :

394 3266 453 3312 et
471 3257 516 3311 si
541 3258 871 3325 corruerint,
904 3257 1021 3326 ipse
1047 3257 1302 3312 Salvabis.
1349 3325 1352 3326 ν
1757 3266 1764 3273 ’
1936 3256 1983 3320 C

323 3326 546 3382 Flebant
575 3328 846 3400 Quondam
878 3325 1039 3400 super
1064 3345 1130 3385 eo
1160 3328 1253 3400 qui
1280 3325 1517 3385 afﬂictus
1544 3336 1692 3397 erat,

396 3408 452 3454 et
470 3398 900 3473 compatiebatur
921 3399 1099 3459 anima
1123 3398 1242 3457 mea
1270 3401 1516 3473 pauperi.

326 3468 724 3539 Exspectabam
751 3471 914 3538 bona,
947 3479 1002 3527 et
1030 3468 1294 3528 \‘Cltel'tltti
1316 3470 1445 3529 mihi
1470 3470 1608 3526 mala
1640 3487 1656 3527 :

397 3543 749 3613 przrstolabar
778 3543 978 3610 lucem,
1007 3552 1061 3599 et
1090 3553 1390 3613 eruperunt
1416 3542 1674 3605 tenebrae.

325 3609 587 3667 Interiora
620 3620 737 3667 mea
761 3609 1127 3670 efferbuerunt
1156 3609 1496 3684 absque'ulla
1530 3615 1737 3684 requie,

398 3696 771 3752 prmveneruut
796 3702 883 3743 tne
909 3687 1026 3741 dies
1053 3686 1385 3749 afflictiouis.

325 3749 559 3810 Maerens
581 3755 922 3823 incedebant,
949 3759 1065 3813 sine
1094 3758 1311 3824 furore;

396 3842 760 3897 consurgens,
790 3827 842 3882 in
876 3828 1032 3885 turba
1060 3829 1310 3885 clamavi.

327 3895 518 3957 Frater
549 3895 627 3973 fui
656 3899 979 3973 draconum,

398 3971 653 4025 etsocius
683 3971 1071 4038 struthiondm,

325 4040 481 4095 Cutis
507 4058 623 4097 mea
652 4042 935 4117 denigrata
967 4052 1051 4099 est
1074 4058 1237 4113 super
1266 4058 1375 4117 me,

380 4125 453 4171 .ct
478 4128 603 4169 ossa
632 4129 751 4169 mea
780 4124 1041 4170 araertmt
1067 4130 1178 4183 pra:
1208 4122 1478 4170 caumate.

332 4183 496 4239 Versa
519 4195 602 4240 est
632 4183 711 4259 [Ιι.
748 4185 811 4242 Et
844 4185 965 4258 fuit]
992 4186 1043 4241 in
1077 4188 1280 4242 luctum
1311 4186 1515 4242 cithara
1545 4202 1685 4255 mea,

401 4267 453 4309 et
485 4272 744 4324 organum
779 4274 958 4313 meum
991 4260 1044 4313 in
1073 4274 1262 4315 vocem
1296 4260 1565 4315 flentium.

328 4324 480 4399 [ουρ.
508 4327 727 4402 ΧΧΧ1.]
751 4330 932 4401 Pepigi
965 4333 1142 4387 foedus
1173 4347 1293 4402 cum
1325 4330 1499 4385 oculis
1526 4331 1683 4398 meis,

404 4410 460 4451 ut
489 4416 555 4453 ne
580 4401 873 4469 cogitarem
907 4404 1122 4469 quidem
1152 4403 1219 4457 de
1249 4401 1475 4471 virgine.

328 4469 499 4546 Quam
524 4471 1150 4546 eninipartettrltaberct
1179 4474 1318 4528 Deus
1337 4469 1397 4529 in
1424 4489 1513 4546 mc
1531 4472 1767 4546 desuper
1791 4471 1839 4541 ι’,

401 4551 453 4593 et
479 4541 851 4613 Incredibilem
884 4544 1241 4613 Omnipotens
1272 4546 1341 4601 de
1365 4542 1641 4601 excelsis?

330 4607 730 4685 Numquidnon
757 4613 987 4683 perditio
1006 4607 1089 4670 est
1117 4614 1322 4685 iniquo.

402 4690 459 4754 ei
480 4682 733 4739 alienatio
762 4682 1114 4752 cperantilms
1140 4682 1454 4754 iniustitiam
1480 4686 1501 4741 i

328 4751 519 4807 Nonne
550 4756 665 4823 ipse
694 4751 1007 4809 considerat
1036 4757 1149 4810 vias
1180 4751 1349 4820 meas.

401 4832 455 4879 et
475 4838 697 4880 cunctos
722 4841 939 4894 gressus
971 4843 1120 4891 meos
1142 4827 1488 4895 dinumerat?

330 4896 387 4951 Si
420 4896 692 4971 ambulavi
722 4900 773 4955 in
804 4899 1055 4964 vanitate,

402 4978 457 5021 et
488 4967 759 5025 festinavit
791 4971 843 5024 in
871 4970 997 5024 dolo
1027 4986 1119 5041 pes
1154 4984 1308 5039 meus
1340 4988 1356 5028 :

331 5038 617 5110 Appendat
647 5056 733 5097 me
761 5042 812 5097 in
837 5038 1038 5098 statera
1066 5043 1235 5113 justa,

404 5120 461 5185 et
485 5113 619 5185 sciat
652 5113 792 5168 Deus
819 5113 1228 5185 simplicitatem
1259 5129 1456 5170 meam.

340 5181 720 5255 Sideclinavit
748 5181 967 5255 gressus
1007 5200 1161 5242 meus
1190 5186 1261 5241 de
1288 5188 1395 5251 via,

404 5260 461 5310 et
484 5256 530 5309 si
560 5254 638 5328 [h.
692 5254 801 5311 non
851 5257 1034 5329 habet]
1063 5268 1309 5314 secutum
1354 5270 1375 5297 ε
1409 5266 1495 5315 est
1542 5258 1731 5315 oculos
1778 5269 1929 5314 meos

478 5341 575 5381 0οΡ
600 5342 802 5391 meum,
1786 5344 1789 5345 ⁷

406 5407 461 5453 et
487 5399 541 5453 in
566 5400 816 5455 manibus
840 5398 977 5455 meis
1007 5400 1236 5457 adhatsit
1265 5402 1496 5458 macula.

408 5543 434 5572 ⁸
475 5534 607 5589 Cum
673 5536 905 5607 vulgatis
964 5536 1185 5607 Reginae
1236 5553 1340 5593 ms.
1397 5554 1575 5592 eorum
1620 5536 1781 5593 habet
1836 5552 1935 5607 pro

336 5620 537 5671 meam;
570 5622 692 5662 cum
726 5617 903 5663 tamen
934 5609 986 5663 in
1018 5611 1244 5665 llcbrzeo
1288 5610 1358 5663 sit
1384 5617 1483 5675 ty:
1507 5628 1521 5665 :
1546 5611 1642 5668 sed
1670 5626 1793 5664 mox
1821 5625 1938 5664 rec-

337 5677 449 5732 tius
476 5679 635 5731 mittis
664 5696 893 5745 manum,
928 5696 1051 5735 nam
1093 5698 1269 5751 neque
1304 5682 1565 5737 llebratus
1594 5683 1742 5735 addit
1770 5691 1936 5736 tuam.

408 5757 435 5796 ι’
474 5759 649 5883 -ιῗιωίι
693 5761 835 5816 idem
884 5777 991 5815 ms.
1045 5765 1275 5818 alterum
1332 5780 1431 5828 me,
1479 5763 1625 5832 quod
1684 5763 1942 5819 Hebraeus

412 5842 488 5883 sci
519 5870 533 5883 .

335 5842 533 5885 lleSCll.

419 5931 439 5958 ε
470 5921 588 5977 Alio
628 5922 741 5980 fere
764 5938 925 5982 sensu
955 5924 1096 5983 idem
1122 5942 1223 5983 ms.
1254 5939 1458 5985 secutus
1491 5936 1568 5987 est
1596 5928 1775 5983 oculus
1792 5941 1936 5985 meus

1774 347 1980 423 LIBER
2015 348 2159 407 JOB.

1954 467 2009 529 Α
2031 464 2242 537 Seram,
2267 476 2324 522 et
2347 466 2487 523 alius
2513 465 2767 523 comedat
2797 484 2811 521 :

1942 4658 1996 4719 D

3489 308 3625 427 tuo

2106 548 2160 593 et
2186 539 2471 609 progenies
2500 554 2618 595 mea
2660 537 2985 595 eradicetur.

1982 670 1987 675 ,
2032 606 2088 665 Si
2124 606 2404 679 deceptum
2433 619 2517 664 est
2541 625 2636 665 eor
2658 626 2833 665 meum
2861 626 3025 680 super
3054 609 3301 675 muliere,

2103 688 2158 735 et
2186 682 2230 735 si
2255 681 2318 735 ad
2341 682 2538 737 ostium
2561 681 2719 739 amici
2749 683 2851 737 mei
2878 682 3161 738 insidiatus
3189 698 3309 737 sum
3344 699 3358 738 :

2029 753 2279 807 Scortum
2303 754 2372 808 sit
2405 768 2541 807 uxor
2562 769 2679 807 mea
2706 753 2950 825 alterius,

2101 832 2156 877 et
2184 839 2347 895 super
2375 824 2519 879 illam
2562 826 2915 895 incurventur
2943 824 3057 893 alii.

2030 893 2143 950 Hoc
2173 893 2315 951 enim
2341 895 2491 950 nefas
2518 905 2625 959 est,

2100 975 2155 1021 et
2178 967 2427 1037 iniquitas
2452 967 2711 1021 maxima.

2026 1036 2169 1108 Ignis
2198 1047 2281 1094 est
2308 1054 2479 1110 usque
2509 1038 2582 1110 ad
2626 1037 2984 1107 perditionem
3015 1038 3308 1107 devorans,

2101 1120 2155 1165 et
2181 1109 2361 1164 omnia
2395 1109 2675 1164 eradicans
2700 1110 2995 1179 genimina.

2025 1177 2084 1235 Si
2134 1181 2435 1252 contempsi
2477 1181 2659 1239 subire
2699 1182 2965 1253 judicium
3016 1197 3137 1239 eum
3184 1197 3343 1241 servo
3384 1200 3505 1241 meo
3547 1193 3600 1242 et

2168 1254 2361 1311 ancilla
2390 1268 2531 1322 mea,

2096 1337 2218 1399 cum
2246 1324 2612 1399 disceptarent
2640 1324 2932 1397 adversum
2963 1340 3069 1383 me.

2024 1394 2580 1523 Quidngnisrg'faciam
2626 1411 2750 1453 cum
2789 1394 3089 1469 surrexerit
3140 1397 3208 1454 ad
3243 1398 3601 1470 judicandum

2251 1485 2282 1523 u

2216 1482 2313 1524 eus

2093 1546 2296 1611 etcum
2316 1539 2617 1610 quasierlt,
2648 1538 2777 1611 quid
2804 1539 3147 1610 respondebo
3176 1540 3297 1596 illi?

2020 1607 2293 1681 Numquid
2317 1607 2428 1683 non
2457 1611 2510 1683 in
2531 1607 2692 1669 utero
2730 1610 2859 1667 fecit
2888 1607 2976 1669 me
3006 1612 3098 1685 qui
3141 1621 3197 1668 et
3234 1612 3387 1669 illum
3415 1626 3610 1686 opera-

2164 1689 2251 1737 tus
2272 1692 2356 1741 est
2380 1700 2395 1740 :

2091 1759 2149 1808 et
2166 1752 2422 1829 formavit
2453 1767 2553 1829 me_
2570 1752 2634 1829 in
2660 1755 2825 1812 vulva
2851 1768 2992 1812 unus
3026 1752 3107 1829 [ιι.
3137 1760 3197 1811 et
3224 1754 3482 1825 formavit
3510 1771 3613 1825 nos,

2162 1824 2216 1879 in
2248 1827 2403 1899 vulva
2424 1823 2594 1899 una]?

1944 1865 1993 1928 Β
2021 1892 2080 1951 Si
2109 1865 2805 1968 negaiizuq‘itiiiiuitolebant,
2828 1896 3181 1968 pauperibus,

2040 1990 2076 2039 '__
2093 1973 2149 2022 et
2177 1966 2369 2039 ecutos
2392 1966 2569 2023 vidum
2592 1966 2915 2039 exspectare
2944 1966 3069 2023 feci.

2021 2034 2081 2095 Si
2104 2037 2317 2094 comedi
2344 2038 2644 2110 buccellam
2677 2034 2855 2110 meam
2886 2038 3057 2110 solus,

2092 2119 2148 2181 et
2169 2124 2275 2166 non
2302 2109 2541 2181 comedit
2565 2108 2802 2181 pupillus
2824 2126 2891 2165 ex
2920 2124 2983 2165 ea
3022 2126 3034 2163 :

2019 2178 2153 2251 Quia
2193 2182 2265 2239 ab
2297 2180 2521 2241 infantia
2562 2178 2679 2256 mea
2730 2183 2902 2256 erevit
2960 2195 3170 2256 me_cum
3218 2181 3499 2249 miseratio
3521 2181 3604 2256 [Ιι.

2164 2267 2415 2325 crescere
2446 2270 2529 2307 me
2562 2252 2693 2309 fecit
2721 2255 2863 2319 sicut
2886 2250 3061 2325 pater]
3096 2271 3107 2308 :

2093 2334 2146 2395 et
2172 2324 2241 2378 de
2269 2333 2424 2395 utero
2453 2325 2639 2381 matris
2665 2338 2807 2395 meae
2837 2324 3060 2395 egressa
3085 2333 3168 2380 est
3192 2340 3428 2391 mecum.

2022 2392 2084 2451 Si
2108 2393 2336 2479 despexi
2362 2393 2684 2479 [illaaspexi]
2714 2392 3055 2465 pereuntem,
3091 2410 3158 2453 eo
3203 2396 3349 2467 quod
3380 2412 3486 2459 non
3512 2396 3610 2463 ita-

2163 2465 2342 2521 buerit
2366 2465 2768 2534 indumentum,

2093 2546 2149 2595 et
2176 2538 2382 2605 absone
2403 2538 2741 2606 operimento
2764 2552 3055 2607 pauperem
3092 2556 3104 2591 :

2019 2607 2077 2665 Si
2106 2624 2214 2671 non
2248 2609 2641 2667 benedixerunt
2672 2608 2805 2664 mihi
2835 2609 3001 2663 latera
3033 2609 3173 2679 ejus,

2093 2690 2147 2735 et
2168 2679 2236 2735 de
2265 2682 2557 2741 velleribus
2588 2681 2767 2735 ovium
2799 2695 3038 2745 mearum
3063 2679 3359 2736 calefactus
3385 2690 3490 2739 est.

2021 2751 2078 2810 Si
2120 2751 2295 2807 levavi
2326 2767 2489 2823 super
2515 2752 2773 2823 pupillum
2804 2765 3021 2807 manum
3054 2767 3251 2817 meam,

2092 2824 2255 2885 etiam
2282 2824 2674 2898 cumviderem
2721 2838 2809 2881 me
2848 2823 2901 2877 in
2949 2833 3109 2895 porta
3157 2823 3497 2893 superiorem
3524 2823 3601 2898 [h.

2164 2893 2479 2967 superiori].

2020 2967 2288 3022 Humerus
2316 2966 2466 3023 meus
2492 2982 2521 3021 a
2547 2966 2803 3036 junctura
2833 2981 2926 3022 sua
2952 2967 3135 3032 cadat,

2091 3049 2147 3094 et
2174 3038 2450 3094 brachium
2484 3054 2661 3094 meum
2690 3054 2812 3093 cum
2837 3038 2949 3095 suis
2970 3040 3183 3094 ossibus
3202 3036 3598 3111 confringatur.

2019 3109 2253 3183 Semper
2278 3112 2422 3168 enim
2448 3111 2602 3182 quasi
2635 3120 2903 3167 tumentes
2925 3126 3091 3183 super
3115 3126 3200 3167 me
3231 3109 3437 3169 fluctus
3456 3111 3608 3169 timui

2211 3197 2357 3249 eum,

2087 3262 2144 3309 et
2172 3254 2382 3323 pondus
2404 3254 2521 3326 ejus
2549 3254 2691 3311 ferre
2718 3268 2824 3310 non
2856 3254 3028 3325 potui.

2016 3324 2073 3381 Si
2098 3328 2281 3396 putavi
2314 3324 2502 3381 aurum
2532 3326 2698 3381 robur
2730 3324 2931 3393 meum,

2089 3409 2144 3453 et
2173 3398 2377 3469 obryzo
2407 3398 2514 3452 dixi
2544 3415 2556 3451 :
2588 3397 2973 3469 Fiduciamea.

2014 3469 2076 3527 Si
2104 3466 2313 3524 laetatus
2341 3483 2459 3527 sum
2486 3483 2649 3539 super
2671 3468 2854 3524 multis
2883 3467 3088 3524 divitiis
3114 3466 3270 3538 meis,

2086 3550 2143 3595 et
2168 3540 2293 3608 quia
2326 3540 2553 3609 plurima
2582 3542 2783 3611 reperit
2810 3555 3001 3611 manus
3028 3554 3169 3595 mea.

2015 3612 2073 3668 Si
2105 3611 2212 3685 vidi
2239 3612 2409 3685 solem
2445 3611 2534 3685 [b._
2559 3610 2755 3681 lucem]
2786 3628 2906 3685 cum
2934 3610 3187 3682 fulgeret,

2090 3693 2146 3738 et
2174 3682 2355 3738 lunam
2380 3682 2723 3740 incedentem
2752 3683 2898 3739 clare
2924 3702 2938 3737 :

2017 3754 2088 3810 Et
2111 3755 2348 3809 laetatum
2383 3765 2463 3809 est
2496 3756 2548 3809 in
2579 3754 2897 3809 abscondito
2926 3769 3019 3811 cor
3048 3770 3248 3816 meum.

2088 3835 2143 3882 et
2173 3825 2449 3880 osculatus
2478 3841 2594 3881 sum
2627 3840 2846 3881 manum
2877 3842 3053 3883 meam
3078 3841 3174 3883 ore
3202 3840 3347 3882 meo.

2016 3897 2148 3966 Quae
2165 3905 2249 3952 est
2273 3898 2527 3969 iniquitas
2557 3897 2812 3969 maxima,

2089 3978 2145 4025 et
2168 3968 2381 4038 negatio
2411 3980 2599 4025 contra
2627 3968 2796 4024 Deum
2823 3969 3167 4027 altissimum.

2018 4040 2075 4096 Si
2103 4042 2318 4114 gavisus
2351 4056 2469 4096 sum
2501 4040 2803 4114 adruinam
2834 4042 2952 4111 ejus
2982 4045 3070 4114 qui
3102 4057 3189 4097 me
3214 4040 3425 4109 oderat,

2091 4122 2146 4167 et
2170 4113 2426 4177 exultavi,
2451 4112 2594 4181 quod
2617 4112 2912 4168 invenisset
2934 4112 3056 4171 eum
3089 4114 3307 4170 malum.

2017 4182 2136 4239 Non
2168 4188 2311 4238 enim
2336 4184 2463 4240 dedi
2495 4184 2560 4237 ad
2594 4185 2926 4254 peccandum
2957 4194 3141 4255 guttur
3163 4200 3365 4251 meum,

2093 4265 2149 4310 ut
2178 4265 2493 4365 ev‘peterem
2525 4256 2856 4313 maledicens
2877 4258 3112 4313 animam
3134 4256 3274 4326 ejus.

2106 4344 2210 4365 nnn
2292 4328 2541 4365 ilivnrnnl
2574 4328 2671 4365 υἷι-ἰ
2699 4328 3029 4365 ΙςιιιονηιηιιιΙί
3062 4330 3163 4365 mni
3196 4345 3207 4355 -

2017 4326 2073 4385 Si
2105 4344 2211 4382 non
2243 4326 2268 4365 ά
2292 4328 2546 4382 dixerunt
2574 4328 2674 4382 viri
2699 4328 3033 4383 tabernaculi
3062 4330 3165 4384 mei
3195 4345 3211 4383 :

2090 4400 2222 4467 Quis
2248 4400 2339 4454 det
2362 4401 2431 4454 de
2460 4400 2711 4455 carnibus
2746 4401 2862 4467 ejus
2888 4411 2945 4454 ut
2974 4398 3319 4455 saturentur?

2021 4470 2175 4525 Foris
2202 4486 2307 4525 non
2338 4470 2536 4524 mansit
2561 4472 2899 4539 peregrinus,

2091 4544 2288 4597 ostium
2320 4541 2399 4613 [ιι.
2430 4541 2591 4613 ostia]
2618 4557 2793 4613 meum
2821 4541 3011 4597 viatori
3036 4540 3227 4613 patuit.

2022 4614 2078 4667 Si
2108 4610 2367 4668 abscondi
2392 4614 2540 4682 quasi
2568 4610 2730 4667 homo
2760 4610 2839 4683 [Ιι.
2869 4610 3061 4683 Adam]
3084 4624 3364 4683 peccatum
3395 4630 3599 4681 meum,

2093 4695 2147 4739 et
2178 4684 2350 4739 celavi
2376 4685 2428 4737 in
2462 4687 2583 4739 sinu
2612 4698 2734 4739 meo
2762 4682 3098 4755 iniquitatem
3126 4701 3326 4744 meam.

2019 4755 2076 4811 Si
2102 4755 2293 4823 BXpaVi
2326 4755 2391 4809 ad
2419 4756 2817 4810 multitudinem
2848 4758 3092 4821 nimiam,

2093 4835 2148 4881 et
2173 4827 2450 4895 despectio
2477 4827 2898 4897 propinquorum
2931 4830 3125 4885 terruit
3149 4845 3238 4886 mc
3267 4848 3283 4887 :

2094 4906 2148 4971 et
2177 4913 2281 4971 non
2312 4899 2482 4965 magis
2512 4900 2674 4962 tacui,
2704 4912 2803 4954 nec
2824 4915 3075 4971 egressus
3104 4916 3226 4959 sum
3251 4904 3478 4960 omium.

2022 4969 2155 5036 Quis
2178 4970 2307 5024 mihi
2341 4972 2542 5025 tribuat
2562 4969 2885 5038 auditorem,

2104 5049 2163 5095 ut
2191 5042 2728 5117 desideriummeum
2750 5043 3107 5117 Omnipotens
3131 5048 3356 5104 audiat:

2107 5122 2162 5189 et
2191 5113 2385 5189 librum
2415 5115 2616 5171 scribat
2637 5119 2752 5187 ipse
2780 5118 2870 5188 qui
2897 5113 3105 5189 j'udicat
3136 5136 3151 5173 :

2041 5183 2109 5241 Ut
2138 5186 2192 5239 in
2226 5186 2453 5243 humero
2483 5204 2602 5243 meo
2630 5183 2839 5259 portem
2870 5183 3042 5258 ilium,

2111 5267 2165 5313 et
2190 5259 2521 5332 circumdem
2554 5261 2699 5315 illum
2731 5263 2887 5332 quasi
2912 5279 3169 5320 coronam
3201 5263 3368 5320 mihi?

2040 5327 2145 5385 Per
2174 5331 2414 5405 singulos
2439 5333 2638 5405 gradus
2659 5327 2808 5388 meos
2832 5338 3194 5405 pronuntiabo
3225 5336 3402 5402 illum,

2114 5411 2170 5456 et
2196 5404 2349 5473 quasi
2375 5404 2600 5475 principi
2631 5405 2855 5461 offeram
2882 5422 3026 5463 eum.

2046 5555 2099 5593 os
2130 5558 2317 5597 meum.
2348 5541 2437 5599 Sic
2462 5544 2625 5598 etiam
2653 5544 2830 5600 ferunt
2852 5544 3022 5600 editio
3052 5546 3188 5601 Sixti
3219 5545 3259 5600 V
3281 5554 3335 5600 et
3363 5545 3592 5615 Complu
3612 5575 3626 5586 -

2047 5614 2238 5684 tensis,
2269 5624 2474 5668 tantum
2505 5615 2650 5686 quod
2702 5633 2788 5669 cor
2831 5633 2929 5686 pro
2968 5634 3021 5671 os
3072 5618 3326 5673 retinent.
3359 5614 3628 5683 Impressa

2048 5696 2226 5739 autem
2261 5687 2418 5741 lectio
2446 5687 2670 5741 Hebraeo
2692 5689 3026 5743 conformior
3047 5699 3130 5745 est
3154 5690 3339 5743 textui.

2122 5756 2149 5793 ἀ
2179 5758 2457 5826 Exp-mcta
2488 5760 2716 5830 negandi
2770 5762 3056 5827 particula,
3091 5763 3219 5830 legit
3258 5760 3397 5815 idem
3446 5779 3487 5814 ι.Δ
3583 5761 3629 5814 si

2054 5829 2278 5885 dixerint
2308 5831 2422 5896 viri,
2455 5829 2586 5895 etei,
2612 5834 2783 5901 magis
2805 5834 2871 5887 ad
2900 5829 3157 5888 Graecum
3176 5840 3273 5889 τῶν
3298 5831 3476 5899 LXX;
3510 5848 3637 5889 nam

2046 5924 2307 5981 liCbl'tCUS
2338 5932 2514 5981 textus
2542 5932 2697 5985 tam:
2727 5910 2798 5987 ΝΒ
2825 5938 2930 5995 εκ,
2954 5926 3000 5982 si
3023 5943 3125 5985 non
3145 5926 3415 5997 dixerunt,
3439 5936 3549 5985 etc.
