2054 3180
234 149 302 180 HM

237 208 267 237 Si
278 206 421 236 adversum
435 212 478 234 me
492 209 563 235 terra
575 212 635 234 mea
648 204 759 238 clamat,

277 248 305 280 et
317 251 379 271 cum
389 243 447 280 ipsa
460 242 528 271 sulci
539 242 599 280 ejus
608 241 720 280 deﬂent.
797 274 804 280 .

238 279 270 309 Si
285 279 387 307 fructus
402 277 460 314 ejus
472 278 576 315 comedi
592 277 693 315 absque
708 277 832 315 pecunia,

275 321 304 342 et
316 310 432 342 animam
447 314 632 350 agricolarum
640 310 699 350 ejus
710 310 796 350 afﬂixi
812 319 819 338 :

239 350 293 379 Pro
304 350 440 379 frumento
455 347 557 378 oriatur
567 348 633 376 mihi
648 347 775 381 tributus,

276 390 305 415 ct
319 394 367 426 pro
381 386 485 414 hordeo
495 386 583 421 spina.

454 438 544 459 FINITA
559 437 626 459 SUNT
638 436 724 457 VERBA
737 435 782 456 ’03
794 430 818 454 ³-

276 478 352 516 [ίῗαρ.
368 476 669 516 XXXII_.]_0miserunt
690 479 781 502 autem
795 478 852 503 tres
865 473 915 502 viri
929 472 974 501 isti
988 479 1034 501 re-

312 513 448 549 spondere
460 513 523 547 Job,

279 557 313 578 eo
327 547 399 585 quod
412 549 503 585 justus
512 549 563 577 sibi
575 547 725 585 videretur.

240 586 276 616 Et
289 583 375 623 iratus
386 583 591 623 indignatusque
602 583 616 603 δ
633 584 691 623 Eliu
772 617 778 623 _

275 622 348 649 ﬁlius
360 616 490 649 Baracbel
506 616 614 648 Buiites
626 619 660 647 de
672 617 834 653 cognatione
847 616 927 651 8am,

275 658 361 685 iratus
374 663 415 684 est
426 661 515 685 autem
526 657 669 683 adversum
685 655 746 686 Job,

275 701 308 720 eo
323 693 395 728 quod
408 693 509 727 justum
523 699 583 720 esse
594 699 625 719 se
635 691 744 728 diceret
752 696 844 716 coram
860 688 928 716 Deo.

240 726 484 757 Porro‘adversum
500 729 604 765 amicos
619 727 678 762 cjus
689 726 845 765 indignatus
861 728 916 757 est,
948 758 965 765 Δ·

277 772 311 793 eo
331 765 402 799 quod
423 771 476 791 non
496 760 667 792 invenissem
684 760 891 796 responsionem
914 760 1037 787 rationa-

253 824 259 826 μ
315 800 408 832 bilem,

276 837 325 864 sed
351 829 539 863 tantummodo
560 834 791 863 condemnassent
812 831 865 860 Job
899 831 940 867 [b.
965 829 1037 859 unde

253 896 255 898 .
314 871 545 900 condemnassent
560 869 633 906 Joh].

242 907 326 943 Igitur
341 908 400 935 Eliu
414 907 581 941 exspectavit
590 906 640 934 Job
650 906 820 943 loquentem:

276 951 309 970 eo
324 943 396 978 quod
412 938 534 971 seniores
551 948 562 962 ο
579 949 609 970 se
623 938 716 969 eSSeut
727 939 774 974 qui
790 938 982 978 loquebantur.

242 979 309 1007 Cum
329 975 419 1006 autem
434 978 547 1006 vidisset
560 977 633 1013 quod
651 982 708 1004 tres
723 975 892 1010 respondere
907 981 961 1002 non
977 980 1040 1008 pos-

314 1019 375 1043 sent
388 1014 442 1050 [Αι.
457 1012 631 1049 potuissent],

278 1050 364 1078 iratus
378 1054 420 1078 est
433 1050 622 1077 vehementer.

279 1104 499 1129 RESPONDENSQUE
527 1104 588 1124 ELIU
612 1101 700 1123 FILIUS
727 1100 867 1123 ΒΑιιΑοιιει
891 1099 1013 1126 BUZITES,

598 1139 670 1159 DIXI'I‘
686 1139 692 1158 Ζ

244 1168 343 1197 Juuior
352 1176 411 1197 sum
426 1173 560 1203 tempore,

278 1212 328 1232 vos
343 1210 434 1232 autem
448 1204 627 1239 antiquiores,

279 1241 396 1272 idcirco,
407 1236 527 1267 demisso
537 1239 637 1274 capite,
650 1236 751 1274 veritus
762 1243 821 1263 sum

279 1269 401 1304 indicare
424 1275 501 1303 vobis
516 1269 579 1311 [AL'
596 1269 658 1300 add.
671 1272 737 1311 ego]
754 1279 848 1311 meam
863 1269 1037 1311 sententiam.

244 1311 393 1346 Sperabam
412 1311 484 1338 enim
499 1307 570 1346 quod
583 1314 649 1346 aetas
663 1307 981 1346 prolixiorloqueretur,

279 1351 307 1375 et
321 1354 454 1374 annorum
465 1343 610 1374 multitudo
624 1345 737 1372 doceret
748 1343 920 1378 sapientiam.

244 1382 308 1415 Sed,
324 1387 354 1410 ut
367 1383 456 1415 video,
471 1382 589 1414 Spiritus
600 1385 642 1409 est
657 1381 682 1408 iu
697 1379 863 1415 hominibus,

280 1412 307 1446 et
322 1412 466 1453 inspiratio
476 1412 675 1452 omnipotentis
693 1415 739 1443 dat
754 1412 973 1449 intelligentiam.

244 1454 304 1481 Non
325 1460 386 1481 sttnt
398 1454 512 1488 longaevi
526 1457 672 1487 sapientes,

283 1497 332 1517 nec
344 1498 423 1517 sones
434 1487 583 1524 intelligunt
596 1487 738 1523 judicium.

244 1525 307 1553 Ideo
323 1526 410 1553 dicam
428 1535 432 1552 :
449 1525 546 1552 Audite
563 1532 617 1556 me,
862 1556 869 1561 _
910 1555 925 1561 Α,

283 1562 426 1589 ostendam
443 1561 519 1588 vobis
540 1553 621 1587 etiam
642 1566 694 1593 ego
718 1565 806 1586 meam
831 1555 972 1584 scientiam
985 1553 1040 1591 [Αι.

317 1597 507 1632 δυρίριιιὶειιιι].η

246 1633 410 1666 Exspcctavi
420 1634 489 1659 cnim
506 1638 645 1659 sermones
656 1634 774 1662 vestros,

282 1669 375 1695 audivi
388 1668 558 1703 prudentiam
574 1671 704 1703 vestram,

282 1704 369 1732 donec
382 1701 602 1738 disceptaremini
618 1701 802 1730 sermonibus.

246 1739 281 1767 Et
295 1740 381 1767 donec
396 1733 525 1775 putabam
536 1747 586 1766 vos
597 1738 699 1775 aliquid
710 1737 813 1770 dicere,
821 1733 1041 1775 considerabant:

281 1776 340 1808 sed,
356 1780 385 1803 ut
397 1770 488 1807 "video,
506 1783 559 1802 non
570 1778 613 1801 est
626 1770 672 1809 qui
686 1780 801 1808 arguere
817 1772 902 1809 possit
913 1770 976 1803 Job,

281 1817 307 1838 ct
323 1807 489 1845 respondere
504 1818 539 1837 ex
552 1810 629 1838 vobis
636 1807 815 1845 sermonibus
826 1807 897 1845 ejus.

246 1846 286 1875 Ne
301 1842 375 1874 forte
388 1847 485 1874 dicaris
505 1846 553 1883 [In
568 1846 638 1873 forte
659 1843 815 1878 diceretis]:
829 1842 986 1871 Invenimus
999 1848 1043 1869 sa-

320 1882 458 1917 picntiam,

247 1919 320 1947 Deus
335 1918 449 1952 projecit
462 1925 536 1951 cum,
552 1921 580 1945 et
592 1924 646 1944 non
663 1917 754 1944 homo.

246 1954 318 1982 Nihil
335 1953 441 1981 locutus
453 1959 494 1981 est
514 1954 591 1986 mihi,

283 1995 311 2017 et
321 1997 440 2052 ﬁgolpon
457 1985 605 2017 secundum
619 1994 762 2016 sermones
776 1990 883 2015 vestros
894 1985 1044 2021 responde-

339 2033 375 2052 Ol
398 2034 417 2052 ι.

321 2027 355 2053 bo
369 2025 417 2052 illi.

249 2061 452 2093 Extimuerunt,
468 2068 521 2088 non
543 2060 597 2095 [AL
615 2064 642 2087 et
662 2058 725 2095 non]
741 2058 941 2094 responderunt
959 2058 1042 2091 ultra,

286 2097 514 2131 abstuleruntque
528 2104 542 2123 a
559 2103 589 2123 se
604 2095 720 2130 eloquia.

247 2133 381 2166 Quoniam
397 2129 476 2167 igitur
488 2129 694 2166 esspectaviﬁst
708 2137 761 2157 non
777 2134 839 2158 sunt
854 2129 950 2157 locuti:

283 2166 427 2200 steterunt,
445 2175 494 2195 nec
507 2166 705 2201 responderunt
716 2167 786 2193 ultra
800 2174 807 2193 :

248 2204 431 2239 Respondebo
445 2208 473 2231 et
483 2211 533 2239 ego
548 2208 651 2239 partem
667 2210 754 2230 meam
766 2209 775 2234 ;

283 2244 312 2268 et
324 2240 465 2267 Ostendam
481 2239 623 2266 scientiam
636 2246 736 2266 meam.

247 2275 348 2304 Plenus
362 2283 421 2302 sum
436 2275 509 2302 cnim
523 2274 710 2306 sermonibus,

284 2318 312 2339 et
327 2315 448 2338 coarctat
459 2318 503 2339 tne
514 2312 624 2345 spiritus
636 2310 705 2338 uteri
721 2309 785 2337 mei.

247 2347 287 2375 En
304 2351 399 2375 venter
411 2354 486 2374 meus
498 2343 575 2382 quasi
591 2350 708 2373 mustum
723 2345 825 2382 absque
839 2343 986 2380 spiraCulo,

283 2383 354 2419 quod
367 2381 523 2419 lagunculas
538 2389 620 2419 navas
635 2381 790 2419 disrumpit.

247 2417 356 2454 Loquar
367 2423 394 2446 et
407 2418 548 2454 respirabo
560 2417 696 2453 paululum
709 2425 717 2450 ;

279 2452 398 2489 aperiam
415 2453 486 2481 labia
501 2452 579 2486 mea,
591 2457 619 2480 et
633 2452 801 2487 respondebo
813 2462 820 2481 :

245 2491 304 2519 Non
320 2490 449 2524 accipiam
473 2497 614 2522 personam
630 2489 679 2517 viri
693 2510 700 2522 ,

283 2531 311 2554 et
322 2526 404 2553 Deum
417 2525 518 2553 homini
531 2533 583 2552 non
595 2525 718 2560 mquabo.

279 2590 293 2604 ιι
312 2584 505 2619 Desiderantur
527 2583 553 2611 iu
587 2583 724 2611 nonnullis
753 2581 854 2609 Latinis
871 2581 1036 2610 editiouibus

245 2621 303 2649 hzec
320 2620 410 2655 uerba,
426 2628 486 2655 qute
501 2628 550 2648 nec
570 2620 667 2655 legisse
678 2618 814 2651 videntur,
827 2623 876 2655 aut
893 2622 1035 2655 certejne-

243 2658 395 2691 glexcrunt,
403 2653 456 2690 qui
467 2656 564 2684 Jobum
581 2653 612 2683 ei
618 2662 732 2689 posuere
746 2654 832 2691 sa_ncti
845 2653 1034 2691 Pati‘csLGre-

244 2689 348 2729 gorius,
369 2689 519 2729 Philippus,
541 2691 623 2725 Deda,
650 2689 964 2729 auctorﬁommentarii
987 2689 1039 2729 sub

245 2725 400 2764 Ilicronymi
427 2725 552 2764 nomine,
576 2726 721 2764 atquealii
738 2725 885 2764 deinceps.
903 2725 931 2752 ln
947 2725 1037 2764 .veteri

243 2769 332 2792 tamen
348 2761 460 2799 Vulgata
476 2763 509 2790 ad
532 2762 641 2799 modum
663 2761 848 2796 inscriptionis
867 2761 1012 2789 exstabant
1029 2769 1035 2788 :

240 2797 438 2836 Etrquievcrtlnt
449 2799 523 2826 verba
536 2797 613 2836 Job.”
734 2833 751 2836 _
820 2834 826 2836 Α
846 2834 850 2836 Α
996 2806 999 2809 ·

240 2871 249 2899 Ι
318 2835 456 2863 Palatinus
482 2842 533 2862 ms.
552 2833 655 2868 Helius,
678 2838 704 2861 et
731 2833 851 2862 Baraciel
876 2836 1037 2861 constanter

252 2876 316 2899 emt.

252 2871 316 2899 egit.

266 2879 435 2935 ge"i’oculam
450 2914 478 2934 se
488 2913 549 2934 cum
566 2904 682 2941 vulgatis
697 2910 767 2935 tacet
778 2905 894 2935 Palatio.
908 2913 960 2934 ms.
974 2912 1037 2941 qua:

236 2949 326 2972 tamen
343 2943 368 2971 in
380 2943 496 2971 llebrwo
507 2947 597 2971 sonat.

734 145 765 175 S.
786 143 976 174 HIERONYMI
996 143 1111 174 DIVINA
1131 140 1374 172 BIBLIOTHECA.

1047 203 1071 233 Α
1085 200 1185 230 Nescio
1197 202 1268 230 enim
1283 200 1411 237 quamdiu
1424 199 1590 237 subsistam,

1818 142 1890 172 ειη

1124 241 1152 265 et
1161 238 1182 265 si
1196 242 1257 271 post
1271 236 1407 265 modicum
1419 237 1496 264 tollat
1511 244 1555 264 me
1567 236 1667 264 Faclor
1680 242 1768 265 meus.

1086 272 1162 309 [Cap.
1179 272 1309 309 XXXlll.]
1325 273 1394 301 Audi
1406 272 1504 308 igitur,
1521 271 1589 303 Job.
1606 272 1713 309 eloquia
1728 280 1789 301 mea
1805 293 1815 307 ,

1125 313 1154 337 et
1168 316 1263 336 omnes
1282 308 1423 336 sermones
1436 316 1511 336 meos
1524 308 1658 337 ausculta.

1088 343 1159 372 Ecce
1173 345 1266 379 aperui
1278 352 1309 372 os
1322 352 1412 372 meum
1425 365 1432 377 ,

1124 380 1250 416 loquatur
1265 380 1355 416 lingua
1369 388 1428 408 mea
1442 380 1469 408 in
1490 379 1614 408 faucibus
1629 379 1708 408 meis.

1090 415 1213 452 Simplici
1228 415 1313 452 corda
1325 424 1385 452 meo
1398 423 1542 444 sermones
1554 416 1626 452 rnei,

1123 450 1158 479 et
1165 451 1330 480 sententiam
1341 452 1350 489 Ῐ
1359 451 1388 486 h,
1403 451 1563 488 scientiam]
1579 451 1651 480 labia
1663 458 1724 481 mea
1740 458 1836 488 puram
1846 450 1889 481 lo-

1160 492 1290 522 quentur.

1091 523 1208 558 Spiritus
1222 523 1269 552 Dei
1284 523 1347 552 fecit
1361 531 1406 552 me
1417 544 1425 557 ,

1125 563 1153 587 et
1167 559 1330 594 spiraculum
1344 559 1544 593 Omnipotentis
1559 559 1707 589 viviﬁcavit
1723 566 1779 588 me.

1091 594 1119 623 Si
1130 600 1208 631 potes
1219 617 1227 628 ,
1244 596 1379 631 responde
1393 595 1475 630 mihi,

1125 635 1154 659 et
1165 631 1294 660 adversus
1310 631 1405 659 faciem
1421 639 1508 659 meam
1524 632 1654 660 consiste.

1089 665 1177 700 Ecce,
1191 673 1218 695 et
1235 675 1278 695 me
1292 668 1364 695 sicut
1378 671 1405 695 et
1417 673 1443 696 te
1456 667 1519 695 fecit
1534 667 1605 696 Deus
1619 690 1626 701 ,

1124 707 1152 730 et
1164 703 1199 731 de
1213 703 1309 731 eodem
1324 703 1381 731 luto
1390 711 1442 738 ego
1456 711 1562 739 quoque
1573 703 1704 731 formatus
1718 710 1790 731 sum.

1090 737 1281 767 Verumtamen
1297 737 1565 768 miraculum'meiun
1580 739 1619 776 Lb.
1634 740 1716 768 timor
1732 737 1823 775 meus]
1837 746 1892 767 non

1162 780 1188 802 te
1199 780 1298 803 terreat
1308 795 1315 807 ,

1124 814 1152 837 et
1162 810 1314 846 eloquentia
1326 808 1340 829 ἀ
1355 818 1412 838 mea
1427 818 1480 838 non
1495 810 1531 838 sit
1544 810 1592 838 tibi
1605 810 1694 846 gravis
1718 830 1727 845 ,

1089 844 1184 873 Dixisti
1198 844 1263 882 ergo
1275 846 1302 873 in
1317 846 1427 874 auribus
1441 846 1523 880 meis,

1124 886 1152 909 et
1169 889 1263 910 vocem
1276 883 1418 910 verborum
1435 886 1447 901 ο
1463 886 1570 910 tuorum
1583 882 1695 911 audivi:

1051 902 1076 933 Β
1090 902 1780 953 Μιῖιῖάἐιζέιὶἱὶι’ἔάόῖῖιὲξαιιὲἴιᾌίῖὲἰὸῖἓίἶπίἰὲοὐιηωε
1795 939 1803 953 ,

1125 957 1154 990 et
1167 962 1222 981 nou
1237 958 1279 990 est
1290 953 1414 990 iniquitas
1429 953 1456 981 in
1470 961 1524 981 me.

1101 989 1169 1024 Quia
1186 989 1312 1024 querelas
1328 989 1353 1017 in
1364 997 1408 1017 me
1418 990 1519 1024 reperit
1531 1010 1539 1024 ,

1133 1023 1201 1053 ideo
1209 1024 1356 1053 arbitratus
1367 1030 1409 1053 cst
1420 1023 1463 1053 me
1477 1025 1613 1053 inimicum
1627 1023 1689 1053 sibi.

1094 1060 1190 1089 Posuit
1204 1062 1229 1088 iu
1243 1067 1326 1089 nervo
1340 1062 1421 1096 pedes
1438 1068 1514 1088 mens
1526 1082 1533 1093 ,

1125 1095 1270 1124 custodivit
1284 1095 1381 1124 omnes
1392 1097 1505 1124 semitas
1522 1104 1606 1124 meas.

1090 1131 1148 1160 Hoc
1161 1136 1203 1159 est
1217 1140 1291 1168 ergo,
1309 1134 1334 1160 in
1347 1141 1399 1167 quo
1412 1140 1464 1159 non
1478 1141 1505 1159 cs
1518 1133 1703 1168 justiﬁcatus;

1126 1168 1297 1202 respondebo
1308 1168 1366 1199 tibi.
1383 1169 1445 1203 quia
1464 1169 1549 1202 major
1563 1170 1598 1195 sit
1611 1168 1682 1195 Deus
1697 1167 1819 1198 homine.

1093 1203 1232 1231 Adversus
1245 1203 1284 1239 [ιι.
1294 1203 1349 1231 Cur
1356 1204 1501 1239 adversus]
1515 1212 1575 1231 cum
1591 1203 1733 1231 contendis
1743 1226 1750 1237 ,

1127 1239 1205 1276 quod
1217 1247 1270 1276 non
1283 1239 1316 1266 ad
1332 1240 1422 1276 omnia
1434 1241 1514 1267 verba
1528 1239 1701 1276 responderit
1714 1239 1762 1268 tibi
1775 1248 1783 1267 :

1092 1274 1184 1302 Semel
1199 1274 1317 1309 loquitur
1333 1275 1405 1303 Deus
1414 1298 1421 1310 ,

1127 1314 1155 1338 et
1168 1310 1290 1338 secundo
1304 1311 1420 1346 idipsum
1436 1318 1488 1338 nou
1502 1310 1613 1346 repetit.

1092 1345 1145 1375 Per
1157 1347 1292 1373 somnium
1307 1346 1333 1374 iu
1348 1347 1452 1374 visione
1464 1345 1597 1374 nocturna
1611 1367 1620 1378 ,

1127 1381 1236 1418 quando
1251 1382 1329 1410 irruit
1342 1390 1425 1418 sopor
1439 1391 1522 1417 super
1533 1382 1675 1417 homines,

1128 1421 1156 1445 et
1169 1417 1308 1445 dormiunt
1327 1418 1354 1445 in
1370 1419 1481 1446 lectulo.

1092 1452 1169 1481 Tunc
1182 1453 1271 1488 aperit
1284 1461 1365 1481 aures
1379 1454 1498 1482 virorum
1509 1475 1516 1486 .

1128 1494 1155 1517 et
1165 1489 1291 1517 erudiens
1300 1497 1348 1518 eos
1359 1490 1469 1517 instruit
1482 1489 1637 1524 disciplina.

1093 1524 1128 1553 Ut
1142 1529 1246 1552 avertat
1262 1524 1398 1553 hominem
1413 1526 1447 1553 ab
1461 1525 1503 1553 his
1519 1533 1579 1560 quae
1594 1525 1674 1559 facit,

1128 1564 1157 1588 et
1171 1559 1270 1588 liberet
1281 1568 1342 1588 eum
1356 1561 1391 1588 de
1401 1559 1548 1596 superbia:

1054 1581 1078 1613 ο
1094 1595 1201 1625 Eruens
1214 1581 1621 1631 aniiniihi'eiiis'i'cériﬁjianne
1633 1604 1642 1625 :

1130 1636 1157 1659 et
1167 1632 1249 1659 vitam
1261 1632 1342 1666 illius,
1356 1638 1386 1660 ut
1396 1640 1450 1660 non
1466 1637 1583 1660 transeat
1598 1633 1625 1659 in
1640 1632 1769 1667 gladium.

1093 1667 1217 1702 Increpat
1229 1676 1336 1703 quoque
1351 1676 1398 1702 per
1412 1668 1534 1695 dolorem
1551 1669 1576 1695 in
1591 1669 1692 1697 lectulo
1707 1689 1715 1702 ,

1129 1708 1155 1730 ct
1169 1704 1249 1730 onnia
1259 1712 1319 1731 ossa
1336 1705 1394 1737 ejus
1405 1711 1574 1732 marcescere
1589 1703 1664 1732 facit.

1093 1739 1289 1766 Abominabilis
1305 1740 1328 1766 ci
1347 1741 1374 1766 lit
1392 1740 1418 1767 in
1433 1740 1488 1767 vita
1504 1747 1551 1767 sua
1567 1740 1657 1775 panis,

1128 1780 1156 1802 et
1172 1775 1266 1802 animo:
1280 1775 1352 1805 illius
1367 1775 1444 1803 cibus
1458 1780 1521 1803 ante
1533 1775 1735 1804 desiderabilis.

1094 1810 1227 1838 Tabescct
1242 1818 1305 1838 caro
1320 1812 1397 1845 ejus;

1128 1852 1157 1874 et
1174 1854 1236 1874 ossa
1247 1866 1256 1879 ,
1271 1855 1331 1882 quae
1341 1852 1416 1875 recta
1436 1846 1541 1874 fuerant
1551 1868 1559 1879 ,
1573 1846 1763 1881 nudabuntur,

1095 1880 1106 1901 ί
1119 1880 1352 1924 Appropinquavit
1363 1883 1530 1924 corruptioni
1545 1883 1634 1910 anima
1649 1883 1725 1919 ejus,

1132 1923 1159 1945 et
1171 1918 1224 1945 vita
1239 1918 1312 1946 illius
1323 1918 1481 1946 mortiferis.

1093 1952 1122 1981 Si
1137 1954 1216 1990 luerit
1233 1961 1282 1988 pro
1295 1962 1328 1990 eo
1342 1955 1453 1990 angelus
1465 1955 1578 1990 loquens
1591 1959 1603 1979 Β
1617 1961 1699 1982 unum
1715 1953 1750 1982 de
1765 1953 1890 1983 millibus

1166 1989 1205 2025 [11.
1217 1997 1286 2031 unus
1299 1989 1334 2031 de
1348 1989 1432 2031 mil-le]
1441 2010 1449 2022 ,

1130 2028 1161 2051 ut
1171 2026 1314 2052 aniuiutiet
1327 2025 1444 2053 hominis
1456 2025 1609 2060 mquitatctn
1624 2034 1631 2053 :

1094 2059 1265 2096 Miserebitur
1277 2061 1353 2096 ejus,
1367 2067 1394 2089 et
1408 2061 1480 2089 dicet
1492 2070 1499 2088 ε
1516 2062 1611 2089 Libera
1627 2069 1688 2088 eum
1698 2081 1706 2093 ,

1130 2101 1159 2137 ut
1174 2095 1273 2138 [Al_.et]
1287 2104 1339 2124 non
1353 2097 1500 2138 descendat
1513 2097 1539 2124 in
1555 2098 1756 2133 corruptionem
1772 2120 1777 2125 .

1131 2133 1220 2160 inveni
1234 2133 1259 2159 in
1276 2141 1329 2167 quo
1342 2133 1366 2160 ei
1381 2133 1523 2168 propitier.

1094 2166 1260 2203 Consumpta
1273 2166 1315 2196 est
1329 2166 1394 2196 caro
1404 2166 1464 2204 eius
1478 2177 1492 2196 a
1508 2168 1650 2203 suppliciis
1662 2188 1669 2200 .

1129 2207 1278 2231 revertatur
1288 2204 1321 2231 ad
1336 2204 1394 2231 dies
1408 2204 1600 2232 adolescentia
1612 2210 1679 2232 suae.

1095 2238 1288 2274 Deprecabitur
1305 2240 1400 2275 Deum,
1415 2245 1442 2268 et
1457 2239 1594 2274 placabilis
1601 2238 1629 2267 bi
1644 2239 1696 2267 erit
1709 2246 1718 2269 ξ

1055 2277 1083 2307 D
1129 2281 1156 2302 et
1169 2275 1271 2303 videbit
1281 2275 1376 2303 faciem
1392 2275 1451 2311 ejus
1462 2276 1487 2303 in
1496 2275 1601 2310 jubilo,

1129 2316 1157 2338 et
1171 2310 1266 2338 reddet
1279 2311 1381 2339 homini
1393 2312 1524 2346 justitiam
1539 2318 1625 2338 suam.

1097 2345 1235 2381 Respiciet
1248 2346 1372 2375 homines
1387 2344 1441 2383 [.tl.
1455 2346 1568 2383 homo],
1582 2350 1610 2374 ct
1622 2345 1714 2375 dicet:
1730 2344 1864 2379 Peccavi,

1131 2387 1159 2410 et
1173 2390 1239 2410 vere
1250 2383 1367 2418 deliqui,
1581 2387 1585 2389 ‘

1130 2423 1158 2445 et
1171 2422 1200 2445 ut
1212 2426 1286 2446 eram
1300 2419 1398 2454 dignus
1413 2439 1421 2451 ,
1438 2426 1492 2446 non
1507 2418 1607 2454 recepi.

1094 2452 1230 2491 Liberavit
1243 2452 1362 2491 animam
1373 2462 1466 2489 suam,
1492 2462 1525 2482 ne
1540 2452 1665 2491 pergeret
1680 2454 1709 2483 in
1732 2452 1871 2482 interitum
1883 2473 1893 2488 ,

1166 2489 1213 2518 sed
1225 2489 1317 2519 vivens
1332 2490 1418 2518 lucem
1430 2490 1545 2518 videret.

1094 2524 1177 2559 Ecce,
1195 2526 1253 2554 haec
1265 2527 1355 2553 omnia
1371 2531 1500 2561 operatur
1514 2526 1586 2555 Deus

1126 2582 1140 2602 ἀ
1154 2583 1283 2612 llcbrteus
1298 2583 1377 2612 habet
1390 2588 1471 2615 τελῇ
1483 2607 1490 2619 ,
1505 2589 1530 2612 ει
1544 2592 1634 2612 inuam
1652 2591 1727 2617 mea;
1749 2582 1797 2611 sed
1817 2582 1895 2611 vide-

1089 2623 1133 2646 tur
1152 2618 1181 2647 S.
1216 2620 1351 2654 interpres
1385 2618 1490 2648 duobus
1524 2620 1652 2648 distincte
1675 2620 1765 2648 verbis
1788 2618 1893 2654 legisse

1087 2658 1117 2696 ’,ᾩ
1126 2660 1178 2696 1m
1187 2676 1197 2696 _.
1214 2662 1275 2696 quae
1284 2655 1392 2691 quidem
1406 2663 1487 2696 voces
1502 2656 1673 2691 eloquentiam
1684 2663 1766 2683 meum
1777 2658 1892 2687 sonant,

1091 2691 1149 2718 sive
1160 2691 1194 2718 ad
1208 2692 1319 2719 verbum
1330 2714 1337 2725 ,
1354 2696 1377 2719 et
1397 2693 1501 2719 nurnine
1516 2700 1544 2719 os
1560 2700 1656 2719 meum.

1128 2731 1140 2746 °
1155 2726 1306 2754 Pronomen
1322 2732 1424 2754 tuarum
1436 2749 1443 2760 ,
1461 2727 1533 2762 quod
1548 2735 1635 2762 neque
1647 2727 1674 2754 in
1690 2726 1805 2754 Hebrteo
1815 2729 1894 2753 textu

1089 2761 1215 2796 additur,
1232 2763 1382 2790 rectissime
1396 2761 1512 2791 Palatia.
1529 2771 1580 2790 ms.
1592 2761 1712 2798 ignorat.

1128 2798 1137 2818 ί
1152 2798 1251 2826 lterum
1268 2799 1348 2833 paulo
1367 2800 1466 2827 rectius
1482 2799 1508 2826 in
1532 2797 1624 2827 futuro
1647 2798 1720 2826 idem
1741 2805 1793 2826 ms.
1810 2797 1891 2833 legit,

1090 2834 1325 2870 Appropinquabil.

1126 2875 1139 2894 ε
1155 2869 1265 2906 Regina:
1287 2877 1338 2897 ms.
1363 2877 1424 2898 cum
1451 2869 1612 2900 Colbertino
1640 2870 1777 2899 Aniciensi
1806 2876 1892 2905 penes

1089 2904 1213 2935 Martiali.
1230 2914 1298 2934 unus
1312 2906 1345 2933 de
1358 2905 1484 2934 millibus.
