4108 6360
305 346 446 408 1115

371 461 549 519 tribus
575 456 785 516 vicibus
810 470 908 530 per
936 454 1198 530 singulos.

301 535 373 593 Ut
400 541 620 597 revocet
648 522 856 587 animas
883 522 1070 585 eorum
1099 528 1118 601 [
1144 527 1204 584 h.
1231 524 1466 584 animam
1492 523 1611 597 ejus
1638 522 1661 597 ]
1699 536 1730 579 a
1758 537 1887 581 eor-

450 604 740 676 rupﬁone,

358 686 430 748 _et
462 670 733 748 illuminet
761 673 944 748 lucem
964 670 1281 728 viventium.

302 745 561 811 Attende.
588 746 720 813 Job,
745 755 800 800 et
825 745 947 800 audi
978 759 1096 800 me:
1484 768 1491 775 κ

373 831 432 877 et
456 810 563 891 [AL
593 810 804 891 tac.'et]
834 827 981 891 tace,
1011 815 1269 891 dum_ego
1293 815 1485 891 loquar
1510 812 1632 891 [AI_._
1651 810 1891 891 loquor].

301 889 360 949 Si
389 886 567 946 auiem
599 890 766 946 habes
784 886 931 960 quod
958 886 1225 959 loquaris,
1251 886 1518 960 responde
1542 886 1677 941 mihi
1704 926 1722 954 ,

378 966 600 1035 loquere
633 979 647 1015 :
680 958 820 1035 volo
838 960 981 1016 enim
1008 958 1106 1035 ,_ite
1132 974 1395 1030 apparere
1416 958 1643 1029 justum.

307 1031 465 1104 Quod
490 1035 535 1089 si
569 1048 679 1104 non
711 1032 903 1104 habes,
932 1031 1220 1104 audime:

379 1118 496 1162 tace
513 1148 526 1171 ,
560 1112 619 1162 et
643 1102 851 1160 docebo
880 1112 933 1160 te
960 1103 1304 1174 sapientiam.

304 1236 675 1278 PRONUNTIANS
710 1234 906 1285 ITAQUE
945 1235 1067 1275 ELJU
1096 1263 1112 1290 ,
1153 1235 1315 1276 BTIAI
1346 1233 1463 1276 HEC
1492 1232 1727 1275 LOCU'I'US
1759 1230 1893 1273 ιςτε

306 1338 459 1411 [ϐαρ.
486 1334 757 1411 XXXII]
787 1333 1007 1411 Audite,
1036 1336 1333 1403 sapientes,
1367 1331 1530 1388 verba
1560 1345 1710 1400 mea,

379 1407 436 1465 et
457 1408 675 1474 eruditi,
705 1407 1010 1461 auscultate
1036 1421 1122 1462 me
1147 1422 1164 1461 :

306 1481 470 1537 Auris
496 1480 640 1536 enim
673 1479 836 1535 verba
869 1478 1094 1546 probat,

381 1562 435 1607 et
464 1561 648 1622 guttur
675 1565 832 1605 escas
860 1559 1024 1620 gustu
1051 1547 1335 1620 dijudicat.

306 1621 582 1680 Judicium
610 1621 870 1691 eligamus
899 1621 1057 1676 nobis
1075 1662 1092 1689 ,

312 1738 315 1739 ν
380 1696 601 1820 etlipter
629 1685 729 1750 nos
752 1693 1035 1749 videamus
1057 1685 1177 1766 [ΑΙ.
1208 1687 1507 1763 eligamus]
1529 1687 1658 1761 quid
1686 1685 1756 1744 sit
1779 1700 1898 1743 me-

476 1781 578 1820 IIIS.

476 1781 578 1821 IIIS.

309 1837 442 1907 Quia
466 1839 605 1893 dixit
632 1836 736 1893 Job
763 1854 779 1894 :
809 1837 998 1892 Justus
1026 1851 1144 1893 sum
1172 1876 1188 1903 ,

382 1919 437 1965 et
467 1910 606 1965 Deus
636 1908 903 1964 subvertit
930 1908 1191 1978 judicium
1222 1919 1427 1959 meum.

311 1982 366 2036 lu
395 1981 685 2048 judicando
712 1980 856 2036 enim
882 1995 990 2047 me,
1017 1978 1362 2035 mendacium
1385 1984 1471 2031 est
1494 1992 1509 2029 :

383 2053 616 2107 violenta
643 2053 839 2123 sagitta
864 2067 982 2107 mea
1008 2052 1215 2122 absque
1240 2049 1356 2103 ullo
1377 2054 1620 2118 peccato.

311 2124 446 2193 Quis
471 2135 557 2180 est
579 2123 693 2190 vir,
723 2134 782 2178 ut
804 2132 885 2179 est
915 2123 1017 2179 Job
1041 2166 1055 2190 ,

382 2197 472 2264 qui
501 2195 633 2251 bibit
659 2194 1139 2251 subsannationem
1169 2192 1323 2264 quasi
1350 2206 1543 2261 aquam
1562 2234 1577 2261 ,

312 2267 409 2335 Qui
436 2267 678 2337 graditur
702 2281 824 2321 cum
852 2266 1202 2338 Operantibus
1230 2264 1568 2338 iniquitatem
1596 2303 1617 2331 ,

384 2348 438 2394 et
468 2338 708 2395 ambulat
731 2353 851 2393 cum
886 2339 1021 2393 viris
1050 2337 1272 2406 impiis?

314 2409 459 2465 Dixit
488 2411 631 2464 enim
667 2427 681 2464 :
713 2409 831 2465 Non
865 2411 1111 2481 placebit
1125 2409 1205 2463 vir
1226 2407 1337 2464 Deo
1359 2448 1378 2477 ,

384 2481 546 2536 etiam
568 2482 615 2536 si
641 2481 941 2537 cucurrerit
966 2496 1087 2537 cum
1118 2495 1206 2536 eo.

313 2551 463 2616 Ideo,
493 2552 598 2608 viri
629 2552 857 2620 cordati,
890 2554 1072 2609 audite
1094 2566 1202 2620 me,

385 2623 531 2679 absit
560 2639 589 2678 a
619 2624 731 2679 Deo
754 2625 1007 2695 impietas
1030 2666 1045 2687 ,

386 2706 441 2750 et
466 2695 534 2751 ab
560 2694 943 2765 Omnipoteute
970 2694 1246 2765 iniquitas.

314 2765 461 2835 Opus
487 2768 632 2824 enim
657 2768 891 2821 hominis
916 2767 1107 2823 reddet
1134 2767 1187 2823 ei
1204 2808 1221 2830 .

386 2846 442 2892 et
463 2837 615 2908 juxta
638 2840 753 2892 vias
781 2839 1115 2910 singulorum
1143 2838 1394 2910 restituet
1426 2836 1535 2910 [AL
1568 2834 1697 2890 add.
1728 2833 1855 2908 eis].

319 2907 630 2965 \‘ere'enim
664 2911 803 2965 Deus
828 2907 935 2965 non
965 2909 1352 2966 condemnabit
1372 2907 1572 2963 frustra
1602 2947 1618 2976 ,

386 2996 487 3035 uec
506 2982 866 3051 Omnipotens
892 2981 1180 3053 subvertet
1196 2980 1485 3053 judicium.

315 3051 486 3118 Quem
518 3056 803 3107 constituit
830 3052 997 3108 alium
1021 3068 1181 3122 super
1200 3051 1411 3109 'terram
1437 3051 1462 3105 ἲ

388 3134 478 3195 aut
502 3139 661 3192 quem
686 3124 863 3194 posuit
879 3139 1042 3194 super
1055 3120 1262 3192 orbem,
1292 3138 1453 3195 quem
1481 3120 1907 3179 fabricatusest?

316 3194 373 3249 Si
400 3194 667 3250 direxerit
696 3197 762 3250 ad
786 3212 911 3251 cum
942 3211 1037 3251 eor
1060 3211 1219 3252 suum
1240 3236 1254 3260 ,

388 3266 636 3335 Spiritum
664 3266 809 3322 illius
830 3277 884 3322 et
910 3268 1093 3323 [latum
1126 3267 1194 3322 ad
1214 3282 1276 3324 se
1307 3263 1506 3323 trahet.

317 3337 542 3393 Deticict
562 3339 741 3393 omnis
763 3354 891 3394 caro
914 3341 1108 3405 simul,

386 3420 442 3464 et
463 3409 626 3464 homo
651 3411 705 3464 in
726 3410 966 3467 cinerem
994 3419 1321 3468 revertetur.

317 3479 375 3537 Si
404 3481 571 3536 habes
599 3496 729 3551 ergo
757 3482 1114 3551 intellectum,
1146 3483 1269 3539 audi
1306 3479 1452 3553 quod
1473 3479 1703 3548 dicitur,

388 3562 439 3607 et
470 3554 713 3608 ausculta
733 3568 921 3610 vocem
953 3555 1152 3622 eloquii
1177 3555 1303 3609 mei.

316 3621 582 3694 Numquid
612 3626 700 3696 qui
728 3640 837 3680 non
864 3635 1016 3682 amat
1038 3625 1331 3696 judicium,
1364 3624 1548 3680 sanari
1580 3632 1795 3695 potest:

388 3704 445 3751 et
469 3695 742 3770 quomodo
777 3710 831 3770 tu
859 3695 1151 3770 cum,'qui
1189 3698 1366 3769 justus
1418 3704 1543 3765 est,
1595 3697 1647 3751 in
1695 3701 1903 3750 tantum

459 3767 790 3823 condemnas
811 3769 833 3824 ?

318 3837 419 3908 Qui
450 3836 584 3895 dicit
604 3843 715 3909 regi
741 3880 757 3908 ,
792 3849 1035 3910 apostata
1067 3860 1082 3898 :

390 3911 479 3979 qui
512 3912 852 3985 vocatduces
883 3914 1119 3985 impios.“

316 3981 419 4049 Qui
443 3998 549 4037 non
574 3983 769 4056 accipit
791 3981 1052 4053 personas
1076 3982 1426 4056 principum:

391 4068 492 4108 nec
522 4055 774 4124 cognovit
813 4055 1132 4128 tyrannum,
1173 4071 1297 4111 cum
1347 4055 1680 4124 disceptaret
1716 4058 1905 4107 contra

465 4139 754 4196 pauperem
786 4145 800 4182 :
1440 4174 1445 4181 .

391 4193 526 4266 opus
553 4193 695 4340 eniin
722 4214 978 4256 manuum
1008 4201 1127 4273 ejus
1170 4206 1299 4256 sunt
1346 4194 1585 4254 universi
1615 4193 1746 4271 [Αι.
1782 4193 1906 4249 ιιιιί-

402 4339 406 4340 ν
442 4282 615 4340 versa
665 4310 683 4337 ,

463 4282 615 4323 versa
651 4282 683 4337 ι,

320 4339 510 4395 Subito
534 4338 873 4411 morientur,
918 4356 971 4400 et
1016 4345 1070 4401 in
1123 4343 1301 4400 media
1341 4350 1501 4397 nocte
1542 4338 1910 4395 turbabuntur

465 4414 669 4485 pOpuli,
702 4424 759 4469 et
788 4419 1229 4485 pertransibunt,

391 4490 447 4537 et
462 4482 719 4555 auferent
740 4482 1035 4542 violentum
1062 4488 1265 4555 abSque
1295 4501 1479 4540 manu.

320 4554 473 4608 Oculi
502 4556 647 4609 enim
670 4554 785 4624 ejus
805 4573 967 4628 super
993 4559 1108 4613 vias
1136 4554 1414 4628 hominum
1439 4596 1456 4619 ,

392 4634 445 4677 et
475 4639 665 4680 omnes
687 4627 906 4694 gressus
933 4645 1123 4684 eorum
1149 4627 1478 4683 considerat.

322 4694 440 4751 Non
463 4706 588 4749 sunt
625 4693 860 4753 tenebrte
878 4742 893 4766 ,
920 4707 1100 4755 etnon
1128 4710 1212 4754 est.
1237 4698 1424 4753 umbra
1456 4693 1645 4751 mortis
1672 4734 1687 4758 ,

398 4778 455 4819 ut
485 4777 509 4804 υ
536 4767 938 4841 abscondantur
966 4770 1039 4825 ibi
1061 4770 1151 4841 qui
1181 4779 1475 4839 operantur
1503 4766 1865 4836 iniquitatem.

320 4835 506 4908 Neque
523 4840 665 4895 enim
695 4842 833 4896 ultra
858 4841 913 4897 in
939 4835 1176 4896 hominis
1203 4835 1471 4912 potestate
1500 4845 1586 4893 est
1611 4876 1628 4905 ,

396 4923 453 4963 ut
480 4913 660 4968 veniat
686 4913 753 4968 ad
788 4915 952 4969 Deum
978 4914 1027 4968 in
1050 4913 1334 4984 judicium.

321 4979 578 5039 Conteret
611 4986 811 5041 multos
832 4979 1255 5041 innumerabiles
1281 5026 1298 5053 ,

395 5065 451 5108 et
479 5067 623 5112 stare
650 5056 809 5113 faciet
833 5060 968 5113 alios
992 5073 1087 5127 pro
1106 5058 1209 5113 eis.

322 5126 484 5182 Novit
510 5128 652 5201 enim
679 5144 840 5201 opera
865 5126 1051 5186 eorum
1084 5146 1097 5182 :

394 5211 448 5254 et
480 5199 679 5255 idcirco
703 5199 919 5257 inducet
948 5212 1185 5267 noctem,
1215 5208 1270 5256 et
1294 5206 1664 5256 conterentur.

324 5272 487 5340 Quasi
521 5273 719 5340 impios
746 5276 1012 5343 percussit
1037 5290 1133 5329 eos
1165 5276 1218 5329 in
1253 5276 1371 5328 loco
1395 5270 1714 5343 videntium.

325 5347 424 5411 Qui
453 5344 607 5414 quasi
632 5343 701 5398 de
731 5342 990 5399 industria
1022 5354 1369 5402 recesserunt
1393 5342 1463 5397 ab
1490 5357 1579 5409 eo,

396 5430 447 5472 et
470 5430 662 5471 oumes
691 5416 802 5471 vias
831 5417 949 5489 ejus
973 5418 1272 5488 intelligere
1301 5416 1613 5484 noluerunt,

326 5491 394 5548 Ut
426 5490 707 5561 pervenire
735 5486 976 5546 lacerent
1001 5490 1068 5545 ad
1089 5486 1213 5545 eum
1244 5490 1541 5544 clamorem
1571 5486 1758 5558 egeni,

398 5693 424 5721 ει
454 5682 635 5738 Monet
660 5678 921 5735 Scholion
955 5675 1254 5747 marginale
1291 5690 1393 5730 ms.
1422 5672 1625 5747 codicis
1658 5668 1906 5747 Majorjs-

326 5752 656 5818 Monasterii,
683 5751 826 5807 hunc
848 5764 1061 5806 versum
1078 5740 1281 5803 "abesse
1308 5749 1362 5801 in
1395 5746 1622 5800 ilcbrtco
1650 5760 1664 5796 :
1693 5740 1906 5818 sedfai-

327 5811 423 5884 sits
468 5837 550 5881 est
582 5811 771 5879 auctor
811 5821 1198 5884 annotationis,
1230 5827 1321 5873 aut
1360 5826 1508 5874 certe
1537 5830 1691 5870 usum
1718 5811 1905 5869 habuit

333 5899 506 5956 mutili
540 5913 601 5951 ac
634 5895 931 5965 impcrl‘ccti
962 5893 1206 5949 llcbraiei
1233 5888 1583 5961 exemplaris.
1621 5886 1800 5941 ΜΑιιτ.

1731 334 1940 394 LIBER
1976 334 2119 393 JOB.

1912 454 1960 514 Α

1929 3228 1977 3292 C

3449 325 3592 391 ιιιι

2062 459 2115 507 et
2145 449 2353 507 audiret
2383 460 2568 507 vocem
2594 448 2914 520 pauperum.

1991 523 2111 595 Ipso
2136 527 2279 634 cpiti:
2309 519 2643 580 concedente
2667 537 2852 594 pacem
2872 564 2886 589 ,
2929 519 3051 594 quis
3077 529 3163 578 est
3200 520 3289 594 qui
3317 520 3581 579 condem-

2133 612 2163 634 n

2133 605 2224 652 net
2242 605 2258 649 ἐ

2062 682 2128 724 ex
2155 682 2261 794 qu:
2282 664 2626 723 absconderit
2653 664 2894 728 vultum,
2920 665 3042 737 quis
3080 673 3165 722 est
3208 665 3301 737 qui
3338 674 3585 720 contem-

2137 757 2165 794 ι)
2195 755 2222 793 e
2251 755 2312 794 ur
2333 753 2458 794 eum

2137 746 2312 807 plctur
2333 753 2458 795 eum

2064 818 2120 867 et
2140 806 2306 881 'super
2326 818 2540 881 gentem
2570 816 2625 863 et
2649 821 3029 881 superomnes
3056 806 3346 863 homines?

1994 880 2094 949 Qui
2118 878 2349 953 regnare
2374 880 2504 1007 {agit
2529 878 2801 935 hominem
2824 878 3163 952 hypocrilam
3195 886 3417 951 propter
3447 891 3578 949 pec-

2137 963 2258 1007 cata
2287 967 2431 1007 nonu
2455 969 2493 1007 t.

2137 963 2258 1009 cata
2287 953 2493 1009 nonali.

2137 970 2258 1009 cata
2287 970 2493 1023 populi.

1994 1024 2128 1094 Quia
2154 1041 2283 1095 ergo
2302 1041 2402 1097 ego
2428 1025 2635 1097 locutus
2655 1039 2773 1097 sum
2802 1021 2868 1077 ad
2897 1021 3065 1077 Deum
3099 1063 3116 1090 ,

2071 1107 2122 1152 te
2148 1096 2361 1170 quoque
2389 1111 2494 1170 non
2516 1096 2836 1169 prohibebo.

1996 1168 2055 1227 Si
2079 1167 2291 1235 erravi,
2316 1176 2372 1223 tu
2398 1167 2533 1224 doce
2558 1182 2647 1224 me
2676 1185 2691 1222 :

2071 1241 2117 1294 si
2148 1234 2482 1304 iniquitatem
2513 1239 2724 1295 locutus
2752 1253 2869 1294 sum
2895 1281 2912 1304 ,
2944 1236 3089 1293 ultra
3123 1251 3227 1294 non
3244 1234 3462 1291 addam.

1998 1306 2266 1383 Numquid
2288 1326 2318 1367 a
2341 1321 2394 1367 te
2419 1311 2561 1367 Deus
2582 1320 2800 1383 expetet
2822 1326 2940 1366 eam
2960 1351 2973 1374 ,
2993 1311 3118 1376 quia
3139 1307 3418 1380 displicuit
3439 1306 3532 1363 tibi
3558 1306 3584 1362 2

2070 1395 2127 1451 ιιι
2159 1381 2309 1439 enim
2339 1382 2549 1451 coepisti
2580 1381 2755 1453 loqui,
2789 1390 2843 1437 et
2868 1397 2974 1436 non
3007 1395 3108 1450 ego
3135 1398 3147 1434 :

2073 1455 2218 1527 quod
2246 1456 2289 1510 si
2319 1455 2447 1526 quid
2478 1453 2621 1527 nosti
2651 1454 2865 1519 melius,
2898 1454 3146 1527 loquere.

2002 1525 2113 1583 Viri
2138 1525 2499 1597 intelligentes
2528 1526 2821 1595 loquantur
2846 1525 3009 1591 mihi,

2077 1601 2142 1653 Et
2168 1601 2252 1654 vir
2278 1600 2493 1654 sapiens
2519 1599 2703 1653 audiat
2731 1613 2836 1653 me.

2077 1613 2142 1653 ιιλι
2168 1614 2252 1654 νιιο
2278 1613 2335 1653 sa
2380 1613 2493 1654 iens
2519 1613 2703 1653 auotat
2731 1613 2836 1653 me.

2001 1669 2104 1728 Job
2134 1680 2316 1753 autem
2486 1667 2806 1741 tac.autem]
2834 1665 3235 1753 stultelocutus
3270 1673 3354 1720 est

2077 1752 2132 1797 et
2160 1740 2323 1797 verba
2348 1737 2501 1796 illius
2528 1756 2633 1796 non
2662 1737 2853 1795 sonant
2881 1737 3217 1806 disciplinam
3246 1779 3260 1803 ,

1925 1844 1974 1904 Β
2004 1812 2311 1904 Ρδξῗτέἶὶίετ,
2324 1829 2385 1904 l'.’
2389 1812 2512 1904 91363
2520 1811 2718 1904 "31"}?
2729 1825 2918 1904 315.995
2928 1809 3185 1904 39.3392?
3196 1825 3225 1904 τ²

2071 1899 2141 1940 ne
2165 1878 2382 1939 desinas
2409 1881 2505 1938 inb
2539 1878 2848 1938 hominibus
2871 1881 3166 1952 iniquitatis
3196 1878 3290 1953 [b.
3328 1878 3579 1952 iniquita-

1997 1953 2310 2110 Quialgilndii
2339 2032 2750 2110 superpeccata
2771 2040 2869 2109 sua
2892 2022 3283 2110 blasphemiam
3298 2061 3314 2090 ,

2071 2099 2211 2153 inter
2240 2111 2339 2153 nos
2363 2096 2579 2152 interim
2604 2096 3009 2167 conetringatur
3045 2111 3057 2147 :

2068 2179 2125 2226 et
2147 2180 2274 2225 tunc
2293 2168 2359 2225 ad
2375 2169 2636 2240 judicium
2656 2162 2909 2240 provocét
2931 2164 3272 2222 sermonibus
3293 2163 3409 2240 suis
3424 2162 3592 2240 Deum

2142 2240 2221 2314 [b.
2245 2250 2301 2297 et
2323 2229 2450 2297 ιιιῖιο
2478 2229 2797 2310 multiplicet
2819 2229 3101 2295 sermones
3122 2250 3251 2291 suos
3277 2235 3344 2290 ad
3379 2234 3593 2308 Deum].

2180 2348 2359 2391 IGITUR
2407 2348 2530 2389 ELIU
2579 2347 2696 2389 ΒᾹΞΟ
2741 2346 2950 2388 ιιυιιευιι
2994 2345 3231 2387 ιοουτυε
3280 2344 3414 2385 EST!

2002 2427 2407 2512 [Cap
2451 2425 2722 2498 Numquid
2763 2441 2915 2498 aequa
2950 2424 3045 2481 tibi
3080 2424 3295 2480 videtur
3323 2433 3412 2480 tua
3441 2420 3597 2496 cogi-

2148 2510 2279 2556 tatio
2297 2542 2311 2565 ,

2073 2582 2133 2626 ut
2160 2571 2410 2627 diceres:
2441 2569 2644 2626 Justior
2672 2566 2785 2623 Deo
2808 2582 2948 2622 sum.

2004 2642 2199 2699 Dixisu
2223 2643 2367 2698 enim
2394 2658 2405 2695 :
2433 2643 2550 2697 Non
2585 2641 2679 2695 tibi
2710 2640 2882 2712 placet
2907 2635 3049 2708 quod
3079 2644 3390 2712 rectumAest
3418 2652 3435 2692 :

2074 2714 2161 2770 vel
2187 2713 2315 2785 quid
2348 2714 2441 2768 tibi
2474 2707 2744 2785 proderit,
2776 2712 2821 2766 si
2844 2707 2953 2785 ego
2972 2707 3310 2785 peccavero?

2005 2785 2190 2868 Itaque
2205 2781 2318 2868 ego
2339 2781 2678 2868 respondebo
2699 2781 3043 2839 sermonibus
3075 2781 3182 2836 tuis

2078 2866 2137 2913 et
2163 2858 2351 2920 amicis
2376 2858 2482 2911 tuis
2507 2864 2707 2911 tecum.

2008 2928 2233 2999 SuSpice
2254 2928 2449 2984 cmlum
2478 2936 2532 2983 et
2560 2928 2772 2982 intuere
2792 2967 2808 2992 ,

2076 2993 2133 3055 ei
2161 2999 2530 3070 contemplare
2551 3001 2755 3070 azthera
2788 2996 2931 3070 quod
2955 2994 3114 3070 altior
3138 3002 3198 3070 te
3216 2993 3310 3070 sit.

2007 3071 2063 3128 Si
2093 3065 2448 3143 peccaveris,
2480 3071 2608 3142 quid
2639 3072 2688 3143 ei
2712 3069 2818 3143 [ᾼι.
2843 3067 2987 3143 enni]
3012 3065 3273 3143 nocebis?

2082 3136 2135 3198 ἐι
2166 3143 2211 3199 si
2238 3136 2607 3212 multiplicatae
2630 3136 2832 3196 fuerint
2860 3136 3173 3212 iniquitates
3193 3146 3300 3194 ture
3328 3136 3407 3210 [b.
3434 3148 3591 3193 erro-

2154 3230 2243 3270 res
2269 3212 2369 3284 tui]
2392 3210 2413 3281 ,
2434 3212 2563 3284 quid
2592 3212 2972 3284 laciesicoutra
2998 3210 3168 3284 eum?

2008 3285 2181 3341 Porro
2212 3287 2255 3341 si
2284 3279 2429 3354 juste
2452 3279 2664 3357 egeris,
2692 3282 2821 3354 quid
2855 3281 3085 3357 donabis
3105 3279 3199 3337 ei?

2075 3364 2170 3412 aut
2197 3350 2326 3428 quid
2356 3357 2424 3412 de
2455 3350 2617 3428 nianu
2641 3350 2729 3428 tua
2759 3350 3036 3428 accipiet?

2006 3417 2322 3501 Homini-[b.
2359 3427 2532 3500 viro],
2566 3427 2659 3499 qui
2680 3417 2976 3481 similis'tui
2999 3432 3120 3492 est,
3163 3420 3379 3478 nocebit
3408 3417 3603 3491 impie-

2149 3509 2231 3555 tas
2262 3508 2373 3554 tua.
3260 3522 3268 3530 -

2077 3581 2133 3627 et
2188 3572 2353 3627 tilium
2402 3570 2526 3642 [AL
2559 3566 2747 3639 filius]
2800 3567 3037 3642 hominis
3076 3564 3354 3637 adjuvabit
3385 3562 3601 3636 justitia

2152 3652 2236 3698 tua
2266 3642 2375 3716 [Αἰἶ
2402 3639 2669 3716 justitiam
2700 3639 2889 3716 tuam].

2007 3714 2239 3784 Propter
2267 3707 2666 3769 inultitudinem
2695 3707 3149 3784 calumniatorum
3180 3707 3493 3765 clamabunt
3522 3720 3539 3761 :
3606 3734 3617 3745 ι

2079 3781 2134 3841 et
2160 3785 2435 3855 ejulabunt
2461 3795 2679 3855 pr0pter
2706 3784 2816 3839 vim
2839 3781 3042 3855 brachii
3074 3791 3449 3850 tyrannorum.

2008 3858 2079 3914 Et
2107 3853 2211 3912 non
2238 3858 2377 3911 dixit
2409 3874 2423 3911 :
2459 3853 2665 3912 Ubiﬁest
2694 3855 2837 3909 Deus
2859 3898 2874 3920 ,
2906 3856 2995 3922 qui
3018 3853 3142 3909 fecit
3172 3866 3260 3908 me
3282 3892 3300 3918 ,

2081 3929 2174 4013 qui
2200 3928 2349 4013 dedit
2376 3927 2454 4001 [b.
2484 3925 2978 4013 dansj'car‘mi‘na‘in
3012 3922 3219 3980 nocte?
3274 3963 3285 3977 κ

2008 4000 2112 4070 Qui
2141 4002 2301 4056 docet.
2327 4000 2428 4055 nos
2455 4014 2619 4071 super
2634 4000 3101 4071 jumentaterrai,

2080 4082 2136 4129 et
2155 4087 2319 4142 super
2345 4061 2591 4126 volucres
2621 4061 2743 4125 cccli
2771 4068 2949 4142 erudit
2974 4068 3083 4141 [.Al.
3112 4061 3347 4135 erudict]
3375 4076 3498 4119 nos.

2011 4144 2089 4200 lbi
2119 4139 2455 4209 clamabunt,
2486 4150 2541 4196 et
2572 4157 2675 4196 non
2703 4139 2995 4208 exaudiet,

2085 4215 2642 4288 proptersuperbiam
2676 4213 2961 4288 malorum.

2010 4278 2126 4344 Νοίι
2156 4278 2283 4357 ergo
2305 4286 2384 4358 [b.
2405 4278 2806 4358 verumtamen]
2832 4283 3030 4337 frustra
3069 4280 3254 4358 audiet.
3278 4278 3420 4358 Deus
3451 4316 3467 4343 ,

2085 4369 2141 4415 ct
2170 4349 2516 4427 omnipotens
2556 4349 2890 4427 singulorum
2920 4369 3119 4427 causas
3140 4349 3438 4427 intuebitur
3463 4387 3479 4412 ,

2015 4432 2190 4487 Etiam
2204 4418 2345 4556 (funi
2373 4427 2582 4485 dchris
2602 4418 2681 4500 [ιῖ.
2717 4425 2889 4480 Etiam
2921 4429 3049 4497 quia
3071 4420 3276 4493 dixisd]
3300 4438 3317 4473 ι
3342 4418 3457 4474 Νοιι
3481 4431 3614 4473 con-

2155 4504 2198 4556 si
2244 4509 2399 4556 erat:

2155 4504 2362 4557 siderat
2384 4519 2399 4554 :

2079 4574 2324 4643 judicare
2350 4585 2533 4626 coram
2558 4568 2652 4643 illo
2670 4575 2769 4643 ._et
2808 4576 3058 4643 exspecta
3090 4579 3236 4643 eum.

1931 4628 1986 4689 Ῑ)
2008 4628 2160 4701 Νιῖιιε
2188 4646 2332 4699 enim
2363 4658 2469 4697 non
2494 4642 2654 4714 infert
2674 4628 2923 4714 lurorem'
2954 4639 3063 4714 [ΑΙ.
3085 4631 3374 4709 judicium]
3402 4645 3563 4689 suum
3591 4673 3607 4701 ,

2082 4732 2181 4771 nec
2206 4715 2483 4775 ulciscitur
2509 4713 2689 4767 scelus
2715 4711 2894 4767 valde.

2011 4788 2154 4857 Ergo
2180 4785 2283 4841 λοι)
2310 4784 2511 4857 frustra
2537 4782 2715 4857 aperit
2742 4798 2803 4857 os
2834 4784 3046 4857 suum}

2083 4852 2139 4914 δι
2167 4859 2373 4928 absque
2400 4854 2625 4911 scientia
2654 4852 2818 4910 verba
2851 4852 3192 4925 multiplicat.

2213 4967 2415 5009 ADDENS
2452 4965 2660 5017 ρυορυε
2699 4966 2823 5007 Εωυ
2860 4964 2978 5006 HEC
3015 4960 3260 5005 LOCUTUS
3298 4960 3428 5001 EST:

2016 5045 2190 5121 [Cap.
2219 5043 2464 5121 XXXAYI.
2490 5044 2510 5117 ]
2541 5043 2871 5121 sustinente
2902 5041 3184 5121 pauluium
3209 5080 3225 5103 ,
3274 5048 3329 5121 et
3361 5031 3613 5121 indicabo

2158 5120 2291 5175 tibi:
2319 5106 2510 5173 adhuc'
2539 5117 2685 5173 enim
2728 5106 2917 5171 habeo'
2947 5111 3094 5186 quod
3131 5126 3231 5183 pro
3274 5110 3385 5166 Deo
3421 5106 3616 5176 loquar

2158 5191 2265 5265 [Αι.
2294 5190 2529 5265 prodens
2560 5187 2796 5262 loquar].
2860 5257 2900 5265 η
3039 5256 3053 5265 .
3136 5254 3168 5265 Α.
3358 5248 3378 5265 1

2017 5248 2609 5346 Repe‘tam'seientiam
2634 5248 2828 5315 'mezim
2860 5257 2941 5331 [b.
2977 5254 3204 5312 scientia
3233 5248 3380 5325 mea]
3404 5265 3434 5305 a
3461 5248 3622 5321 prin-

2158 5350 2325 5405 CIpIO,

2085 5421 2140 5465 et
2165 5399 2506 5479 operatorem
2536 5414 2718 5462 meum
2742 5402 2990 5479 probabo
3016 5399 3248 5470 justum.

2020 5482 2158 5538 Vere
2186 5466 2332 5537 enim
2361 5480 2568 5549 absque
2599 5466 2880 5532 mendacio
2906 5466 3190 5529 sermones
3222 5466 3355 5534 mel,

2086 5664 2115 5705 ι)
2143 5665 2280 5722 Cum
2320 5663 2562 5737 Vulgatis
2600 5663 2818 5737 Regina:
2849 5675 2952 5716 ms.
2992 5675 3054 5737 ne
3090 5656 3295 5737 desinas
3321 5652 3383 5737 ab
3406 5651 3614 5734 homine

2013 5739 2319 5824 iniquitatis.
2348 5724 2514 5794 Hebr.
2555 5736 2623 5793 ad
2656 5724 2902 5803 vcrbum,
2935 5732 3004 5786 ad
3038 5726 3451 5803 respondendum
3496 5724 3619 5779 viris

2012 5819 2320 5883 iniquitatis.
