4050 6356
520 319 660 382 1119

591 447 685 495 aut
714 438 1019 513 confringet
1047 440 1232 513 glebas
1261 440 1482 497 vallium
1514 450 1645 513 post
1670 452 1720 496 te
1738 442 1764 496 ἲ

519 510 789 585 Numquid
814 510 1071 569 fiduciam
1089 513 1312 569 habebis
1334 514 1386 568 in
1411 510 1605 581 magna
1627 512 1943 570 fortitudine
1963 513 2104 585 ejus,

599 592 656 639 et
681 583 1035 654 derelinques
1062 586 1111 641 ei
1142 585 1353 641 labores
1381 585 1540 641 tuos?
1997 583 2006 585 ἡ
2069 607 2073 611 ·

521 652 794 726 Numquid
824 652 1013 712 credes
1038 658 1085 713 ei
1112 656 1253 725 quod
1284 664 1582 714 sementem
1607 656 1799 714 reddat
1828 657 1963 727 tibi,

592 737 648 783 et
672 742 854 783 aream
880 738 1025 784 tuam
1058 728 1386 799 congreget?

523 798 707 855 Penna
738 801 1101 855 strutltionum
1132 798 1324 856 similis
1353 809 1380 838 ι
1410 808 1494 857 est
1532 798 1728 871 pennis
1763 799 2003 871 berodii,
2054 806 2110 856 et

666 871 939 945 accipitris
965 871 1046 945 [h.
1066 871 1305 945 tLiconiaz
1335 882 1389 929 et
1421 872 1610 943 milvi].

521 941 749 1015 Quando
776 941 1109 1015 derelinquit
1130 944 1183 998 in
1210 952 1351 1000 terra
1382 960 1482 999 ova
1513 941 1635 1013 sua,

595 1021 653 1069 tu
679 1010 911 1089 forsitan
940 1016 993 1070 in
1009 1010 1248 1086 'pulvere
1271 1016 1560 1072 calefacies
1586 1010 1647 1072 ea
1671 1016 1752 1089 [h.
1781 1015 2112 1089 derelinquit

664 1085 811 1160 enim
852 1086 904 1141 iu
939 1096 1083 1143 terra
1114 1101 1214 1141 ova
1248 1102 1345 1143 sua
1365 1096 1455 1160 ,et
1477 1089 1530 1143 in
1561 1085 1785 1158 pulvere
1806 1086 2111 1160 calefiunt]?

521 1154 873 1213 Obliviscitur
898 1160 1041 1228 quod
1073 1172 1167 1229 pes
1195 1159 1487 1215 conculcet
1511 1154 1576 1216 ea
1591 1199 1607 1227 ,

596 1236 687 1281 aut
717 1229 904 1301 bestia:
926 1230 1040 1301 agri
1070 1240 1375 1286 conterant.
1627 1260 1630 1264 -

523 1298 761 1371 Duratur
787 1300 854 1355 ad
887 1298 1024 1357 lilios
1054 1315 1182 1356 suos
1212 1303 1364 1371 quasi
1394 1316 1501 1357 non
1529 1302 1636 1358 sint
1661 1301 1777 1370 sui,

594 1369 791 1446 frustra
824 1372 1091 1446 laboravit
1110 1414 1124 1435 ,
1150 1369 1300 1429 nullo
1328 1376 1522 1446 timore
1547 1385 1799 1446 cogente.

521 1440 762 1498 Privavit
787 1444 933 1499 enim
959 1460 1080 1500 eam
1112 1446 1251 1500 Deus
1272 1445 1535 1512 sapientia
1554 1488 1570 1514 ,

599 1529 700 1569 nec
725 1514 871 1570 dedit
916 1515 993 1571 illi
1024 1516 1463 1587 intelligentiam.

522 1583 657 1659 Cum
688 1597 899 1659 tempus
928 1589 1122 1650 fuerit,
1148 1583 1395 1642 in'altnm
1427 1588 1540 1643 alas
1568 1587 1759 1659 erigit:

596 1658 805 1713 deridet
831 1674 1030 1728 equum
1055 1668 1107 1713 et
1135 1674 1480 1716 ascensorem
1510 1661 1649 1728 ejus.

524 1727 793 1796 Numquid
827 1727 1094 1801 praebebis
1122 1746 1263 1797 equo
1294 1727 1669 1787 fortitudinem
1699 1774 1715 1799 ,

594 1809 690 1854 aut
706 1800 1065 1876 circumdatus
1087 1801 1229 1876 collo
1245 1802 1364 1872 ejus
1389 1803 1656 1876 hinnitum
1678 1804 1756 1876 [h.
1777 1811 1871 1859 aut
1892 1802 2113 1861 induisti

670 1874 870 1946 collum
900 1873 1017 1940 ejus
1035 1872 1513 1946 brcervicositate]?

525 1941 797 2016 Numquid
825 1945 1115 2000 suscitabis
1144 1961 1268 2000 eum
1311 1941 1769 2016 quasi'locustas?

597 2015 771 2085 gloria
806 2016 1018 2070 narium
1048 2017 1166 2084 ejus
1196 2015 1395 2073 terrer.

524 2084 750 2142 Terram
783 2088 977 2157 ungula
1011 2087 1171 2153 fodit,

600 2159 839 2213 exsultat
865 2157 1127 2214 audacter
1153 2176 1168 2214 :

608 2228 661 2283 in
688 2244 974 2285 occursum
1001 2230 1174 2301 pergit
1194 2229 1437 2301 armatis.

522 2296 836 2375 Qontemnit
862 2296 1149 2375 pavorem,
1174 2317 1272 2375 nec
1303 2300 1447 2357 cedit
1472 2302 1677 2375 gladio.

530 2370 708 2439 Super
740 2370 912 2442 ipsum
942 2373 1165 2427 sonabit
1197 2372 1475 2441 pharetra,

599 2442 836 2498 vibrabit
868 2443 1020 2499 hasta
1052 2454 1104 2499 ct
1134 2454 1155 2480 ο
1189 2444 1437 2514 clypcus.

527 2511 769 2569 Fervens
799 2525 854 2569 et
885 2515 1122 2570 fremens
1151 2511 1340 2571 sorbet
1371 2524 1569 2571 terram
1597 2559 1613 2584 ,

601 2600 699 2640 nec
727 2594 941 2656 reputat
968 2585 1110 2641 tubre
1137 2601 1333 2642 50nare
1357 2587 1691 2656 clangorem.

528 2652 630 2711 Ubi
660 2652 895 2731 audierit
925 2657 1205 2731 buccinam
1227 2699 1242 2724 ,
1272 2656 1417 2713 dicet
1439 2652 1550 2731 [Ᾱι.
1580 2654 1731 2730 dicit]
1756 2674 1770 2712 :
1800 2655 1951 2715 Vah!

601 2729 791 2798 procul
820 2730 1078 2784 odoratur
1107 2729 1306 2784 bellum
1325 2770 1342 2795 ,

490 2810 495 2816 ‘
599 2802 1034 2856 exhortationem
1064 2800 1258 2855 ducum
1283 2842 1298 2864 .
1321 2812 1378 2856 et
1404 2800 1665 2855 ululatum
1688 2799 1987 2856 exercitus.

526 2868 795 2940 Numquid
823 2887 918 2942 per
938 2872 1257 2943 sapientiam
1282 2880 1428 2926 tuam
1462 2872 1743 2943 plumescit
1767 2871 2049 2943 accipiter,

601 2940 915 3009 expandens
941 2940 968 2980 ἀ
1000 2940 1117 3001 alas
1144 2958 1271 2998 suas
1297 2943 1361 2997 ad
1391 2940 1673 2998 austrum?

532 3010 804 3085 Numquid
835 3013 900 3085 ad
933 3023 1263 3085 prmceptum
1298 3026 1447 3070 tuum
1478 3013 1784 3071 elevabitur
1811 3015 2013 3085 aquila,

601 3082 732 3140 etin
760 3082 947 3141 arduis
976 3082 1142 3154 ponet
1170 3086 1353 3140 nidum
1385 3087 1580 3141 suum?

526 3152 587 3210 lu
606 3157 774 3226 petris
787 3152 987 3220 manet,
1006 3167 1061 3211 et
1079 3158 1130 3212 in
1151 3159 1439 3228 praeruptis
1460 3156 1709 3214 silicibus
1724 3163 2119 3227 commoratur,

604 3236 768 3298 atque
798 3228 1093 3284 inaccessis
1124 3227 1372 3298 rupibus.

525 3295 660 3354 inde
681 3295 901 3371 contem
913 3300 1128 3371 piantur
1150 3295 1329 3355 escam
1348 3340 1365 3366 ,

599 3380 663 3442 et
682 3369 751 3426 de
787 3369 946 3442 longe
974 3371 1117 3426 oculi
1148 3371 1267 3440 ejus
1296 3371 1651 3442 prospiciunt.

526 3440 667 3498 Pulli
696 3442 813 3510 ejus
838 3440 1081 3499 lambent
1117 3440 1466 3513 sanguinem:

598 3523 655 3568 et
682 3514 1010 3585 ubicumque
1039 3512 1271 3570 cadaver
1299 3512 1494 3584 fuerit,
1520 3515 1707 3572 statim
1731 3516 1907 3575 adest.

597 3621 668 3662 ET
707 3623 923 3665 Αωεοιί·
960 3624 1186 3665 DOMINUS
1218 3650 1233 3676 ,
1277 3625 1347 3664 ετ
1387 3624 1627 3666 ιοουτυδ
1673 3625 1773 3666 EST
1810 3628 1879 3667 AD
1916 3628 2046 3671 JOB:

664 3700 742 3774 [h.
779 3703 849 3758 Et
874 3705 1152 3774 respondit
1182 3704 1442 3760 Dominus
1474 3705 1540 3758 ad
1570 3704 1703 3770 Job,
1731 3714 1787 3761 et
1815 3706 1985 3762 dixit:

527 3770 798 3844 Numquid
821 3777 938 3852 _qu_i_
968 3770 1243 3852 contendit
1271 3791 1392 3852 cum
1425 3776 1536 3831 Deo
1568 3776 1647 3849 [h.
1679 3778 2119 3852 Otnnipotenle],

677 3855 785 3900 tam
815 3845 977 3902 facile
1003 3846 1378 3915 conquiescit?

600 3915 785 3987 utique
814 3918 906 3988 qui
935 3920 1116 3988 arguit
1150 3920 1349 3988 Deum,
1382 3918 1545 3973 debet
1573 3917 1910 3988 respondere
1940 3921 2013 3977 ei.

743 4022 1077 4066 RBSPONDENS
1117 4025 1293 4065 AUTEI
1328 4024 1418 4066 JOB
1461 4023 1682 4078 DOIINO,
1722 4024 1905 4068 ωιιτε

531 4097 631 4173 Qui
661 4099 853 4173 leviter
875 4102 1084 4157 locutus
1110 4116 1228 4157 sum
1246 4143 1261 4167 ,
1281 4102 1615 4172 respondere
1637 4102 1767 4173 quid
1794 4108 2053 4173 possum?

604 4171 683 4243 [h.
719 4172 819 4241 Qui
851 4174 974 4227 vilis
997 4189 1141 4237 Slllll,
1174 4171 1510 4243 reSpondere
1540 4171 1669 4244 quid
1695 4171 1979 4249 possum]?

601 4258 822 4316 manum
855 4260 1030 4299 meam
1066 4260 1263 4314 ponam
1291 4260 1456 4316 super
1481 4259 1544 4300 OS
1577 4259 1779 4301 meum.

528 4312 704 4371 Unum
720 4312 1091 4389 _locutus_sum
1112 4357 1128 4383 ,
1159 4317 1301 4389 quod
1328 4312 1543 4389 utinam
1576 4333 1683 4371 non
1717 4317 2009 4389 dixissem;

598 4394 654 4442 et
681 4387 913 4442 alterum
941 4387 1014 4461 [h.
1051 4386 1201 4461 duo].
1230 4387 1426 4459 quibus
1467 4390 1604 4443 ultra
1630 4404 1737 4444 non
1770 4389 1986 4446 addam.

524 4493 861 4545 BESPONDENS
898 4498 1080 4539 AUTEI
1139 4498 1364 4540 DONINUS
1400 4499 1491 4540 JOB
1545 4500 1612 4540 DE
1666 4499 1903 4542 TURBINE
1941 4501 2122 4549 DIXIT;

525 4572 679 4648 [ϐαρ.
710 4574 850 4648 XL]
880 4576 1117 4647 Acr-inge
1148 4578 1289 4632 sicut
1316 4577 1398 4632 vir
1429 4576 1644 4634 lumbos
1674 4586 1831 4634 tuos:

598 4647 950 4718 interrogabo
982 4656 1033 4704 te
1053 4688 1070 4715 ,
1099 4659 1153 4703 et
1186 4649 1361 4703 indica
1389 4648 1543 4704 mihi.

516 4714 790 4788 Numquid
814 4714 1030 4775 irritum
1056 4714 1226 4775 facies
1249 4720 1511 4788 judicium
1540 4734 1716 4776 meum
1744 4737 1756 4775 :

593 4798 650 4845 et
674 4788 1061 4847 condemnabis
1090 4807 1206 4859 me,
1232 4801 1291 4847 ut
1332 4800 1386 4846 tu
1408 4790 1765 4861 justiliceris?

523 4993 654 5036 vero
673 4977 819 5033 aliud
844 4992 1017 5048 genus
1045 4975 1295 5033 animalis
1326 4976 1571 5036 indicare
1609 4981 1842 5047 videtur,
1878 4996 2111 5039 monens

524 5066 623 5121 pro
655 5050 883 5105 relativo
912 5051 1026 5123 ejus
1054 5048 1195 5121 quod
1228 5066 1483 5123 onagrum
1518 5052 1761 5121 reSpicit,
1795 5054 1846 5107 in
1878 5053 2109 5110 liebrato

523 5120 646 5177 esse
672 5124 886 5196 etebers,
919 5120 974 5174 id
1004 5131 1098 5185 cst,
1128 5130 1265 5196 't'lfiy
1291 5120 1545 5196 arod__sctt
1590 5120 1779 5196 ραι-ρει,
1825 5140 1986 5196 quam
2018 5141 2113 5182 v0-

524 5208 641 5250 ccm
686 5190 877 5247 Latine
914 5196 1081 5248 vertit
1107 5194 1384 5264 eteberum.
1422 5190 1744 5264 Nunc'quid
1785 5190 1859 5251 sii
1880 5196 2113 5253 eteberus

527 5279 634 5338 non
660 5278 950 5338 possumus
978 5265 1246 5329 divinare,
1270 5263 1393 5338 quia
1411 5277 1520 5338 nec
1548 5263 1671 5319 vola
1695 5281 1795 5322 nec
1824 5268 2111 5338 vestigium

526 5334 687 5405 hujus
719 5335 953 5407 nominis
999 5334 1457 5407 apparuitgnobis
1502 5334 1556 5407 in
1609 5352 1799 5407 magna
1840 5334 2109 5395 librorum

526 5404 894 5468 multitudine,
925 5419 1059 5475 quos
1091 5405 1465 5475 investigando
1508 5404 1722 5463 frustra
1751 5410 2103 5467 revolvimus.

523 5477 686 5535 Credi
720 5490 935 5545 quoque
966 5475 1096 5529 nihil
1137 5484 1283 5530 vetat
1313 5492 1503 5535 errore
1545 5480 1888 5537 librariorum
1915 5499 2107 5539 corru-

524 5560 669 5624 ptam
693 5548 890 5624 ad_nos
914 5548 1227 5624 pervenisse
1251 5548 1558 5624 hujusntodi
1590 5552 1899 5620 lectionem,
1933 5567 1989 5611 et
2011 5571 2107 5624 pro

524 5618 732 5696 gebat,
764 5618 1410 5696 forte_Iege_nduin_i_d_est
1449 5622 1567 5692 feri,
1609 5636 1701 5679 aut
1728 5625 1857 5696 quid
1888 5618 2102 5683 Sitti-lie.

520 5692 836 5747 Doctiorum
873 5689 958 5744 hic
988 5691 1129 5744 adsit
1151 5689 1649 5758 judir-ium.'M.tur.

594 5772 619 5799 τι
643 5760 1007 5840 Ρτρξξενοάίο,
1030 5762 1237 5840 quodin
1252 5762 1675 5840 Ilcbrazo‘dicitur
1694 5782 1852 5840 A5105
1864 5768 2104 5840 (7.1708),

518 5834 713 5909 inquit.
740 5834 1098 5909 Hieronymus
1142 5834 1312 5909 i‘J‘pist.
1347 5835 1435 5909 ad,
1459 5836 1715 5894 Sunniam
1739 5850 1792 5893 et
1814 5834 2104 5909 Fretelatn,

528 5903 874 5974 Symmachus
903 5903 1090 5975 ἰέτῖνα,
1135 5904 1190 5959 id
1221 5914 1323 5977 est,
1370 5908 1576 5964 milium
1615 5911 1978 5980 interpretatus
2008 5903 2100 5967 cst;

1525 325 1583 383 S.
1628 323 2013 383 IIIEBONYMI
2048 323 2280 383 DlVlNA
2318 323 2800 383 BlBLlOTllECA.

2131 448 2181 506 Α
2211 438 2280 495 Ει
2308 439 2353 495 si
2392 439 2559 497 habes
2582 440 2862 497 brachium
2893 442 3033 498 sicut
3057 441 3232 509 Deus,

2148 1841 2197 1903 B

3672 326 3812 388 I120

2281 519 2337 567 et
2364 516 2406 567 si
2435 528 2565 567 voce
2594 514 2755 569 simili
2785 513 2984 570 tonas?

2210 582 2498 641 Circumda
2532 584 2627 640 tibi
2658 584 2946 652 decorent,

2282 666 2337 710 ct
2365 655 2417 710 in
2450 655 2681 731 sublime
2707 658 2921 731 erigere
2939 703 2954 727 ,
2979 666 3181 731 etesto
3206 656 3486 731 gloriosus
3502 700 3520 727 ,

2282 736 2337 782 et
2370 727 2629 797 speciosis
2660 727 2883 785 induere
2903 730 3163 788 vestibus.

2212 797 2473 871 Disperge
2503 800 2765 872 superbos
2807 802 2995 858 furore
3026 810 3149 872 tuo,

2281 880 2337 926 et
2363 872 2668 945 respiciens
2693 887 2907 927 omnem
2935 882 3279 945 arrogantem
3309 873 3559 932 humilia.

2212 940 2443 1012 Respice
2468 940 2696 999 Cunctos
2722 946 2990 1017 superbos
3014 987 3030 1011 ,
3052 940 3108 1002 et
3134 946 3406 1004 confunde
3435 963 3533 1003 eos
3549 987 3567 1012 ,

2285 1024 2341 1070 et
2369 1024 2593 1087 contere
2625 1016 2818 1087 impios
2846 1017 2898 1072 in
2931 1018 3049 1073 loco
3076 1032 3196 1074 suo.

2214 1084 2505 1158 Absconde
2530 1102 2627 1142 eos
2650 1084 2716 1141 in'
2731 1088 2961 1158 pulvere
2982 1090 3142 1145 simul
3161 1130 3176 1152 ,

2285 1167 2338 1231 et
2371 1156 2534 1214 facies
2562 1156 2750 1231 eorum
2776 1159 3034 1231 demerge
3062 1161 3116 1217 in
3147 1161 3398 1217 foveam:

2217 1227 2284 1305 [iit
2303 1226 2741 1305 'ego_conlitcbor
2761 1231 2904 1301 quod
2931 1226 3145 1305 salvere
3168 1240 3221 1287 te
3240 1233 3415 1305 possit
3433 1230 3665 1289 dextera
3696 1239 3805 1287 tua.

2215 1300 2389 1374 Ecce.
2415 1300 2712 1374 Behemoth
2729 1343 2746 1368 ,
2769 1300 2929 1374 quem
2959 1302 3062 1359 feci
3091 1300 3265 1360 tecum
3287 1345 3306 1372 ,

2288 1371 2468 1444 fenum
2496 1373 2650 1444 quasi
2677 1373 2775 1429 bos
2789 1371 3071 1432 comedet.

2217 1442 2502 1515 Fortitudo
2515 1442 2647 1513 eius
2678 1444 2732 1499 in
2764 1445 2959 1501 lumbis
2987 1447 3109 1515 ejus
3129 1487 3145 1510 .

2288 1524 2345 1588 et
2370 1514 2707 1588 virtusiillius
2740 1517 2791 1570 in
2820 1514 3077 1573 umbilico
3100 1516 3306 1574 ventris
3333 1516 3476 1588 ejus.

2220 1593 2245 1623 θ
2284 1584 2510 1711 διᾞείι
2540 1587 2647 1663 [ΑΙ.
2680 1588 3036 1662 Constringit]
3065 1591 3293 1646 caudam
3324 1584 3477 1645 suam
3502 1588 3665 1663 quasi
3709 1603 3805 1645 ce-

2429 1675 2543 1711 um.

2400 1674 2543 1725 rum,

2290 1731 2439 1804 nervi
2472 1731 2850 1804 testiculorum
2868 1731 2987 1801 ejus
3018 1731 3262 1804 perplexi
3297 1740 3445 1789 sunt.

2220 1800 2353 1857 Ossa
2384 1802 2505 1872 ejus
2533 1806 2680 1858 velut
2710 1800 2907 1858 fistulae
2935 1800 3089 1871 aeris,

2292 1873 2552 1947 cartilago
2592 1874 2741 1930 illius
2770 1874 2924 1946 quasi
2956 1876 3172 1931 laminae
3203 1873 3415 1931 ferreae.

2222 1943 2343 2015 Ipse
2373 1943 2695 2017 principium
2724 1943 2809 2001 est
2838 1948 3046 2017 viarum
3076 1947 3206 2011 Dei.

2293 2015 2386 2098 qui
2414 2016 2537 2098 fecit
2563 2032 2687 2098 eum
2706 2016 3044 2098 ,_appl_icabit
3072 2019 3313 2090 gladium
3339 2017 3460 2089 ejus
3499 2015 3581 2092 [h.
3604 2016 3808 2091 suum].

2221 2085 2359 2143 Huic
2389 2096 2607 2144 montes
2632 2085 2836 2143 herbas
2856 2089 3073 2143 ferunt:

2297 2174 2489 2231 omnes
2521 2158 2707 2215 bestia:
2733 2160 2849 2231 agri
2877 2159 3065 2217 ludent
3094 2159 3191 2216 ibi.

2225 2228 2339 2286 Sub
2360 2230 2550 2286 umbra
2568 2231 2768 2286 dormit

2296 2302 2351 2356 in
2378 2310 2591 2357 secreto
2619 2300 2853 2368 calami,
2878 2313 2933 2359 et
2962 2301 3017 2359 in
3046 2302 3181 2359 locis
3211 2302 3588 2361 humentibus.

2223 2371 2530 2446 Protcguut
2554 2375 2757 2446 umbra;
2789 2374 3033 2429 umbram
3053 2374 3185 2446 ejus
3200 2415 3216 2442 ,

2294 2444 2705 2519 circumdabant
2734 2445 2810 2519 [h.
2837 2444 3069 2519 circ....]
3088 2444 3213 2501 eum
3238 2444 3742 2519 salicestorrentis.

2224 2514 3016 2591 Ecce,absorbebit'tiuvium,
3048 2514 3105 2573 Et
3152 2533 3259 2573 non
3292 2518 3582 2575 mirabitur
3628 2517 3710 2591 [h.
3757 2526 3813 2574 et

2368 2588 2809 2662 nonfestinabit].
2894 2659 2950 2662 μ
3006 2658 3029 2662 Α
3165 2658 3188 2662 _
3276 2660 3287 2662 _
3371 2661 3378 2662 ί
3453 2661 3460 2662 γ
3538 2638 3541 2641 λ
3630 2588 3701 2662 ‘_
3876 2598 3895 2612 ⁸

2296 2658 2460 2733 habet
2489 2658 2737 2733 ﬁduciam
2764 2658 2910 2733 quod
2942 2658 3135 2733 inﬂuat
3156 2658 3417 2717 Iordanis
3448 2661 3506 2718 in
3552 2677 3622 2720 os
3650 2660 3773 2733 ejus
3795 2701 3811 2727 .

2221 2728 2281 2786 in
2308 2731 2481 2803 oculis
2511 2730 2631 2800 ejus
2656 2728 2809 2802 quasi
2841 2732 3000 2787 hamo
3024 2732 3204 2803 capiet
3232 2749 3354 2788 eum
3375 2773 3394 2801 ,

2295 2801 2433 2857 etin
2462 2801 2688 2857 sudibus
2716 2803 3011 2869 perforabit
3047 2801 3208 2859 nares
3236 2804 3374 2874 ejus.

2222 2875 2305 2930 An
2334 2874 2627 2929 extrahere
2652 2876 2857 2943 poteris
2884 2875 3178 2932 Leviathan
3208 2874 3402 2945 hamo,

2294 2953 2351 2999 et
2379 2945 2508 3017 fune
2534 2944 2722 3014 ligabis
2762 2945 3002 3017 linguam
3030 2946 3190 3016 ejus?

2222 3013 2496 3087 Numquid
2526 3013 2699 3085 pones
2722 3013 2984 3074 circulum
3016 3013 3075 3073 in
3100 3018 3325 3074 naribus
3355 3017 3506 3087 ejus,

2295 3032 2496 3160 antrum
2526 3032 2699 3085 pones
2722 3032 2984 3102 circulum
3016 3034 3071 3073 tn
3100 3032 3325 3100 naribus
3355 3033 3506 3101 ejus,
3585 3087 3599 3100 ο

2295 3086 2493 3215 εἴ.αὲέά
2515 3087 3517 3215 333532252tpfi'iéai’iéc‘é‘safmm
3546 3090 3708 3159 ⁸³⁸³⁸⁷

2225 3157 2493 3228 Numquid
2523 3157 2992 3230 multiplicahit'ad
3025 3169 3079 3217 te
3110 3174 3301 3231 preces
3316 3201 3340 3228 ν,

2149 3224 2198 3290 C
2232 3299 2269 3301 η
2298 3224 2396 3284 aui
2418 3224 2803 3301 loquetur'tibi
2836 3233 3053 3289 mollia?

2224 3299 2503 3374 Numquid
2526 3300 2684 3358 feriet
2713 3311 2892 3358 tecum
2921 3313 3137 3374 pactum
3159 3345 3175 3370 ,

2296 3382 2354 3428 et
2378 3372 2613 3444 accipies
2634 3389 2759 3429 eum
2789 3372 3007 3430 servum
3034 3372 3467 3445 sempiternum?

2225 3444 2497 3518 Numquid
2524 3445 2717 3518 illudes
2743 3446 2966 3518 ei‘quasi
2995 3447 3082 3518 avi
3112 3443 3191 3517 [h.
3232 3443 3486 3518 passeri],
3625 3514 3639 3518 _
3732 3514 3744 3518 _
3795 3516 3806 3518 4
3870 3498 3875 3501 .

2296 3514 2397 3593 aut;
2415 3516 2614 3593 iigabis
2636 3532 2758 3572 cum
2786 3514 2894 3593 [Αζ.
2916 3517 3064 3591 eum]
3085 3514 3392 3593 abcillis[h.
3422 3514 3643 3589 puellis]
3672 3514 3812 3574 tuis?

2225 3586 2529 3644 Concideut
2556 3603 2679 3643 cum
2710 3586 2868 3645 amici
2882 3630 2899 3656 ,

2298 3658 2544 3731 divident
2570 3675 2693 3731 eum
2723 3661 3127 3731 negotiatores?

2225 3728 2497 3800 Numquid
2516 3730 2765 3802 implebis
2782 3727 3102 3805 s'agenas[h.
3121 3727 3493 3805 tabernacula]
3512 3728 3660 3801 pelle
3675 3728 3810 3803 ejus,

2297 3812 2351 3856 et
2376 3806 2715 3872 gurgustium
2751 3802 2977 3872 piscium
3000 3802 3178 3875 capite
3206 3802 3383 3859 illius?

2226 3871 2569 3942 Pone’super
2591 3889 2715 3929 eum
2748 3871 2965 3931 manum
2995 3871 3139 3930 tuam
3166 3892 3180 3928 :

2297 3941 2572 4001 memento
2594 3944 2714 4001 belli
2737 3986 2750 4011 ,
2766 3961 2868 4002 nec
2892 3946 3029 4003 ultra
3049 3945 3219 4002 addas
3235 3942 3588 4016 toqui[h.non
3612 3941 3810 4017 habet].

2228 4015 2371 4072 Ecce
2392 4060 2406 4085 ,
2435 4031 2559 4085 spes
2588 4017 2706 4086 ejus
2738 4018 3089 4073 frustrabitur
3119 4031 3241 4073 eum
3262 4057 3280 4081 ,

2298 4097 2353 4142 et
2377 4086 2689 4160 videntibus
2714 4088 2923 4145 cunctis
2951 4087 3393 4160 praccipitabitur.

2227 4156 2379 4231 [Cap.
2410 4156 2575 4231 XLi.]
2603 4159 2718 4215 Non
2744 4163 2900 4230 quasi
2931 4156 3167 4216 crudelis
3194 4159 3471 4231 suscitabo
3501 4157 3677 4231 eum]?

2298 4226 2421 4301 quis
2445 4226 2587 4286 enim
2620 4226 2879 4303 resistere
2907 4240 3085 4303 potest
3106 4229 3646 4303 [4Lpoterit]vultui
3673 4226 3812 4284 meo?

2225 4300 2359 4369 Quis
2386 4310 2513 4375 ante
2537 4302 2691 4357 dedit
2716 4303 2846 4375 mihi
2863 4344 2880 4375 ,
2902 4300 2963 4358 ut
2985 4302 3062 4375 [h.
3091 4300 3168 4374 et]
3195 4300 3419 4359 reddam
3438 4300 3495 4358 ei
3522 4317 3539 4355 :

2298 4372 2482 4427 omnia
2504 4387 2624 4444 qua:
2649 4374 2751 4429 sub
2778 4374 2918 4431 caelo
2946 4372 3103 4443 sunt,
3129 4372 3251 4430 mea
3273 4383 3421 4431 sunt.

2226 4443 2345 4499 Non
2379 4443 2594 4515 parcam
2624 4446 2675 4501 ei
2688 4484 2707 4513 ,

2299 4524 2355 4571 et
2385 4514 2567 4597 verbis
2598 4517 2939 4587 potentibus,
2962 4526 3017 4573 et
3059 4515 3126 4572 ad
3146 4514 3556 4589 deprecandum
3587 4526 3812 4586 compo-

2370 4596 2514 4641 sttts.

2143 4628 2199 4690 Β
2222 4659 2356 4727 Quis
2370 4628 2652 4714 “revelabit
2677 4658 2868 4717 faciem
2902 4657 3202 4715 indumenti
3227 4658 3348 4729 ejus
3364 4657 3391 4713 ἲ

2300 4740 2355 4786 et
2383 4731 2437 4785 in
2466 4730 2708 4802 medium
2738 4732 2848 4787 oris
2873 4731 2991 4800 ejus
3019 4731 3145 4802 quis
3171 4728 3437 4787 intrabit!

2227 4801 2421 4859 Portas
2451 4802 2633 4859 vultus
2663 4801 2780 4873 ejus
2806 4803 2930 4875 quis
2963 4801 3207 4875 aperiet?

2220 4983 2454 5057 Denique
2482 4994 2534 5041 et
2566 5000 2657 5057 nos
2686 4984 2761 5057 ita
2791 4983 3037 5039 vertimus
3069 4986 3124 5040 in
3145 4984 3449 5057 Latinum;
3474 4980 3712 5057 [biaees
3741 4983 3818 5057 ut}

2216 5054 2524 5126 diﬁcabunt,
2558 5055 2707 5111 Μὶιυί
2733 5057 2873 5111 abies
2903 5057 3090 5112 domus
3116 5067 3214 5122 est,
3242 5065 3353 5112 etc.
3394 5055 3529 5112 Vide
3571 5055 3721 5111 infra
3753 5054 3817 5110 ad

2218 5129 2485 5197 psalmum
2513 5143 2622 5185 etv.
2648 5126 2785 5183 Hinc
2815 5140 3042 5198 apparet
3068 5128 3236 5183 verba
3270 5126 3536 5183 Hebraica
3570 5142 3680 5198 non
3711 5140 3815 5182 uno

2216 5200 2381 5254 modo
2418 5217 2446 5253 a
2489 5200 2549 5256 S.
2582 5201 2815 5256 Doctore
2851 5197 3025 5256 fuisse
3063 5198 3419 5272 interpretata
3468 5199 3522 5255 in
3568 5197 3819 5255 Latinum

2215 5284 2551 5327 sermonem.
2590 5272 2772 5327 Man'r.

2290 5341 2315 5379 δ
2345 5341 2579 5399 Barbara
2600 5359 2711 5400 vox
2738 5359 2835 5415 pro
2865 5358 3127 5412 equorum
3147 5342 3299 5415 juba,
3326 5341 3414 5415 vel
3443 5340 3741 5415 superbia,
3767 5340 3817 5395 ni

2214 5412 2392 5479 fallor,
2443 5415 2618 5485 posita
2669 5412 2751 5470 ab'
2780 5415 3077 5472 scholiaste
3122 5412 3321 5469 infima:
3373 5412 3682 5469 Latinitatis
3730 5412 3821 5467 bo-

2214 5486 2362 5540 mine
2392 5502 2403 5538 :
2443 5485 2487 5540 si
2523 5486 2664 5543 bene
2702 5486 2915 5544 adverti
2946 5487 3000 5541 in
3032 5486 3468 5556 Prolegomenis.
3501 5485 3687 5541 Mur.

2287 5567 2308 5595 ε
2353 5557 2506 5624 Quod
2535 5557 2914 5644 bicﬂebrteus
2943 5556 3168 5644 praefert
3204 5571 3436 5625 nomen,
3465 5565 3581 5644 Πτὲ
3601 5597 3614 5622 ,
3642 5557 3814 5627 pOtius

2215 5627 2454 5708 lanceam
2484 5639 2645 5708 sonat
2671 5673 2684 5695 ,
2718 5646 2878 5702 quam
2907 5630 3164 5708 clypeum.
3415 5698 3426 5708 _
3475 5627 3504 5644 ’ί
3767 5697 3796 5708 ..

2287 5697 2314 5737 ι¹
2357 5702 2478 5757 Plus
2530 5697 2748 5757 habent
2798 5697 2974 5757 nostri
2992 5697 3159 5756 'tnss.
3215 5698 3519 5767 expandeus
3574 5697 3815 5771 expandit

2215 5770 2368 5840 alas,
2425 5782 2536 5829 etc.
2590 5774 2715 5831 Mox
2762 5788 2901 5830 unus
2949 5773 3195 5844 Regina},
3240 5772 3344 5827 Aut
3383 5771 3453 5825 ad
3505 5780 3818 5843 prmeptunt

2215 5851 2376 5901 tuum.
2407 5852 2514 5901 etc.
3730 5870 3735 5873 ·

2292 5888 2741 5991 ἕπίίξῒδιτὶησὶτ
2771 5916 3015 5975 caudam.
3046 5914 3223 5973 Mser.
