4124 6360
512 288 653 351 1187

1515 280 1575 345 S.
1617 277 2000 342 llIERONYMl
2040 273 2274 338 DWINA
2315 270 2796 337 BIBLIOTHECA.

3670 266 3819 333 “28

511 417 660 466 testes
702 407 872 478 facere
915 403 1154 470 colueris,
1187 401 1356 458 dicunt
1378 396 1468 455 tibi
1494 399 1628 455 illud
1658 410 1684 439 ι
1713 399 2091 455 Horatianum:
2119 396 2178 459 Α
2201 393 2625 462 vituperationem
2654 402 2818 447 tecum
2843 406 2953 447 es:e
2987 401 3329 445 communem.
3369 385 3400 430 δ
3444 387 3636 444 Valere
3669 397 3717 443 te
3750 390 3819 442 in

507 486 566 558 In
587 500 774 558 silvam
798 515 864 554 tte
886 499 1026 570 ligna
1049 497 1209 553 feras.
1231 493 1352 549 Nisi
1367 491 1503 562 quod
1523 491 1620 546 hoc
1639 491 1830 547 habebo
1853 493 2102 560 solamen,

501 595 550 651 si
591 594 648 650 in
691 591 868 648 labore
907 591 1164 648 communi
1205 587 1510 661 intelligam,
1555 585 1682 642 mihi
1721 597 1768 643 et
1799 587 2026 655 laudem,
2055 597 2108 645 et

509 795 638 855 tatis
660 792 960 852 omisimus.
993 791 1237 849 Clericus
1267 787 1412 846 Artis
1440 787 1656 846 Criticm
1681 790 1839 848 Parte
1863 807 1942 860 ιιι,
1966 801 2101 848 sect.

511 871 569 936 l,
599 883 719 939 cap.
744 865 834 932 14,
857 865 1145 939 doctorum
1168 862 1326 939 id_se,
1350 862 1486 916 satis
1510 864 1850 919 conﬁdenter
1873 878 2106 939 proauita

516 933 637 1007 ti'at,
669 933 832 1008 atque
860 953 966 993 uno
1008 937 1172 1008 verbo
1221 933 1709 1008 interpretaturum
1757 933 1901 1006 quod
1952 935 2107 991 Pari-

511 1005 722 1068 sienses
746 1005 1082 1065 Benedictini
1115 1005 1334 1076 assequi
1369 1020 1472 1059 non
1507 1005 1816 1072 potuerunt.
1851 1008 2104 1062 Attamen

515 1081 694 1154 (quod
715 1095 895 1154 operae
917 1081 1147 1154 pretium
1171 1077 1390 1154 inisset)
1414 1092 1482 1132 ne
1503 1077 1737 1134 Iittcrula
1760 1078 1975 1154 quidem
2001 1094 2106 1134 una

513 1148 585 1211 ab
614 1148 801 1210 eorum
831 1148 1067 1207 lectione
1096 1151 1148 1205 in
1179 1148 1370 1205 Grtcco
1401 1159 1626 1215 mutata,
1650 1148 1970 1207 vertendum
1989 1158 2105 1205 tan-

517 1236 631 1282 tum
656 1225 753 1292 ait,
786 1239 877 1294 pro
908 1222 1147 1293 dactylis,
1175 1219 1688 1294 ramostrohentibus
1713 1238 1734 1280 ε
1758 1221 1903 1292 quod
1944 1238 2104 1293 egre-

516 1296 664 1368 gium
687 1297 740 1350 in
765 1291 866 1348 hoc
888 1294 1008 1368 loco
1028 1291 1248 1348 sensum
1271 1291 1482 1368 habere
1510 1291 1815 1368 contendit,
1837 1291 2104 1368 siquidem

517 1362 750 1424 obscure
780 1376 941 1437 alque
962 1365 1240 1437 eleganter
1263 1362 1630 1437 ﬂieronymus
1667 1365 1843 1420 illudit
1876 1365 2104 1437 Graecis,

517 1441 610 1510 qui
641 1433 949 1494 versionem
979 1433 1185 1510 tantum
1216 1433 1359 1510 LXX
1391 1433 1748 1510 lnterpretum
1780 1437 1940 1510 hujus
1982 1436 2107 1510 lihri

519 1505 792 1582 legebant,
825 1524 984 1580 quam
1011 1509 1172 1582 _tacite
1201 1505 1790 1582 corifcrt_raniis_l’ructu
1813 1505 2107 1582 destitutis,

520 1577 708 1654 quales
734 1577 860 1654 sunt
889 1580 1022 1635 rami
1048 1579 1376 1654 palmaritm;
1400 1577 1725 1654 _llcbraicam
1752 1593 1879 1635 vero
1905 1581 2110 1654 verita-

523 1648 632 1709 t'em
663 1653 876 1724 fructui,
906 1648 1066 1723 quem
1090 1649 1214 1724 dum
1239 1648 1412 1724 ϐιζωεί
1439 1667 1499 1706 se
1516 1652 1810 1720 decerpere
1833 1651 2112 1724 putabant,

526 1721 724 1781 frustra
753 1721 939 1792 erant,
963 1733 1015 1777 et
1039 1723 1257 1777 Steriles
1285 1721 1564 1778 dumtaxat
1599 1738 1781 1779 ramos
1815 1722 2112 1778 vellebant.

524 1797 652 1854 Huic
671 1794 919 1865 totaejus
945 1794 1284 1865 ratiocinatio
1308 1802 1413 1865 est,
1441 1810 1600 1863 quam
1622 1810 1685 1850 ex
1711 1794 1870 1850 Plinii
1895 1794 1989 1849 lib.
2017 1809 2114 1860 xu,

519 1883 641 1938 cap.
671 1866 729 1933 4,
769 1864 1076 1922 testimonio
1120 1864 1188 1920 de
1236 1864 1447 1938 palma:
1474 1875 1689 1938 natura,
1736 1881 2117 1938 quzepomum

523 1935 630 1996 {ert
666 1940 720 1995 in
762 1939 1074 2005 cacumine,
1119 1951 1225 2008 non
1255 1935 1398 2008 inter
1428 1937 1576 2005 l'oﬁa,
1609 1935 1920 1992 insultando
1950 1952 2118 2008 exag-

2213 487 2437 544 Domino
2461 486 2592 543 Iesu
2624 485 2737 561 [AL
2770 495 2874 542 tac.
2903 482 3054 558 Iesu]
3082 484 3254 558 cupio,
3282 495 3329 541 et
3365 485 3658 541 meminisse
3687 485 3815 539 mei.

2207 791 2479 862 sequioris
2505 791 2677 848 artatis
2709 799 2802 847 aut
2839 800 3002 862 nutat,
3038 801 3523 856 ANTIQIAONIKON.
3560 801 3820 850 TOICMA

2210 875 2522 926 chorctN.
2570 864 2664 920 llis
2712 863 2882 920 facem
2929 864 3366 935 prmferentibus,
3413 865 3597 920 statim
3644 867 3825 922 eluxit

2211 937 2379 1011 menti
2410 950 2623 1000 sensus,
2648 944 2811 1011 atque
2835 938 2878 989 is
2901 952 3032 1011 sane
3061 937 3378 1011 perspicuus
3401 947 3563 1011 eique
3592 936 3824 1011 elegan-
3913 1001 3916 1006 _

2212 1009 2478 1073 tissimus,
2511 1023 2671 1078 quem
2700 1007 2757 1063 8.
2789 1009 2903 1078 ipse
2935 1007 3094 1068 Pater
3142 1008 3392 1064 intendit.
3435 1008 3679 1064 Priorem
3718 1009 3828 1064 ita-

2212 1092 2317 1155 qne
2344 1079 3072 1155 diCliQﬂGm‘mtqdovzixwv
3108 1096 3215 1138 uno
3263 1079 3428 1155 verbo
3475 1082 3824 1155 accepimus,

2210 1149 2299 1208 vix
2326 1167 2434 1207 una
2463 1149 2696 1208 litternla
2721 1167 2749 1204 a
2774 1149 2904 1206 mss.
2936 1157 3153 1210 tramite
3194 1150 3529 1208 recedentes.
3574 1149 3831 1209 Alteram

2211 1238 2428 1296 quoque
2450 1223 2842 1296 voculamroze,
2869 1223 3030 1282 iidem
3063 1242 3195 1281 mss.
3219 1223 3579 1279 suﬂ'ecerunt:
3610 1234 3827 1296 tantum

2214 1294 2316 1351 nos
2343 1310 2376 1351 a
2403 1294 2628 1366 reliquis
2657 1295 2944 1352 elementis
2970 1297 3261 1354 articulum
3302 1296 3665 1363 sejunximus.
3715 1295 3836 1351 Re-

2214 1368 2431 1422 stabant
2479 1378 2587 1446 Λιᾼ
2632 1376 2937 1446 θυι-ΒΜΔ,
2967 1379 3024 1446 el_
3062 1372 3334 1446 σύρουᾳιν,
3360 1382 3480 1438 quin
3519 1381 3737 1446 rursum
3769 1370 3829 1421 in

2216 1453 2375 1515 unam
2393 1453 2512 1515 com
2521 1437 2991 1515 pingendavoccm
3013 1437 3397 1515 intelleximus,
3412 1442 3826 1515 κατασύρουσιν.

2217 1509 2552 1566 Notavimus
2576 1520 2754 1564 autem
2785 1509 2993 1566 litteras
3020 1525 3168 1572 ΒΛιΛ
3199 1514 3253 1567 in
3289 1519 3466 1577 ΚΑΤΑ,
3510 1509 3627 1565 tuui
3669 1520 3830 1565 recto

2218 1589 2447 1653 cogente
2474 1595 2662 1648 sensu,
2705 1589 2817 1653 tum
2861 1581 2974 1653 ipsa
3026 1585 3327 1641 litterarum
3375 1581 3732 1653 similitudine
3760 1596 3828 1637 ac

2216 1651 2414 1709 ductu:
2462 1653 2642 1708 sciunt
2684 1651 2827 1708 enim
2880 1651 2968 1720 qui
2999 1667 3216 1713 veteres
3240 1654 3408 1709 libros
3439 1651 3766 1717 tractarunt,
3796 1669 3833 1709 Β

2220 1739 2320 1795 pro
2349 1739 2402 1788 tt,
2434 1733 2490 1798 _e_t
2515 1735 2561 1780 Α
2592 1739 2688 1794 pro
2712 1723 3038 1798 A,idcnique
3080 1737 3105 1782 ι
3149 1742 3246 1798 pro
3281 1737 3342 1798 '1',
3384 1735 3832 1798 transversam-

2220 1810 2386 1883 perne
2434 1795 2634 1883 lineola
2676 1795 2866 1883 oculos
2895 1795 3218 1883 elfugiente,
3247 1812 3282 1883 ξι
3309 1795 3835 1883 Ιιίιιιίιιῖξορηεοῆριιθ

2219 1867 2654 1940 ξιπιιιιιιιεηιεὶὴιιδΔ
2688 1882 2836 1940 saepe
2887 1867 3090 1940 sapius
3140 1869 3417 1927 confundi.
3476 1867 3614 1922 Hinc
3659 1882 3836 1937 porro

2221 1938 2412 1994 istltmc
2441 1937 2684 2009 exsurgit
2708 1937 2983 1997 in’Latino'
2998 1942 3262 1998 sententia
3297 1940 3656 1995 :‘contentiose
3677 1941 3835 1999 (sive.

524 2021 699 2100 gerat.
730 2008 995 2100 Repositit
1018 2022 1149 2100 vero
1174 2006 1539 2100 Marinum-us,
1574 2025 1726 2065 suam
1763 2018 1990 2100 conatus
2025 2006 2120 2100 de-
2151 2037 2198 2100 Β
2223 2006 2989 2100 ίφεηιριαζοξαηιέοηξεηιὶοηε)
3017 2030 3271 2100 reponens
3295 2013 3360 2066 iis
3385 2012 3475 2083 qui
3519 2009 3832 2100 detranuiit.

527 2078 753 2140 lendere
778 2078 961 2152 multis
992 2078 1170 2136 verbis
1199 2078 1723 2152 interpretationem,
1749 2090 1897 2136 certe
1919 2089 2121 2152 quanta

529 2153 705 2223 potuit
728 2151 1094 2216 animositate,
1117 2159 1278 2220 atque
1303 2149 1355 2204 in
1381 2149 1751 2223 adversarium
1776 2149 2124 2207 contumelia.

528 2222 667 2306 Tum
691 2224 880 2306 nugari
905 2232 1139 2306 emptum
1162 2231 1247 2276 est
1263 2222 1452 2291 magis,
1479 2234 1641 2295 atque
1659 2236 1714 2306 ut
1735 2223 2124 2306 semeldieain,

461 2327 470 2334 ⁴
537 2296 944 2367 Andabatarum
974 2294 1137 2367 inter
1183 2307 1279 2348 eos
1320 2310 1470 2350 more
1512 2294 1808 2367 pugnatum
1847 2305 1951 2352 est.
1984 2294 2127 2367 Alii,

541 2365 834 2442 quistudio
850 2364 1080 2442 partium
1101 2379 1294 2436 pugnae
1310 2364 1690 2442 successerunt
1710 2368 1727 2438 (
1743 2368 1987 2442 longunt_
1984 2365 2127 2442 enim

531 2436 613 2496 est
638 2438 724 2495 hic
743 2436 982 2508 singulos
1004 2440 1352 2509 recensere),
1385 2440 1655 2509 praecipue
1683 2436 1813 2494 vero
1835 2437 1925 2508 qui
1950 2436 2132 2503 Ephe-

470 2534 480 2542 ’
535 2509 771 2568 merides
798 2507 1090 2565 titterarias
1128 2507 1397 2574 scribunt,
1438 2507 1689 2565 Latinum
1728 2507 1947 2566 sensum
1987 2522 2129 2563 nunc

537 2597 668 2650 uno,
691 2595 836 2638 nunc
858 2581 1030 2652 altero
1058 2579 1348 2636 substituto
1375 2583 1566 2647 verho,
1593 2582 1659 2636 ad
1699 2592 2130 2652 prieconceptam

539 2654 849 2724 opinionem
874 2650 1093 2724 trahere
1113 2662 1273 2724 at_que
1294 2653 1569 2719 explicare
1590 2650 1766 2709 conati
1788 2663 1934 2708 sunt.
1961 2651 2132 2708 Nemo

539 2721 679 2782 unus
719 2724 787 2781 de
827 2722 1102 2793 religenda
1139 2721 1326 2796 Grieca
1367 2727 1600 2781 lectione
1640 2727 1918 2796 cogitavit,
1969 2737 2131 2793 quam

540 2809 744 2867 tamen,
767 2807 825 2851 ut
846 2804 1066 2865 recepta
1090 2793 1296 2867 pridem
1327 2804 1464 2861 erat,
1491 2793 1776 2852 obscuram
1806 2796 2132 2867 sententiam

540 2864 790 2932 reddere,
824 2867 926 2936 ipsi
959 2864 1064 2920 non
1093 2865 1494 2935 dtllitebantur;
1529 2869 1696 2924 immo
1717 2869 1762 2924 si
1789 2866 2045 2923 attentius
2066 2864 2134 2920 ad

541 2940 602 2996 S.
632 2939 880 2995 Doctoris
906 2938 1213 3003 exegissent
1248 2949 1563 2995 contextum
1600 2956 1664 2995 ac
1712 2951 1972 3005 mentem,
2025 2938 2135 2993 fere

446 3046 458 3050 -
547 3011 841 3068 absurdam
872 3024 936 3064 ac
963 3010 1183 3064 minime
1208 3014 1572 3067 cohaerentem
1607 3012 1962 3066 invenissent.
1995 3009 2138 3065 Ten-

544 3082 705 3138 tanda
733 3083 896 3155 igitur
924 3080 1024 3138 fuit
1052 3080 1240 3136 Grtcca
1269 3084 1563 3154 scriptura.
1597 3095 1650 3137 et
1679 3081 2051 3155 investiganda
2081 3079 2135 3135 in

545 3150 939 3223 antiquioribus
969 3167 1100 3206 mss.
1129 3167 1256 3208 vera
1289 3169 1352 3210 ex
1383 3150 1651 3224 corruptis
1676 3155 1806 3222 ipsis
1829 3150 2139 3224 junctisque

545 3226 697 3282 varie
721 3225 1006 3282 elementis
1037 3224 1218 3279 lectio.
1253 3226 1367 3294 Qua
1395 3226 1446 3281 in
1479 3242 1540 3282 re
1567 3226 1612 3280 si
1640 3227 1796 3282 nobis
1818 3241 1850 3280 e
1871 3227 2139 3280 sententia

549 3297 898 3369 successerit,
921 3303 1057 3360 tute,
1089 3295 1281 3365 lector,
1301 3297 1590 3368 iudicabis,
1615 3306 1776 3369 atque
1801 3313 1911 3353 uno
1933 3295 2142 3368 judicio

549 3371 594 3425 si
620 3367 1020 3440 restitutionem
1052 3367 1662 3440 ttostram'probaveris,
1691 3367 1945 3438 aliorum,
1978 3369 2142 3440 neiis

549 3439 898 3497 confutandis
941 3439 1214 3510 longiores
1255 3435 1446 3505 simus.
1491 3439 1832 3511 conjecturas
1860 3435 2144 3510 explodes.
2175 3435 2224 3501 Ο

547 3511 667 3584 lam
693 3527 818 3568 vero
839 3527 871 3568 e
889 3511 1197 3582 quindecim
1221 3528 1351 3570 mss.
1378 3526 1516 3584 quos
1536 3515 1930 3584 consuluimns,
1949 3511 2149 3582 quique

554 3583 672 3656 pari
709 3598 905 3656 omnes
931 3598 1223 3650 consensu,
1257 3583 1468 3640 tametsi
1502 3585 1664 3653 paulo
1693 3583 2023 3656 corruptius,
2050 3586 2149 3656 tit-

555 3655 702 3711 teras
723 3670 816 3710 eas
837 3655 1057 3726 Griecas
1079 3657 1332 3719 retinent,
1354 3655 1481 3720 duo,
1508 3670 1738 3726 quorum
1765 3655 1903 3726 alter
1931 3655 2151 3726 Reginae

554 3726 851 3782 Succorum
879 3725 1158 3797 subinum.
1190 3728 1252 3792 μ
1284 3725 1551 3796 laudatus,
1583 3736 1745 3797 atque
1785 3725 1985 3782 unciali
2021 3726 2154 3783 cha-

560 3805 772 3855 ractere
797 3796 1150 3869 perscriptus,
1175 3800 1366 3855 habet:

700 3882 722 3925 ι
1131 3886 1182 3927 ιο

559 3941 1078 4015 ᾼΝῃφλοιιικωιςτο
1109 3943 1218 3998 alii
1241 3954 1555 4003 errorem:
1586 3942 1723 3999 alter
1742 3958 1902 4015 quem
1925 3942 2158 4000 diximus

563 4013 623 4070 S.
652 4012 846 4070 Crucis
874 4013 930 4070 in
973 4011 1273 4072 Jerusalem
1325 4017 1394 4072 de
1443 4015 1608 4084 Urbe,
1659 4011 1775 4072 uec'
1806 4031 1941 4073 sane
1986 4018 2156 4072 multo

2229 2080 2435 2157 Nempe
2466 2081 2537 2136 ita
2565 2080 3220 2157 éwipdevtixriv'verbum
3247 2080 3428 2148 sonat,
3474 2086 3838 2138 contentione

2229 2153 2458 2222 alicujus
2503 2154 2592 2226 rei
2624 2153 2940 2226 adversario
2988 2157 3257 2213 obsistere
3294 2170 3360 2210 ac
3399 2169 3748 2226 repugnare:
3779 2163 3840 2226 et

2229 2227 2538 2303 ξατᾳσύρην
2565 2225 2875 2303 detrahere,
2923 2228 3066 2303 quod
3113 2244 3274 2303 nemo
3315 2225 3646 2303 ignorat,_et
3671 2225 3839 2303 apud

2231 2295 2666 2370 Lexico'graphos
2695 2299 2894 2370 passim
2926 2295 3082 2356 obvia
3115 2295 3834 2370 probant'exemplaawde,

2232 2372 2275 2423 si
2305 2368 2471 2436 lubet,
2501 2367 2556 2423 S.
2581 2367 2756 2438 ipsum
2787 2369 3075 2427 Ductorem
3101 2367 3154 2426 in
3181 2372 3546 2426 Commentar.
3574 2369 3627 2423 in
3659 2369 3837 2439 Epist.

2232 2442 2299 2511 ad
2327 2439 2545 2497 Galatas
2571 2456 2692 2511 cap.
2716 2457 2774 2505 v,
2799 2441 2892 2497 2i.
2922 2441 3128 2498 Sensus
3157 2442 3222 2496 ad
3250 2439 3512 2496 orationis
3535 2441 3734 2496 seriem
3761 2439 3843 2494 sic

2235 2509 2400 2567 habet
2429 2528 2442 2565 :
2473 2511 2532 2567 Si
2561 2509 2882 2583 opusculum
2915 2529 3116 2579 meum,
3145 2513 3440 2582 Sophroni,
3489 2512 3542 2566 in
3582 2511 3842 2567 Graecum

2234 2583 2601 2654 transtuleris,
2623 2593 2677 2638 ut
2700 2584 2818 2652 ejus
2830 2600 2896 2641 ex
2923 2585 3148 2642 llebrmo
3175 2584 3443 2641 versionis
3459 2585 3840 2644 contentione,

2234 2654 2460 2720 Grmcis,
2487 2666 2543 2709 et
2570 2656 2660 2725 qui
2691 2653 3002 2713 Griecorum
3034 2657 3176 2713 LXX
3201 2656 3560 2724 lnterpretum
3586 2657 3842 2716 obtentu,

2235 2726 2372 2799 mihi
2415 2725 2730 2791 detrahunt,
2775 2744 3040 2799 reponas:
3073 2741 3129 2784 et
3156 2729 3507 2784 doctissimos
3527 2742 3746 2798 quoque
3777 2741 3843 2799 ex

2238 2796 2321 2853 bis
2353 2799 2636 2866 imperitiae
2667 2813 2802 2855 mete
2835 2796 3002 2857 testes
3033 2801 3209 2857 facere
3239 2799 3492 2865 volueris,
3521 2796 3699 2854 dicam
3747 2796 3844 2851 tibi

2239 2869 2370 2925 illud
2419 2870 2794 2939 iloratianuin,
2843 2881 2953 2928 etc.
3001 2873 3134 2928 Cum
3185 2871 3395 2928 scilicet
3427 2870 3544 2939 plus
3571 2870 3748 2926 nimio
3776 2870 3848 2922 sit

2238 2939 2553 2998 Graecorum
2585 2943 2966 3011 lnterpretum,
2991 2945 3128 3000 nihil
3153 2945 3205 2998 in
3233 2958 3297 2999 ea
3327 2941 3504 3010 lingua
3535 2941 3846 2998 versionem

2239 3011 2398 3068 istum
2445 3028 2743 3088 recoquere
2794 3023 2879 3070 est
2924 3030 3079 3088 opus.
3130 3015 3394 3088 Nimirum
3422 3024 3479 3066 et
3509 3011 3854 3088 Venusinam

2240 3097 2458 3155 poetam
2487 3083 2676 3142 Graece
2700 3101 2892 3143 versus
2921 3083 3234 3143 molientem
3265 3083 3583 3140 dehortatus
3611 3085 3665 3140 in
3692 3099 3848 3139 som-

2243 3158 2350 3212 niis
2372 3167 2455 3212 est
2477 3157 2761 3232 Romulus,
2787 3160 2948 3214 Satir.
2977 3160 3065 3228 l0,
3093 3157 3236 3232 quod
3259 3159 3379 3230 plus
3402 3158 3540 3212 satis
3560 3164 3849 3230 poetarum

2244 3235 2390 3286 esset
2415 3228 2556 3302 apud
2586 3229 2844 3288 Grzecos:

2460 3341 2528 3417 I_n
2562 3342 2744 3399 silvam
2773 3361 2837 3399 ne
2865 3343 3009 3417 ligna
3039 3347 3176 3414 feras
3205 3343 3436 3417 insanius
3462 3360 3523 3398 ac
3548 3343 3593 3398 si

2466 3413 2769 3471 Graecorum
2795 3413 3009 3488 magnas
3039 3413 3188 3472 malis
3216 3415 3433 3488 implere
3459 3427 3708 3482 cateruas.

2327 3530 2473 3588 Nihil
2501 3531 2590 3589 hic
2635 3533 2959 3602 palmarum,
3007 3541 3100 3587 aut
3143 3531 3364 3604 dactyli,
3419 3525 3720 3604 ramorum,
3766 3539 3859 3604 aut

2258 3604 2530 3660 fructuum
2558 3621 2572 3658 :
2599 3605 2747 3660 nulla
2775 3604 2917 3675 ejus,
2947 3606 3090 3676 quod
3123 3603 3389 3676 nusquam
3416 3603 3539 3672 fuit,
3585 3603 3858 3674 proverbii

2260 3676 2402 3748 apud
2424 3678 2810 3749 Hieronymum
2841 3677 3070 3732 mentio.

2335 3803 2362 3833 ⁸
2389 3793 2579 3849 Horat.
2607 3793 2699 3848 lib.
2727 3792 2947 3848 lSerm.
2977 3792 3094 3848 Sat.
3128 3791 3218 3848 10.
3251 3789 3424 3846 Μιιιιτ.

2334 3865 2361 3906 ιι
2395 3865 2592 3936 Regius
2621 3881 2721 3920 ms.
2748 3873 2800 3920 et
2821 3863 3186 3936 Corbeiensis,
3221 3861 3345 3917 Vale
3365 3864 3418 3916 in
3447 3859 3671 3936 Domino
3699 3857 3823 3915 Iesu
3842 3876 3862 3914 :

2262 3939 2417 4008 cupio
2458 3935 2506 3990 te
2532 3937 2818 4008 meminisse
2844 3939 2963 4008 mei.
3005 3935 3296 4008 Vaticanus
3325 3935 3570 4000 proxime
3597 3947 3866 3989 memora-

2263 4005 2372 4080 tus,
2408 4008 2531 4066 Viue
2563 4011 2616 4064 in
2644 4006 2868 4064 Domino
2896 4007 3044 4077 Jesu,
3077 4016 3183 4064 etc.
3217 4005 3398 4063 MART.

574 4169 3852 4228 M

1973 4301 2411 4389 INCIPIT

1197 4502 1798 4650 LIBER
1900 4489 3236 4646 PSALMORUM.

1773 4741 2704 4785 ﬁ:

581 4867 692 4948 ιι]
723 4867 911 4948 _Beaius
943 4867 1022 4923 vir
1043 4865 1133 4948 qui
1162 4882 1264 4921 non
1289 4859 1737 4948 abiitinhconsilio
1763 4857 2064 4930 impiorum,

650 4941 700 4999 et
724 4945 779 4998 in
800 4943 881 4997 uia
907 4947 1233 5012 peccatorum
1257 4953 1364 4992 non
1385 4941 1542 4999 stetit,

649 5016 770 5072 etin
800 5002 1049 5069 catliedra
1076 5010 1369 5066 derisorum
1397 5022 1499 5065 non
1525 5002 1681 5060 sedit.

654 5185 679 5214 ο
708 5171 1062 5232 Cisterciens.
1091 5183 1198 5227 ms.
1229 5165 1515 5226 interserit
1542 5163 1666 5237 fuit,
1691 5159 1835 5235 quod
1885 5167 2029 5215 tacct
2078 5155 2182 5213 lle-

582 5248 761 5306 brirus
792 5257 972 5302 textus
999 5243 1251 5300 verbum.
1439 5316 1444 5317 ί
1640 5305 1652 5317 ,
1699 5304 1712 5317 ,
1918 5303 1929 5314 ,

652 5299 841 5389 ὖ
856 5299 1120 5386 deinceps
1155 5316 1453 5389 occurrunt
1481 5303 1994 5389 marginioapposita
2019 5299 2179 5389 scho-

582 5391 655 5450 lia
674 5376 796 5448 οιῖιιι
819 5390 852 5443 It
871 5396 1022 5455 nota,
1045 5376 1078 5443 ἐ
1099 5385 1315 5460 suis,_ut
1336 5376 1768 5460 vocat,j_Canonis
1782 5376 2068 5460 _HebrOaicae
2089 5388 2184 5429 ve-

600 5447 776 5522 ritatis
801 5475 935 5516 mss.
961 5447 1362 5532 exemplaribus
1391 5447 2100 5532 hiart’ianmusdescripsit.‘
2135 5497 2162 5532 Α,

664 5514 1006 5592 Tinneiam
1027 5514 1285 5585 lect'orem
1298 5525 1596 5581 studiosum
1616 5520 1797 5576 omnia
1821 5514 2184 5592 isthiecsclio-

587 5607 659 5665 lia
686 5587 1008 5676 marginalia
1021 5615 1142 5672 qua:
1155 5599 1413 5676 deinceps
1436 5600 1742 5676 occurrunt.
1765 5594 1817 5676 in
1855 5600 1969 5647 toto
2008 5587 2181 5676 iisab.

588 5664 766 5752 posita
788 5664 911 5732 esse
937 5677 988 5729 in
1014 5664 1427 5752 e'xeinplarib'us
1447 5664 1894 5752 Canon‘isill‘ehru
1907 5664 2180 5752 veritatis,

587 5732 1070 5817 ubi—incorruptus
1109 5732 1710 5817 fereservaturtcxtus
1738 5732 2022 5817 Versionis
2053 5732 2180 5785 Ilie-

589 5822 802 5895 ronymi
822 5807 1270 5895 cum'hujusmpdi
1287 5807 1744 5895 annotatiunculis
1766 5807 1831 5861 ad
1849 5808 2143 5895 marginem
2164 5839 2179 5854 .

589 5876 761 5955 l’orio
795 5891 985 5952 eadem
1013 5876 1222 5951 scholia
1249 5884 1508 5945 translata
1545 5887 1673 5939 sunt
1707 5878 1984 5953 imperitia
2011 5876 2174 5934 libra-

2205 4856 2263 4919 D
2289 4849 2397 4906 Sed
2423 4851 2475 4924 in
2505 4850 2614 4924 lego
2642 4847 2855 4924 Domini
2885 4859 2917 4924 ei
2939 4851 3339 4924 uoluntasejus,

2357 4923 2481 4978 etin
2521 4920 2633 4994 lege
2661 4922 2774 4992 ejus
2791 4923 3132 4994 meditabitur
3157 4920 3239 4978 die
3265 4939 3328 4994 ac
3353 4931 3522 4979 nocte.

2283 4990 2353 5048 Et
2377 4994 2476 5050 erit
2505 4990 2768 5066 tamquam
2789 4993 2818 5032 δ
2843 4993 3043 5069 lignum
3072 4993 3688 5072 transplantatumjuxta
3708 5006 3730 5034 ο
3752 4995 3882 5052 riros

2291 5155 2494 5212 riorum
2525 5155 2578 5211 in
2608 5163 2925 5213 contextum
2951 5170 3165 5212 sacrum
3196 5155 3423 5226 psalm.,
3448 5154 3522 5210 ita
3548 5164 3612 5211 ut
3631 5154 3686 5209 in
3712 5153 3880 5210 tribus

2291 5228 2531 5298 antiquis
2578 5242 2710 5288 mss.
2754 5227 3038 5284 codicibus
3068 5236 3247 5283 textus
3291 5234 3534 5283 mutatus
3574 5227 3881 5298 inveniatur

2291 5313 2414 5355 cum
2428 5297 2898 5370 "annotationibus
2928 5299 3318 5370 marginalibtts
3351 5314 3448 5370 per
3469 5306 3643 5353 totum
3675 5297 3882 5354 Psalte—

2295 5371 2455 5425 rium.
2487 5369 2833 5442 Manuscripti
2866 5371 2938 5426 illi
2971 5369 3121 5438 sunt,
3155 5369 3443 5442 Vaticanus
3472 5369 3771 5442 Bibliorum
3800 5384 3880 5424 sa-

2296 5456 2511 5497 crorum
2541 5443 2716 5498 codex
2751 5441 2807 5499 ιι.
2841 5443 3004 5509 5729,
3034 5443 3206 5498 eodcx
3251 5444 3378 5498 item
3407 5441 3646 5497 Biblicus
3676 5444 3880 5512 Augus-

2295 5513 2531 5586 tinorum
2563 5513 3057 5586 Burdigalensium,
3101 5523 3157 5586 et
3182 5515 3321 5570 alter
3351 5513 3666 5569 monasterii
3699 5514 3758 5570 S.
3786 5512 3881 5567 Mi-

2291 5585 2502 5657 chaelis
2529 5587 2582 5641 in
2617 5584 2857 5657 periculo
2887 5588 3072 5641 maris.
3113 5584 3440 5641 Nonnullam
3469 5587 3634 5657 etiam
3675 5595 3876 5655 partem

2290 5655 2632 5713 scltolioruni
2670 5658 2976 5712 invenimus
3027 5657 3082 5712 in
3124 5657 3246 5712 aliis
3295 5655 3699 5724 exemplaribus
3749 5671 3873 5711 mss.

2289 5729 2433 5784 unde
2453 5729 2504 5783 in
2529 5730 2703 5784 editos
2727 5729 2891 5785 libros
2911 5728 3069 5784 facile
3091 5729 3321 5784 derivari
3351 5737 3663 5798 potuerunt.
3690 5727 3799 5783 Nos
3814 5726 3877 5782 ad

2289 5799 2453 5856 ﬁdem
2484 5801 2729 5857 codicum
2762 5816 2891 5854 mss.
2927 5801 3419 5855 vetustissimorum
3450 5814 3514 5855 ac
3540 5799 3764 5871 optima:
3791 5815 3876 5858 no-

2289 5881 2378 5945 ιω,
2411 5874 2590 5932 omnia
2620 5873 2731 5935 suis
2758 5871 2890 5932 locis
2921 5873 3206 5932 restituere
3236 5872 3568 5932 curavimus.
3605 5871 3790 5931 ΜΑιιτ.
