  <div class='ocr_page' id='page_1' title='image "/cluster/home/n/w/nwhite01/storage/ocr_20150623/28/hvd.32044015471410/570.png"; bbox 0 0 4124 6360; ppageno 0'>
   <div class='ocr_carea' id='block_1_1' title="bbox 271 303 423 371">
    <p class='ocr_par' dir='ltr' id='par_1_1' title="bbox 271 303 423 371">
     <span class='ocr_line' id='line_1_1' title="bbox 271 303 423 371; baseline 0.053 -8"><span class='ocrx_word' id='word_1_1' title='bbox 271 303 423 371; x_wconf 68' lang='grc'><strong><em>1129</em></strong></span> 
     </span>
    </p>
   </div>
   <div class='ocr_carea' id='block_1_2' title="bbox 424 414 1038 491">
    <p class='ocr_par' dir='ltr' id='par_1_2' title="bbox 424 414 1038 491">
     <span class='ocr_line' id='line_1_2' title="bbox 424 414 1038 491; baseline -0.002 -18"><span class='ocrx_word' id='word_1_2' title='bbox 424 417 502 491; x_wconf 82' lang='lat' dir='ltr'><strong><em>[h.</em></strong></span> <span class='ocrx_word' id='word_1_3' title='bbox 529 414 744 491; x_wconf 84' lang='lat' dir='ltr'><strong><em>rivulos]</em></strong></span> <span class='ocrx_word' id='word_1_4' title='bbox 765 433 1038 491; x_wconf 89' lang='lat' dir='ltr'><strong><em>aquarum,</em></strong></span> 
     </span>
    </p>
   </div>
   <div class='ocr_carea' id='block_1_3' title="bbox 352 488 1631 566">
    <p class='ocr_par' dir='ltr' id='par_1_3' title="bbox 352 488 1631 566">
     <span class='ocr_line' id='line_1_3' title="bbox 352 488 1631 566; baseline 0.005 -22"><span class='ocrx_word' id='word_1_5' title='bbox 352 488 490 566; x_wconf 72' lang='lat' dir='ltr'><strong><em>quod</em></strong></span> <span class='ocrx_word' id='word_1_6' title='bbox 522 499 548 527; x_wconf 73' lang='grc' dir='ltr'><strong><em>ἰ</em></strong></span> <span class='ocrx_word' id='word_1_7' title='bbox 578 488 985 566; x_wconf 59' lang='grc' dir='ltr'>[τηειὶιηιειιιιηι</span> <span class='ocrx_word' id='word_1_8' title='bbox 1015 488 1157 566; x_wconf 68' lang='lat' dir='ltr'><strong><em>dabit</em></strong></span> <span class='ocrx_word' id='word_1_9' title='bbox 1183 489 1237 545; x_wconf 93' lang='lat' dir='ltr'><strong><em>in</em></strong></span> <span class='ocrx_word' id='word_1_10' title='bbox 1265 499 1491 566; x_wconf 86' lang='lat' dir='ltr'><strong><em>tempore</em></strong></span> <span class='ocrx_word' id='word_1_11' title='bbox 1519 509 1631 549; x_wconf 90' lang='lat' dir='ltr'><strong><em>suo.</em></strong></span> 
     </span>
    </p>
   </div>
   <div class='ocr_carea' id='block_1_4' title="bbox 273 560 1419 638">
    <p class='ocr_par' dir='ltr' id='par_1_4' title="bbox 273 560 1419 638">
     <span class='ocr_line' id='line_1_4' title="bbox 273 560 1419 638; baseline -0.001 -19"><span class='ocrx_word' id='word_1_12' title='bbox 273 561 352 619; x_wconf 82' lang='lat' dir='ltr'><strong><em>Et</em></strong></span> <span class='ocrx_word' id='word_1_13' title='bbox 364 560 557 634; x_wconf 84' lang='lat' dir='ltr'><strong><em>folium</em></strong></span> <span class='ocrx_word' id='word_1_14' title='bbox 580 560 696 636; x_wconf 80' lang='lat' dir='ltr'><strong><em>ejus</em></strong></span> <span class='ocrx_word' id='word_1_15' title='bbox 724 579 825 638; x_wconf 81' lang='lat' dir='ltr'><strong><em>non</em></strong></span> <span class='ocrx_word' id='word_1_16' title='bbox 853 565 1044 638; x_wconf 81' lang='lat' dir='ltr'><strong><em>(leﬂuet</em></strong></span> <span class='ocrx_word' id='word_1_17' title='bbox 1072 560 1180 634; x_wconf 82' lang='lat' dir='ltr'><strong><em>[AL</em></strong></span> <span class='ocrx_word' id='word_1_18' title='bbox 1210 560 1419 638; x_wconf 79' lang='lat' dir='ltr'><strong><em>fluent],</em></strong></span> 
     </span>
    </p>
   </div>
   <div class='ocr_carea' id='block_1_5' title="bbox 355 635 1368 707">
    <p class='ocr_par' dir='ltr' id='par_1_5' title="bbox 355 635 1368 707">
     <span class='ocr_line' id='line_1_5' title="bbox 355 635 1368 707; baseline 0.002 -19"><span class='ocrx_word' id='word_1_19' title='bbox 355 641 402 688; x_wconf 92' lang='lat' dir='ltr'><strong><em>et</em></strong></span> <span class='ocrx_word' id='word_1_20' title='bbox 424 650 573 707; x_wconf 86' lang='lat' dir='ltr'><strong><em>omne</em></strong></span> <span class='ocrx_word' id='word_1_21' title='bbox 591 635 732 707; x_wconf 83' lang='lat' dir='ltr'><strong><em>quod</em></strong></span> <span class='ocrx_word' id='word_1_22' title='bbox 759 636 934 707; x_wconf 85' lang='lat' dir='ltr'><strong><em>fecerit</em></strong></span> <span class='ocrx_word' id='word_1_23' title='bbox 964 635 1368 707; x_wconf 88' lang='lat' dir='ltr'><strong><em>prosperabitur.</em></strong></span> 
     </span>
    </p>
   </div>
   <div class='ocr_carea' id='block_1_6' title="bbox 278 704 697 777">
    <p class='ocr_par' dir='ltr' id='par_1_6' title="bbox 278 704 697 777">
     <span class='ocr_line' id='line_1_6' title="bbox 278 704 697 777; baseline -0.005 -15"><span class='ocrx_word' id='word_1_24' title='bbox 278 704 412 762; x_wconf 85' lang='lat' dir='ltr'><strong><em>Non</em></strong></span> <span class='ocrx_word' id='word_1_25' title='bbox 429 706 506 777; x_wconf 88' lang='lat' dir='ltr'><strong><em>sic</em></strong></span> <span class='ocrx_word' id='word_1_26' title='bbox 525 704 697 777; x_wconf 87' lang='lat' dir='ltr'><strong><em>impii,</em></strong></span> 
     </span>
    </p>
   </div>
   <div class='ocr_carea' id='block_1_7' title="bbox 354 776 1572 852">
    <p class='ocr_par' dir='ltr' id='par_1_7' title="bbox 354 776 1572 852">
     <span class='ocr_line' id='line_1_7' title="bbox 354 776 1572 852; baseline 0.002 -18"><span class='ocrx_word' id='word_1_27' title='bbox 354 776 447 834; x_wconf 88' lang='lat' dir='ltr'><strong><em>sed</em></strong></span> <span class='ocrx_word' id='word_1_28' title='bbox 478 785 740 850; x_wconf 76' lang='lat' dir='ltr'><strong><em>tamquam</em></strong></span> <span class='ocrx_word' id='word_1_29' title='bbox 763 777 937 852; x_wconf 91' lang='lat' dir='ltr'><strong><em>pulvis</em></strong></span> <span class='ocrx_word' id='word_1_30' title='bbox 964 796 1113 852; x_wconf 85' lang='lat' dir='ltr'><strong><em>quem</em></strong></span> <span class='ocrx_word' id='word_1_31' title='bbox 1141 781 1352 852; x_wconf 87' lang='lat' dir='ltr'><strong><em>projicit</em></strong></span> <span class='ocrx_word' id='word_1_32' title='bbox 1371 789 1572 837; x_wconf 80' lang='lat' dir='ltr'><strong><em>ventus.</em></strong></span> 
     </span>
    </p>
   </div>
   <div class='ocr_carea' id='block_1_8' title="bbox 278 847 1890 926">
    <p class='ocr_par' dir='ltr' id='par_1_8' title="bbox 278 847 1890 926">
     <span class='ocr_line' id='line_1_8' title="bbox 278 847 1890 926; baseline 0.003 -22"><span class='ocrx_word' id='word_1_33' title='bbox 278 847 706 926; x_wconf 67' lang='lat' dir='ltr'><strong><em>PrOptereanon</em></strong></span> <span class='ocrx_word' id='word_1_34' title='bbox 736 847 1004 926; x_wconf 75' lang='lat' dir='ltr'><strong><em>resurgant</em></strong></span> <span class='ocrx_word' id='word_1_35' title='bbox 1046 847 1197 922; x_wconf 79' lang='lat' dir='ltr'><strong><em>impii</em></strong></span> <span class='ocrx_word' id='word_1_36' title='bbox 1222 847 1276 906; x_wconf 80' lang='lat' dir='ltr'><strong><em>in</em></strong></span> <span class='ocrx_word' id='word_1_37' title='bbox 1303 853 1532 924; x_wconf 87' lang='lat' dir='ltr'><strong><em>judicio,</em></strong></span> <span class='ocrx_word' id='word_1_38' title='bbox 1566 868 1729 926; x_wconf 89' lang='lat' dir='ltr'><strong><em>neque</em></strong></span> <span class='ocrx_word' id='word_1_39' title='bbox 1760 868 1890 925; x_wconf 25' lang='lat' dir='ltr'><strong><em>pec-4</em></strong></span> 
     </span>
    </p>
   </div>
   <div class='ocr_carea' id='block_1_9' title="bbox 357 923 1366 998">
    <p class='ocr_par' dir='ltr' id='par_1_9' title="bbox 357 923 1366 998">
     <span class='ocr_line' id='line_1_9' title="bbox 357 923 1366 998; baseline 0.005 -24"><span class='ocrx_word' id='word_1_40' title='bbox 357 930 556 998; x_wconf 78' lang='lat' dir='ltr'><strong><em>calores</em></strong></span> <span class='ocrx_word' id='word_1_41' title='bbox 587 923 638 975; x_wconf 89' lang='lat' dir='ltr'><strong><em>in</em></strong></span> <span class='ocrx_word' id='word_1_42' title='bbox 660 924 1061 998; x_wconf 75' lang='lat' dir='ltr'><strong><em>congregatione</em></strong></span> <span class='ocrx_word' id='word_1_43' title='bbox 1075 923 1366 998; x_wconf 85' lang='lat' dir='ltr'><strong><em>justorum.</em></strong></span> 
     </span>
    </p>
   </div>
   <div class='ocr_carea' id='block_1_10' title="bbox 280 991 1881 1070">
    <p class='ocr_par' dir='ltr' id='par_1_10' title="bbox 280 991 1881 1070">
     <span class='ocr_line' id='line_1_10' title="bbox 280 991 1881 1070; baseline 0.003 -25"><span class='ocrx_word' id='word_1_44' title='bbox 280 991 548 1070; x_wconf 78' lang='lat' dir='ltr'><strong><em>Quoniam.</em></strong></span> <span class='ocrx_word' id='word_1_45' title='bbox 566 993 704 1048; x_wconf 87' lang='lat' dir='ltr'><strong><em>novit</em></strong></span> <span class='ocrx_word' id='word_1_46' title='bbox 729 991 983 1070; x_wconf 76' lang='lat' dir='ltr'><strong><em>Dominus</em></strong></span> <span class='ocrx_word' id='word_1_47' title='bbox 999 991 1132 1052; x_wconf 64' lang='lat' dir='ltr'><strong><em>uia&#39;m</em></strong></span> <span class='ocrx_word' id='word_1_48' title='bbox 1144 997 1430 1069; x_wconf 88' lang='lat' dir='ltr'><strong><em>justorum,</em></strong></span> <span class='ocrx_word' id='word_1_49' title='bbox 1448 1004 1497 1052; x_wconf 90' lang='lat' dir='ltr'><strong><em>et</em></strong></span> <span class='ocrx_word' id='word_1_50' title='bbox 1515 996 1599 1052; x_wconf 82' lang='lat' dir='ltr'><strong><em>uia</em></strong></span> <span class='ocrx_word' id='word_1_51' title='bbox 1625 995 1736 1070; x_wconf 84' lang='grc' dir='ltr'><strong><em>[ΑΙ.</em></strong></span> <span class='ocrx_word' id='word_1_52' title='bbox 1760 993 1881 1068; x_wconf 88' lang='lat' dir='ltr'><strong><em>iter]</em></strong></span> 
     </span>
    </p>
   </div>
   <div class='ocr_carea' id='block_1_11' title="bbox 356 1065 1551 1136">
    <p class='ocr_par' dir='ltr' id='par_1_11' title="bbox 356 1065 1551 1136">
     <span class='ocr_line' id='line_1_11' title="bbox 356 1065 1551 1136; baseline 0.004 -18"><span class='ocrx_word' id='word_1_53' title='bbox 356 1065 640 1134; x_wconf 87' lang='lat' dir='ltr'><strong><em>impiorum</em></strong></span> <span class='ocrx_word' id='word_1_54' title='bbox 663 1065 865 1136; x_wconf 81' lang='lat' dir='ltr'><strong><em>peribit.</em></strong></span> <span class='ocrx_word' id='word_1_55' title='bbox 1146 1065 1157 1069; x_wconf 60' lang='grc'>⁷</span> <span class='ocrx_word' id='word_1_56' title='bbox 1543 1107 1551 1113; x_wconf 76' lang='lat'><strong><em>-</em></strong></span> 
     </span>
    </p>
   </div>
   <div class='ocr_carea' id='block_1_12' title="bbox 278 1156 1694 1237">
    <p class='ocr_par' dir='ltr' id='par_1_12' title="bbox 278 1156 1694 1237">
     <span class='ocr_line' id='line_1_12' title="bbox 278 1156 1694 1237; baseline 0.005 -25"><span class='ocrx_word' id='word_1_57' title='bbox 278 1156 421 1234; x_wconf 79' lang='lat' dir='ltr'><strong><em>[IL]</em></strong></span> <span class='ocrx_word' id='word_1_58' title='bbox 448 1158 680 1237; x_wconf 46' lang='lat' dir='ltr'><strong><em>Quare}</em></strong></span> <span class='ocrx_word' id='word_1_59' title='bbox 703 1161 973 1237; x_wconf 75' lang='lat' dir='ltr'><strong><em>turbantur</em></strong></span> <span class='ocrx_word' id='word_1_60' title='bbox 1001 1161 1469 1237; x_wconf 61' lang='lat' dir='ltr'><strong><em>[h.turbabuntur]</em></strong></span> <span class='ocrx_word' id='word_1_61' title='bbox 1498 1173 1694 1237; x_wconf 86' lang='lat' dir='ltr'><strong><em>gentes,</em></strong></span> 
     </span>
    </p>
   </div>
   <div class='ocr_carea' id='block_1_13' title="bbox 356 1230 1598 1307">
    <p class='ocr_par' dir='ltr' id='par_1_13' title="bbox 356 1230 1598 1307">
     <span class='ocr_line' id='line_1_13' title="bbox 356 1230 1598 1307; baseline 0.002 -21"><span class='ocrx_word' id='word_1_62' title='bbox 356 1230 416 1286; x_wconf 77' lang='grc' dir='ltr'><strong><em>εί</em></strong></span> <span class='ocrx_word' id='word_1_63' title='bbox 437 1230 601 1286; x_wconf 89' lang='lat' dir='ltr'><strong><em>tribus</em></strong></span> <span class='ocrx_word' id='word_1_64' title='bbox 629 1230 704 1304; x_wconf 90' lang='lat' dir='ltr'><strong><em>[h.</em></strong></span> <span class='ocrx_word' id='word_1_65' title='bbox 734 1233 924 1307; x_wconf 89' lang='lat' dir='ltr'><strong><em>plebes]</em></strong></span> <span class='ocrx_word' id='word_1_66' title='bbox 955 1230 1344 1291; x_wconf 61' lang='lat' dir='ltr'><strong><em>mEditabuntur</em></strong></span> <span class='ocrx_word' id='word_1_67' title='bbox 1378 1230 1598 1290; x_wconf 74' lang='lat' dir='ltr'><strong><em>indnia?</em></strong></span> 
     </span>
    </p>
   </div>
   <div class='ocr_carea' id='block_1_14' title="bbox 281 1300 1848 1381">
    <p class='ocr_par' dir='ltr' id='par_1_14' title="bbox 281 1300 1848 1381">
     <span class='ocr_line' id='line_1_14' title="bbox 281 1300 1848 1381; baseline 0.002 -23"><span class='ocrx_word' id='word_1_68' title='bbox 281 1300 609 1381; x_wconf 81' lang='lat' dir='ltr'><strong><em>Consurgent</em></strong></span> <span class='ocrx_word' id='word_1_69' title='bbox 630 1300 781 1381; x_wconf 49' lang='lat' dir='ltr'><strong><em>reges</em></strong></span> <span class='ocrx_word' id='word_1_70' title='bbox 799 1300 966 1375; x_wconf 61' lang='lat' dir='ltr'><strong><em>terris,</em></strong></span> <span class='ocrx_word' id='word_1_71' title='bbox 991 1315 1036 1362; x_wconf 91' lang='lat' dir='ltr'><strong><em>et</em></strong></span> <span class='ocrx_word' id='word_1_72' title='bbox 1058 1309 1314 1381; x_wconf 73' lang='lat' dir='ltr'><strong><em>principes</em></strong></span> <span class='ocrx_word' id='word_1_73' title='bbox 1328 1307 1630 1381; x_wconf 82' lang='lat' dir='ltr'><strong><em>tractabant</em></strong></span> <span class='ocrx_word' id='word_1_74' title='bbox 1650 1308 1848 1380; x_wconf 90' lang='lat' dir='ltr'><strong><em>pariter</em></strong></span> 
     </span>
    </p>
   </div>
   <div class='ocr_carea' id='block_1_15' title="bbox 359 1375 1720 1452">
    <p class='ocr_par' dir='ltr' id='par_1_15' title="bbox 359 1375 1720 1452">
     <span class='ocr_line' id='line_1_15' title="bbox 359 1375 1720 1452; baseline 0.004 -24"><span class='ocrx_word' id='word_1_75' title='bbox 359 1375 602 1431; x_wconf 83' lang='lat' dir='ltr'><strong><em>adversus</em></strong></span> <span class='ocrx_word' id='word_1_76' title='bbox 625 1375 930 1452; x_wconf 83' lang='lat' dir='ltr'><strong><em>Dominum,</em></strong></span> <span class='ocrx_word' id='word_1_77' title='bbox 963 1389 1010 1433; x_wconf 90' lang='lat' dir='ltr'><strong><em>et</em></strong></span> <span class='ocrx_word' id='word_1_78' title='bbox 1031 1375 1274 1435; x_wconf 79' lang='lat' dir='ltr'><strong><em>adversus</em></strong></span> <span class='ocrx_word' id='word_1_79' title='bbox 1299 1378 1560 1436; x_wconf 83' lang='lat' dir='ltr'><strong><em>Christum</em></strong></span> <span class='ocrx_word' id='word_1_80' title='bbox 1588 1375 1720 1452; x_wconf 83' lang='lat' dir='ltr'><strong><em>ejus.</em></strong></span> 
     </span>
    </p>
   </div>
   <div class='ocr_carea' id='block_1_16' title="bbox 280 1445 1159 1516">
    <p class='ocr_par' dir='ltr' id='par_1_16' title="bbox 280 1445 1159 1516">
     <span class='ocr_line' id='line_1_16' title="bbox 280 1445 1159 1516; baseline 0.003 -14"><span class='ocrx_word' id='word_1_81' title='bbox 280 1445 692 1516; x_wconf 85' lang='lat' dir='ltr'><strong><em>Disrumpamus</em></strong></span> <span class='ocrx_word' id='word_1_82' title='bbox 720 1449 928 1504; x_wconf 85' lang='lat' dir='ltr'><strong><em>uincula</em></strong></span> <span class='ocrx_word' id='word_1_83' title='bbox 956 1467 1159 1516; x_wconf 89' lang='lat' dir='ltr'><strong><em>eorum,</em></strong></span> 
     </span>
    </p>
   </div>
   <div class='ocr_carea' id='block_1_17' title="bbox 361 1519 1449 1594">
    <p class='ocr_par' dir='ltr' id='par_1_17' title="bbox 361 1519 1449 1594">
     <span class='ocr_line' id='line_1_17' title="bbox 361 1519 1449 1594; baseline 0.007 -23"><span class='ocrx_word' id='word_1_84' title='bbox 361 1531 410 1594; x_wconf 76' lang='lat' dir='ltr'><strong><em>et</em></strong></span> <span class='ocrx_word' id='word_1_85' title='bbox 431 1521 829 1594; x_wconf 83' lang='lat' dir='ltr'><strong><em>projiciamusa</em></strong></span> <span class='ocrx_word' id='word_1_86' title='bbox 849 1519 991 1577; x_wconf 90' lang='lat' dir='ltr'><strong><em>nobis</em></strong></span> <span class='ocrx_word' id='word_1_87' title='bbox 1011 1520 1223 1594; x_wconf 81' lang='lat' dir='ltr'><strong><em>laqueos</em></strong></span> <span class='ocrx_word' id='word_1_88' title='bbox 1251 1539 1449 1579; x_wconf 90' lang='lat' dir='ltr'><strong><em>eorum.</em></strong></span> 
     </span>
    </p>
   </div>
   <div class='ocr_carea' id='block_1_18' title="bbox 285 1588 951 1660">
    <p class='ocr_par' dir='ltr' id='par_1_18' title="bbox 285 1588 951 1660">
     <span class='ocr_line' id='line_1_18' title="bbox 285 1588 951 1660; baseline 0.003 -16"><span class='ocrx_word' id='word_1_89' title='bbox 285 1588 576 1646; x_wconf 79' lang='lat' dir='ltr'><strong><em>Habitator</em></strong></span> <span class='ocrx_word' id='word_1_90' title='bbox 600 1592 717 1646; x_wconf 73' lang='lat' dir='ltr'><strong><em>caeli</em></strong></span> <span class='ocrx_word' id='word_1_91' title='bbox 745 1593 951 1660; x_wconf 77' lang='lat' dir='ltr'><strong><em>ridebit,</em></strong></span> 
     </span>
    </p>
   </div>
   <div class='ocr_carea' id='block_1_19' title="bbox 361 1661 1108 1723">
    <p class='ocr_par' dir='ltr' id='par_1_19' title="bbox 361 1661 1108 1723">
     <span class='ocr_line' id='line_1_19' title="bbox 361 1661 1108 1723; baseline 0.011 -8"><span class='ocrx_word' id='word_1_92' title='bbox 361 1661 618 1717; x_wconf 86' lang='lat' dir='ltr'><strong><em>Dominus</em></strong></span> <span class='ocrx_word' id='word_1_93' title='bbox 635 1663 970 1719; x_wconf 88' lang='lat' dir='ltr'><strong><em>subsannabit</em></strong></span> <span class='ocrx_word' id='word_1_94' title='bbox 998 1681 1108 1723; x_wconf 90' lang='lat' dir='ltr'><strong><em>eos.</em></strong></span> 
     </span>
    </p>
   </div>
   <div class='ocr_carea' id='block_1_20' title="bbox 280 1731 1217 1807">
    <p class='ocr_par' dir='ltr' id='par_1_20' title="bbox 280 1731 1217 1807">
     <span class='ocr_line' id='line_1_20' title="bbox 280 1731 1217 1807; baseline 0.006 -19"><span class='ocrx_word' id='word_1_95' title='bbox 280 1731 333 1788; x_wconf 86' lang='grc' dir='ltr'><em>Τ</em></span> <span class='ocrx_word' id='word_1_96' title='bbox 337 1735 702 1807; x_wconf 79' lang='lat' dir='ltr'><strong><em>uncloquetur</em></strong></span> <span class='ocrx_word' id='word_1_97' title='bbox 720 1735 788 1790; x_wconf 91' lang='lat' dir='ltr'><strong><em>ad</em></strong></span> <span class='ocrx_word' id='word_1_98' title='bbox 814 1753 898 1792; x_wconf 91' lang='lat' dir='ltr'><strong><em>eos</em></strong></span> <span class='ocrx_word' id='word_1_99' title='bbox 918 1737 973 1791; x_wconf 86' lang='lat' dir='ltr'><strong><em>in</em></strong></span> <span class='ocrx_word' id='word_1_100' title='bbox 999 1738 1079 1792; x_wconf 90' lang='lat' dir='ltr'><strong><em>ira</em></strong></span> <span class='ocrx_word' id='word_1_101' title='bbox 1098 1755 1217 1807; x_wconf 89' lang='lat' dir='ltr'><strong><em>sua,</em></strong></span> 
     </span>
    </p>
   </div>
   <div class='ocr_carea' id='block_1_21' title="bbox 363 1805 1310 1876">
    <p class='ocr_par' dir='ltr' id='par_1_21' title="bbox 363 1805 1310 1876">
     <span class='ocr_line' id='line_1_21' title="bbox 363 1805 1310 1876; baseline 0.004 -16"><span class='ocrx_word' id='word_1_102' title='bbox 363 1815 414 1860; x_wconf 88' lang='lat' dir='ltr'><strong><em>et</em></strong></span> <span class='ocrx_word' id='word_1_103' title='bbox 439 1805 492 1859; x_wconf 87' lang='lat' dir='ltr'><strong><em>in</em></strong></span> <span class='ocrx_word' id='word_1_104' title='bbox 523 1809 700 1876; x_wconf 86' lang='lat' dir='ltr'><strong><em>furore</em></strong></span> <span class='ocrx_word' id='word_1_105' title='bbox 725 1824 818 1863; x_wconf 90' lang='lat' dir='ltr'><strong><em>suo</em></strong></span> <span class='ocrx_word' id='word_1_106' title='bbox 852 1809 1174 1864; x_wconf 83' lang='lat' dir='ltr'><strong><em>conturbabit</em></strong></span> <span class='ocrx_word' id='word_1_107' title='bbox 1204 1805 1310 1866; x_wconf 87' lang='lat' dir='ltr'><strong><em>eos.</em></strong></span> 
     </span>
    </p>
   </div>
   <div class='ocr_carea' id='block_1_22' title="bbox 283 1875 1893 1956">
    <p class='ocr_par' dir='ltr' id='par_1_22' title="bbox 283 1875 1893 1956">
     <span class='ocr_line' id='line_1_22' title="bbox 283 1875 1893 1956; baseline 0.002 -24"><span class='ocrx_word' id='word_1_108' title='bbox 283 1875 610 1956; x_wconf 74' lang='lat' dir='ltr'><strong><em>Egoautem</em></strong></span> <span class='ocrx_word' id='word_1_109' title='bbox 642 1890 664 1917; x_wconf 73' lang='grc' dir='ltr'><strong>ε</strong></span> <span class='ocrx_word' id='word_1_110' title='bbox 698 1881 896 1935; x_wconf 88' lang='lat' dir='ltr'><strong><em>orditus</em></strong></span> <span class='ocrx_word' id='word_1_111' title='bbox 919 1898 1033 1936; x_wconf 88' lang='lat' dir='ltr'><strong><em>sum</em></strong></span> <span class='ocrx_word' id='word_1_112' title='bbox 1063 1881 1140 1954; x_wconf 84' lang='lat' dir='ltr'><strong><em>[h.</em></strong></span> <span class='ocrx_word' id='word_1_113' title='bbox 1171 1879 1320 1954; x_wconf 86' lang='lat' dir='ltr'><strong><em>anxi]</em></strong></span> <span class='ocrx_word' id='word_1_114' title='bbox 1348 1897 1517 1956; x_wconf 82' lang='lat' dir='ltr'><strong><em>regem</em></strong></span> <span class='ocrx_word' id='word_1_115' title='bbox 1544 1897 1717 1937; x_wconf 88' lang='lat' dir='ltr'><strong><em>meum</em></strong></span> <span class='ocrx_word' id='word_1_116' title='bbox 1737 1897 1893 1955; x_wconf 83' lang='lat' dir='ltr'><strong><em>super</em></strong></span> 
     </span>
    </p>
   </div>
   <div class='ocr_carea' id='block_1_23' title="bbox 368 1950 1225 2008">
    <p class='ocr_par' dir='ltr' id='par_1_23' title="bbox 368 1950 1225 2008">
     <span class='ocr_line' id='line_1_23' title="bbox 368 1950 1225 2008; baseline 0.006 -5"><span class='ocrx_word' id='word_1_117' title='bbox 368 1950 496 2004; x_wconf 81' lang='lat' dir='ltr'><strong><em>Sion</em></strong></span> <span class='ocrx_word' id='word_1_118' title='bbox 528 1959 748 2007; x_wconf 87' lang='lat' dir='ltr'><strong><em>montem</em></strong></span> <span class='ocrx_word' id='word_1_119' title='bbox 773 1963 1008 2007; x_wconf 85' lang='lat' dir='ltr'><strong><em>sanctum</em></strong></span> <span class='ocrx_word' id='word_1_120' title='bbox 1034 1950 1225 2008; x_wconf 81' lang='lat' dir='ltr'><strong><em>meum.</em></strong></span> 
     </span>
    </p>
   </div>
   <div class='ocr_carea' id='block_1_24' title="bbox 287 2019 1507 2098">
    <p class='ocr_par' dir='ltr' id='par_1_24' title="bbox 287 2019 1507 2098">
     <span class='ocr_line' id='line_1_24' title="bbox 287 2019 1507 2098; baseline 0.005 -25"><span class='ocrx_word' id='word_1_121' title='bbox 287 2019 635 2098; x_wconf 48' lang='lat' dir='ltr'><strong><em>{lununtiabo</em></strong></span> <span class='ocrx_word' id='word_1_122' title='bbox 653 2021 730 2098; x_wconf 82' lang='lat' dir='ltr'><strong><em>[h.</em></strong></span> <span class='ocrx_word' id='word_1_123' title='bbox 759 2022 1020 2098; x_wconf 82' lang='lat' dir='ltr'><strong><em>Narrabo]</em></strong></span> <span class='ocrx_word' id='word_1_124' title='bbox 1034 2024 1140 2098; x_wconf 74' lang='lat' dir='ltr'><strong><em>Dei</em></strong></span> <span class='ocrx_word' id='word_1_125' title='bbox 1173 2035 1507 2098; x_wconf 74' lang='lat' dir='ltr'><strong><em>prleceptum,</em></strong></span> 
     </span>
    </p>
   </div>
   <div class='ocr_carea' id='block_1_25' title="bbox 287 2091 1896 2171">
    <p class='ocr_par' dir='ltr' id='par_1_25' title="bbox 287 2091 1896 2171">
     <span class='ocr_line' id='line_1_25' title="bbox 287 2091 1896 2171; baseline 0.003 -23"><span class='ocrx_word' id='word_1_126' title='bbox 287 2091 552 2148; x_wconf 81' lang='lat' dir='ltr'><strong><em>Dominus</em></strong></span> <span class='ocrx_word' id='word_1_127' title='bbox 583 2091 716 2171; x_wconf 68' lang='lat' dir='ltr'><strong><em>dixit</em></strong></span> <span class='ocrx_word' id='word_1_128' title='bbox 752 2095 822 2149; x_wconf 90' lang='lat' dir='ltr'><strong><em>ad</em></strong></span> <span class='ocrx_word' id='word_1_129' title='bbox 870 2112 952 2151; x_wconf 92' lang='lat' dir='ltr'><strong><em>me</em></strong></span> <span class='ocrx_word' id='word_1_130' title='bbox 977 2091 1200 2152; x_wconf 42' lang='lat' dir='ltr'><strong><em>:‘Filiu&#39;s</em></strong></span> <span class='ocrx_word' id='word_1_131' title='bbox 1227 2091 1371 2153; x_wconf 69' lang='lat' dir='ltr'><strong><em>meus</em></strong></span> <span class='ocrx_word' id='word_1_132' title='bbox 1413 2115 1466 2153; x_wconf 92' lang='lat' dir='ltr'><strong><em>cs</em></strong></span> <span class='ocrx_word' id='word_1_133' title='bbox 1495 2091 1580 2166; x_wconf 85' lang='lat' dir='ltr'><strong><em>tu,</em></strong></span> <span class='ocrx_word' id='word_1_134' title='bbox 1613 2114 1706 2171; x_wconf 87' lang='lat' dir='ltr'><strong><em>ego</em></strong></span> <span class='ocrx_word' id='word_1_135' title='bbox 1741 2097 1896 2154; x_wconf 82' lang='lat' dir='ltr'><strong><em>hodie</em></strong></span> 
     </span>
    </p>
   </div>
   <div class='ocr_carea' id='block_1_26' title="bbox 443 2167 697 2236">
    <p class='ocr_par' dir='ltr' id='par_1_26' title="bbox 443 2167 697 2236">
     <span class='ocr_line' id='line_1_26' title="bbox 443 2167 697 2236; baseline 0.004 -17"><span class='ocrx_word' id='word_1_136' title='bbox 443 2167 597 2236; x_wconf 84' lang='lat' dir='ltr'><strong><em>genui</em></strong></span> <span class='ocrx_word' id='word_1_137' title='bbox 626 2174 697 2233; x_wconf 91' lang='lat' dir='ltr'><strong><em>te,</em></strong></span> 
     </span>
    </p>
   </div>
   <div class='ocr_carea' id='block_1_27' title="bbox 289 2233 1803 2312">
    <p class='ocr_par' dir='ltr' id='par_1_27' title="bbox 289 2233 1803 2312">
     <span class='ocr_line' id='line_1_27' title="bbox 289 2233 1803 2312; baseline 0.003 -21"><span class='ocrx_word' id='word_1_138' title='bbox 289 2233 522 2292; x_wconf 78' lang='lat' dir='ltr'><strong><em>Postula</em></strong></span> <span class='ocrx_word' id='word_1_139' title='bbox 547 2255 578 2292; x_wconf 89' lang='lat' dir='ltr'><strong><em>a</em></strong></span> <span class='ocrx_word' id='word_1_140' title='bbox 604 2254 683 2312; x_wconf 86' lang='lat' dir='ltr'><strong><em>me</em></strong></span> <span class='ocrx_word' id='word_1_141' title='bbox 709 2247 760 2294; x_wconf 91' lang='lat' dir='ltr'><strong><em>et</em></strong></span> <span class='ocrx_word' id='word_1_142' title='bbox 790 2237 922 2294; x_wconf 85' lang='lat' dir='ltr'><strong><em>dabo</em></strong></span> <span class='ocrx_word' id='word_1_143' title='bbox 946 2241 1037 2294; x_wconf 83' lang='lat' dir='ltr'><strong><em>tibi</em></strong></span> <span class='ocrx_word' id='word_1_144' title='bbox 1057 2252 1230 2312; x_wconf 87' lang='lat' dir='ltr'><strong><em>gentes</em></strong></span> <span class='ocrx_word' id='word_1_145' title='bbox 1258 2241 1611 2297; x_wconf 84' lang='lat' dir='ltr'><strong><em>luereditatem</em></strong></span> <span class='ocrx_word' id='word_1_146' title='bbox 1639 2251 1803 2312; x_wconf 90' lang='lat' dir='ltr'><strong><em>tuam,</em></strong></span> 
     </span>
    </p>
   </div>
   <div class='ocr_carea' id='block_1_28' title="bbox 369 2310 1457 2380">
    <p class='ocr_par' dir='ltr' id='par_1_28' title="bbox 369 2310 1457 2380">
     <span class='ocr_line' id='line_1_28' title="bbox 369 2310 1457 2380; baseline 0.006 -17"><span class='ocrx_word' id='word_1_147' title='bbox 369 2318 416 2363; x_wconf 89' lang='lat' dir='ltr'><strong><em>et</em></strong></span> <span class='ocrx_word' id='word_1_148' title='bbox 442 2310 812 2380; x_wconf 82' lang='lat' dir='ltr'><strong><em>possessionem</em></strong></span> <span class='ocrx_word' id='word_1_149' title='bbox 840 2320 984 2366; x_wconf 92' lang='lat' dir='ltr'><strong><em>tuam</em></strong></span> <span class='ocrx_word' id='word_1_150' title='bbox 1006 2310 1252 2368; x_wconf 78' lang='lat' dir='ltr'><strong><em>terminos</em></strong></span> <span class='ocrx_word' id='word_1_151' title='bbox 1282 2323 1457 2370; x_wconf 66' lang='lat' dir='ltr'><strong><em>terrae.</em></strong></span> 
     </span>
    </p>
   </div>
   <div class='ocr_carea' id='block_1_29' title="bbox 294 2377 1059 2455">
    <p class='ocr_par' dir='ltr' id='par_1_29' title="bbox 294 2377 1059 2455">
     <span class='ocr_line' id='line_1_29' title="bbox 294 2377 1059 2455; baseline 0.005 -21"><span class='ocrx_word' id='word_1_152' title='bbox 294 2377 492 2436; x_wconf 82' lang='lat' dir='ltr'><strong><em>Pasces</em></strong></span> <span class='ocrx_word' id='word_1_153' title='bbox 518 2397 604 2455; x_wconf 77' lang='lat' dir='ltr'><strong><em>eos</em></strong></span> <span class='ocrx_word' id='word_1_154' title='bbox 624 2381 851 2455; x_wconf 7' lang='lat' dir='ltr'><strong><em>inquirga</em></strong></span> <span class='ocrx_word' id='word_1_155' title='bbox 873 2384 1059 2455; x_wconf 89' lang='lat' dir='ltr'><strong><em>ferrea,</em></strong></span> 
     </span>
    </p>
   </div>
   <div class='ocr_carea' id='block_1_30' title="bbox 323 2452 1096 2525">
    <p class='ocr_par' dir='ltr' id='par_1_30' title="bbox 323 2452 1096 2525">
     <span class='ocr_line' id='line_1_30' title="bbox 323 2452 1096 2525; baseline 0.008 -19"><span class='ocrx_word' id='word_1_156' title='bbox 323 2486 358 2525; x_wconf 47' lang='lat'><strong><em>;_</em></strong></span> <span class='ocrx_word' id='word_1_157' title='bbox 372 2464 430 2506; x_wconf 89' lang='lat' dir='ltr'><strong><em>ut</em></strong></span> <span class='ocrx_word' id='word_1_158' title='bbox 455 2468 545 2508; x_wconf 74' lang='lat' dir='ltr'><strong><em>uas</em></strong></span> <span class='ocrx_word' id='word_1_159' title='bbox 565 2452 716 2525; x_wconf 80' lang='lat' dir='ltr'><strong><em>ﬁguli</em></strong></span> <span class='ocrx_word' id='word_1_160' title='bbox 738 2452 965 2510; x_wconf 85' lang='lat' dir='ltr'><strong><em>conteres</em></strong></span> <span class='ocrx_word' id='word_1_161' title='bbox 987 2472 1096 2512; x_wconf 91' lang='lat' dir='ltr'><strong><em>eos.</em></strong></span> 
     </span>
    </p>
   </div>
   <div class='ocr_carea' id='block_1_31' title="bbox 296 2521 1154 2601">
    <p class='ocr_par' dir='ltr' id='par_1_31' title="bbox 296 2521 1154 2601">
     <span class='ocr_line' id='line_1_31' title="bbox 296 2521 1154 2601; baseline 0.006 -22"><span class='ocrx_word' id='word_1_162' title='bbox 296 2521 464 2579; x_wconf 82' lang='lat' dir='ltr'><strong><em>Nunc</em></strong></span> <span class='ocrx_word' id='word_1_163' title='bbox 487 2521 825 2601; x_wconf 73' lang='lat' dir='ltr'><strong><em>ergo,_reges,</em></strong></span> <span class='ocrx_word' id='word_1_164' title='bbox 857 2527 1154 2601; x_wconf 90' lang='lat' dir='ltr'><strong><em>intelligite,</em></strong></span> 
     </span>
    </p>
   </div>
   <div class='ocr_carea' id='block_1_32' title="bbox 373 2595 1108 2670">
    <p class='ocr_par' dir='ltr' id='par_1_32' title="bbox 373 2595 1108 2670">
     <span class='ocr_line' id='line_1_32' title="bbox 373 2595 1108 2670; baseline 0.008 -20"><span class='ocrx_word' id='word_1_165' title='bbox 373 2595 672 2670; x_wconf 76' lang='lat' dir='ltr'><strong><em>erudimini,</em></strong></span> <span class='ocrx_word' id='word_1_166' title='bbox 697 2595 904 2670; x_wconf 65' lang='lat' dir='ltr'><strong><em>iudices</em></strong></span> <span class='ocrx_word' id='word_1_167' title='bbox 933 2595 1108 2656; x_wconf 62' lang='grc' dir='ltr'><strong><em>[ει-ἔω.</em></strong></span> 
     </span>
    </p>
   </div>
   <div class='ocr_carea' id='block_1_33' title="bbox 299 2666 1064 2742">
    <p class='ocr_par' dir='ltr' id='par_1_33' title="bbox 299 2666 1064 2742">
     <span class='ocr_line' id='line_1_33' title="bbox 299 2666 1064 2742; baseline 0.004 -18"><span class='ocrx_word' id='word_1_168' title='bbox 299 2666 509 2724; x_wconf 77' lang='lat' dir='ltr'><strong><em>Servite</em></strong></span> <span class='ocrx_word' id='word_1_169' title='bbox 536 2666 760 2742; x_wconf 80' lang='lat' dir='ltr'><strong><em>Domino</em></strong></span> <span class='ocrx_word' id='word_1_170' title='bbox 782 2670 835 2724; x_wconf 91' lang='lat' dir='ltr'><strong><em>in</em></strong></span> <span class='ocrx_word' id='word_1_171' title='bbox 859 2671 1064 2742; x_wconf 87' lang='lat' dir='ltr'><strong><em>timore,</em></strong></span> 
     </span>
    </p>
   </div>
   <div class='ocr_carea' id='block_1_34' title="bbox 373 2741 1082 2800">
    <p class='ocr_par' dir='ltr' id='par_1_34' title="bbox 373 2741 1082 2800">
     <span class='ocr_line' id='line_1_34' title="bbox 373 2741 1082 2800; baseline 0.007 -6"><span class='ocrx_word' id='word_1_172' title='bbox 373 2748 422 2794; x_wconf 92' lang='lat' dir='ltr'><strong><em>et</em></strong></span> <span class='ocrx_word' id='word_1_173' title='bbox 441 2741 694 2795; x_wconf 83' lang='lat' dir='ltr'><strong><em>exsultate</em></strong></span> <span class='ocrx_word' id='word_1_174' title='bbox 717 2742 744 2779; x_wconf 74' lang='grc' dir='ltr'><em>ά</em></span> <span class='ocrx_word' id='word_1_175' title='bbox 765 2743 820 2797; x_wconf 91' lang='lat' dir='ltr'><strong><em>in</em></strong></span> <span class='ocrx_word' id='word_1_176' title='bbox 847 2751 1082 2800; x_wconf 81' lang='lat' dir='ltr'><strong><em>tremore.</em></strong></span> 
     </span>
    </p>
   </div>
   <div class='ocr_carea' id='block_1_35' title="bbox 298 2811 738 2884">
    <p class='ocr_par' dir='ltr' id='par_1_35' title="bbox 298 2811 738 2884">
     <span class='ocr_line' id='line_1_35' title="bbox 298 2811 738 2884; baseline 0.002 -17"><span class='ocrx_word' id='word_1_177' title='bbox 298 2811 534 2884; x_wconf 77' lang='lat' dir='ltr'><strong><em>Aderate</em></strong></span> <span class='ocrx_word' id='word_1_178' title='bbox 562 2822 586 2850; x_wconf 78' lang='grc'><strong><em>⁸</em></strong></span> <span class='ocrx_word' id='word_1_179' title='bbox 609 2828 738 2884; x_wconf 85' lang='lat' dir='ltr'><strong><em>pure</em></strong></span> 
     </span>
    </p>
   </div>
   <div class='ocr_carea' id='block_1_36' title="bbox 378 2883 1462 2959">
    <p class='ocr_par' dir='ltr' id='par_1_36' title="bbox 378 2883 1462 2959">
     <span class='ocr_line' id='line_1_36' title="bbox 378 2883 1462 2959; baseline 0.008 -23"><span class='ocrx_word' id='word_1_180' title='bbox 378 2899 441 2937; x_wconf 86' lang='lat' dir='ltr'><strong><em>ne</em></strong></span> <span class='ocrx_word' id='word_1_181' title='bbox 464 2883 601 2954; x_wconf 86' lang='lat' dir='ltr'><strong><em>forte</em></strong></span> <span class='ocrx_word' id='word_1_182' title='bbox 614 2883 903 2959; x_wconf 87' lang='lat' dir='ltr'><strong><em>irascatur,</em></strong></span> <span class='ocrx_word' id='word_1_183' title='bbox 936 2896 986 2941; x_wconf 89' lang='lat' dir='ltr'><strong><em>et</em></strong></span> <span class='ocrx_word' id='word_1_184' title='bbox 1013 2889 1239 2959; x_wconf 88' lang='lat' dir='ltr'><strong><em>pereatis</em></strong></span> <span class='ocrx_word' id='word_1_185' title='bbox 1265 2889 1329 2945; x_wconf 90' lang='lat' dir='ltr'><strong><em>de</em></strong></span> <span class='ocrx_word' id='word_1_186' title='bbox 1357 2888 1462 2945; x_wconf 86' lang='lat' dir='ltr'><strong><em>via.</em></strong></span> 
     </span>
    </p>
   </div>
   <div class='ocr_carea' id='block_1_37' title="bbox 303 2953 1482 3034">
    <p class='ocr_par' dir='ltr' id='par_1_37' title="bbox 303 2953 1482 3034">
     <span class='ocr_line' id='line_1_37' title="bbox 303 2953 1482 3034; baseline 0.006 -23"><span class='ocrx_word' id='word_1_187' title='bbox 303 2953 438 3034; x_wconf 77' lang='lat' dir='ltr'><strong><em>Cum</em></strong></span> <span class='ocrx_word' id='word_1_188' title='bbox 457 2953 707 3034; x_wconf 78' lang='lat' dir='ltr'><strong><em>exarserit</em></strong></span> <span class='ocrx_word' id='word_1_189' title='bbox 729 2967 840 3034; x_wconf 78' lang='lat' dir='ltr'><strong><em>post</em></strong></span> <span class='ocrx_word' id='word_1_190' title='bbox 868 2953 1143 3029; x_wconf 80' lang='lat' dir='ltr'><strong><em>paululum</em></strong></span> <span class='ocrx_word' id='word_1_191' title='bbox 1172 2961 1321 3031; x_wconf 87' lang='lat' dir='ltr'><strong><em>furor</em></strong></span> <span class='ocrx_word' id='word_1_192' title='bbox 1349 2965 1482 3034; x_wconf 85' lang='lat' dir='ltr'><strong><em>ejus,</em></strong></span> 
     </span>
    </p>
   </div>
   <div class='ocr_carea' id='block_1_38' title="bbox 377 3025 1327 3104">
    <p class='ocr_par' dir='ltr' id='par_1_38' title="bbox 377 3025 1327 3104">
     <span class='ocr_line' id='line_1_38' title="bbox 377 3025 1327 3104; baseline 0.009 -24"><span class='ocrx_word' id='word_1_193' title='bbox 377 3025 514 3080; x_wconf 88' lang='lat' dir='ltr'><strong><em>beati</em></strong></span> <span class='ocrx_word' id='word_1_194' title='bbox 541 3045 713 3104; x_wconf 76' lang='lat' dir='ltr'><strong><em>omnes</em></strong></span> <span class='ocrx_word' id='word_1_195' title='bbox 729 3025 827 3101; x_wconf 77' lang='grc' dir='ltr'><strong><em>ἠιιὶ</em></strong></span> <span class='ocrx_word' id='word_1_196' title='bbox 862 3025 1075 3104; x_wconf 77' lang='lat' dir='ltr'><strong><em>sperant</em></strong></span> <span class='ocrx_word' id='word_1_197' title='bbox 1103 3034 1157 3088; x_wconf 90' lang='lat' dir='ltr'><strong><em>in</em></strong></span> <span class='ocrx_word' id='word_1_198' title='bbox 1172 3025 1327 3089; x_wconf 51' lang='lat' dir='ltr'><strong><em>&#39;eum.</em></strong></span> 
     </span>
    </p>
   </div>
   <div class='ocr_carea' id='block_1_39' title="bbox 412 3100 1810 3171">
    <p class='ocr_par' dir='ltr' id='par_1_39' title="bbox 412 3100 1810 3171">
     <span class='ocr_line' id='line_1_39' title="bbox 412 3100 1810 3171; baseline 0.006 -16"><span class='ocrx_word' id='word_1_199' title='bbox 412 3113 651 3156; x_wconf 69' lang='lat' dir='ltr'><strong><em>rssuus</em></strong></span> <span class='ocrx_word' id='word_1_200' title='bbox 679 3100 699 3139; x_wconf 69' lang='grc' dir='ltr'>ί</span> <span class='ocrx_word' id='word_1_201' title='bbox 722 3100 902 3171; x_wconf 69' lang='lat' dir='ltr'><strong><em>ou&#39;tn,</em></strong></span> <span class='ocrx_word' id='word_1_202' title='bbox 928 3117 1034 3158; x_wconf 74' lang='lat' dir='ltr'><strong><em>cun</em></strong></span> <span class='ocrx_word' id='word_1_203' title='bbox 1056 3119 1304 3162; x_wconf 68' lang='lat' dir='ltr'><strong><em>eussner</em></strong></span> <span class='ocrx_word' id='word_1_204' title='bbox 1331 3122 1364 3162; x_wconf 71' lang='grc' dir='ltr'><strong>Α</strong></span> <span class='ocrx_word' id='word_1_205' title='bbox 1391 3120 1548 3163; x_wconf 72' lang='lat' dir='ltr'><strong><em>non:</em></strong></span> <span class='ocrx_word' id='word_1_206' title='bbox 1576 3121 1810 3168; x_wconf 73' lang='lat' dir='ltr'><strong><em>snsowu</em></strong></span> 
     </span>
    </p>
   </div>
   <div class='ocr_carea' id='block_1_40' title="bbox 978 3190 1238 3232">
    <p class='ocr_par' dir='ltr' id='par_1_40' title="bbox 978 3190 1238 3232">
     <span class='ocr_line' id='line_1_40' title="bbox 978 3190 1238 3232; baseline 0.015 -3"><span class='ocrx_word' id='word_1_207' title='bbox 978 3190 1106 3230; x_wconf 76' lang='lat' dir='ltr'><strong><em>FILII</em></strong></span> <span class='ocrx_word' id='word_1_208' title='bbox 1134 3192 1238 3232; x_wconf 81' lang='lat' dir='ltr'><strong><em>SUI.</em></strong></span> 
     </span>
    </p>
   </div>
   <div class='ocr_carea' id='block_1_41' title="bbox 310 3240 1834 3318">
    <p class='ocr_par' dir='ltr' id='par_1_41' title="bbox 310 3240 1834 3318">
     <span class='ocr_line' id='line_1_41' title="bbox 310 3240 1834 3318; baseline 0.009 -22"><span class='ocrx_word' id='word_1_209' title='bbox 310 3240 491 3318; x_wconf 57' lang='grc' dir='ltr'>[ιιι]</span> <span class='ocrx_word' id='word_1_210' title='bbox 510 3241 726 3318; x_wconf 87' lang='lat' dir='ltr'><strong><em>Domine</em></strong></span> <span class='ocrx_word' id='word_1_211' title='bbox 747 3254 795 3309; x_wconf 78' lang='lat'><strong><em>8,</em></strong></span> <span class='ocrx_word' id='word_1_212' title='bbox 822 3263 982 3318; x_wconf 87' lang='lat' dir='ltr'><strong><em>quare</em></strong></span> <span class='ocrx_word' id='word_1_213' title='bbox 1012 3248 1340 3317; x_wconf 86' lang='lat' dir='ltr'><strong><em>multiplicati</em></strong></span> <span class='ocrx_word' id='word_1_214' title='bbox 1367 3258 1488 3304; x_wconf 90' lang='lat' dir='ltr'><strong><em>sunt</em></strong></span> <span class='ocrx_word' id='word_1_215' title='bbox 1511 3249 1685 3309; x_wconf 80' lang='lat' dir='ltr'><strong><em>hostes</em></strong></span> <span class='ocrx_word' id='word_1_216' title='bbox 1713 3251 1834 3309; x_wconf 87' lang='lat' dir='ltr'><strong><em>ntei.</em></strong></span> 
     </span>
    </p>
   </div>
   <div class='ocr_carea' id='block_1_42' title="bbox 384 3317 1658 3394">
    <p class='ocr_par' dir='ltr' id='par_1_42' title="bbox 384 3317 1658 3394">
     <span class='ocr_line' id='line_1_42' title="bbox 384 3317 1658 3394; baseline 0.009 -26"><span class='ocrx_word' id='word_1_217' title='bbox 384 3317 548 3394; x_wconf 65' lang='lat' dir='ltr'><strong><em>multi</em></strong></span> <span class='ocrx_word' id='word_1_218' title='bbox 559 3317 877 3394; x_wconf 85' lang='lat' dir='ltr'><strong><em>consurgunt</em></strong></span> <span class='ocrx_word' id='word_1_219' title='bbox 900 3319 1171 3374; x_wconf 81' lang='lat' dir='ltr'><strong><em>adversum</em></strong></span> <span class='ocrx_word' id='word_1_220' title='bbox 1194 3320 1305 3394; x_wconf 82' lang='lat' dir='ltr'><strong><em>[AL</em></strong></span> <span class='ocrx_word' id='word_1_221' title='bbox 1332 3322 1535 3394; x_wconf 90' lang='lat' dir='ltr'><strong><em>contra]</em></strong></span> <span class='ocrx_word' id='word_1_222' title='bbox 1561 3339 1658 3379; x_wconf 87' lang='lat' dir='ltr'><strong><em>me.</em></strong></span> 
     </span>
    </p>
   </div>
   <div class='ocr_carea' id='block_1_43' title="bbox 315 3382 1060 3456">
    <p class='ocr_par' dir='ltr' id='par_1_43' title="bbox 315 3382 1060 3456">
     <span class='ocr_line' id='line_1_43' title="bbox 315 3382 1060 3456; baseline 0.008 -16"><span class='ocrx_word' id='word_1_223' title='bbox 315 3382 374 3440; x_wconf 75' lang='grc' dir='ltr'><em>Η</em></span> <span class='ocrx_word' id='word_1_224' title='bbox 377 3387 471 3440; x_wconf 84' lang='lat' dir='ltr'><strong><em>ulti</em></strong></span> <span class='ocrx_word' id='word_1_225' title='bbox 492 3385 671 3442; x_wconf 82' lang='lat' dir='ltr'><strong><em>dicunt</em></strong></span> <span class='ocrx_word' id='word_1_226' title='bbox 699 3382 888 3444; x_wconf 69' lang='lat' dir='ltr'><strong><em>animle</em></strong></span> <span class='ocrx_word' id='word_1_227' title='bbox 917 3406 1060 3456; x_wconf 63' lang='lat' dir='ltr'><strong><em>mea},</em></strong></span> 
     </span>
    </p>
   </div>
   <div class='ocr_carea' id='block_1_44' title="bbox 388 3455 1484 3522">
    <p class='ocr_par' dir='ltr' id='par_1_44' title="bbox 388 3455 1484 3522">
     <span class='ocr_line' id='line_1_44' title="bbox 388 3455 1484 3522; baseline 0.008 -10"><span class='ocrx_word' id='word_1_228' title='bbox 388 3455 514 3513; x_wconf 86' lang='lat' dir='ltr'><strong><em>Non</em></strong></span> <span class='ocrx_word' id='word_1_229' title='bbox 539 3468 620 3514; x_wconf 89' lang='lat' dir='ltr'><strong><em>est</em></strong></span> <span class='ocrx_word' id='word_1_230' title='bbox 641 3459 784 3516; x_wconf 83' lang='lat' dir='ltr'><strong><em>salus</em></strong></span> <span class='ocrx_word' id='word_1_231' title='bbox 803 3460 924 3515; x_wconf 87' lang='lat' dir='ltr'><strong><em>huic</em></strong></span> <span class='ocrx_word' id='word_1_232' title='bbox 948 3462 1003 3516; x_wconf 89' lang='lat' dir='ltr'><strong><em>in</em></strong></span> <span class='ocrx_word' id='word_1_233' title='bbox 1030 3462 1160 3518; x_wconf 89' lang='lat' dir='ltr'><strong><em>Deo.</em></strong></span> <span class='ocrx_word' id='word_1_234' title='bbox 1186 3460 1216 3502; x_wconf 71' lang='grc' dir='ltr'><strong><em>ιι</em></strong></span> <span class='ocrx_word' id='word_1_235' title='bbox 1245 3463 1484 3522; x_wconf 67' lang='lat' dir='ltr'><strong><em>Sumen.</em></strong></span> 
     </span>
    </p>
   </div>
   <div class='ocr_carea' id='block_1_45' title="bbox 313 3526 1911 3612">
    <p class='ocr_par' dir='ltr' id='par_1_45' title="bbox 313 3526 1911 3612">
     <span class='ocr_line' id='line_1_45' title="bbox 313 3526 1911 3612; baseline 0.007 -27"><span class='ocrx_word' id='word_1_236' title='bbox 313 3526 398 3585; x_wconf 80' lang='lat' dir='ltr'><strong><em>Tu</em></strong></span> <span class='ocrx_word' id='word_1_237' title='bbox 423 3541 616 3612; x_wconf 74' lang='lat' dir='ltr'><strong><em>autem,</em></strong></span> <span class='ocrx_word' id='word_1_238' title='bbox 650 3530 891 3600; x_wconf 86' lang='lat' dir='ltr'><strong><em>Domine,</em></strong></span> <span class='ocrx_word' id='word_1_239' title='bbox 939 3533 1150 3607; x_wconf 83' lang='lat' dir='ltr'><strong><em>clypeus</em></strong></span> <span class='ocrx_word' id='word_1_240' title='bbox 1189 3538 1330 3592; x_wconf 90' lang='lat' dir='ltr'><strong><em>circa</em></strong></span> <span class='ocrx_word' id='word_1_241' title='bbox 1374 3555 1476 3610; x_wconf 91' lang='lat' dir='ltr'><strong><em>me,</em></strong></span> <span class='ocrx_word' id='word_1_242' title='bbox 1507 3539 1681 3612; x_wconf 88' lang='lat' dir='ltr'><strong><em>gloria</em></strong></span> <span class='ocrx_word' id='word_1_243' title='bbox 1722 3555 1835 3596; x_wconf 89' lang='lat' dir='ltr'><strong><em>mea</em></strong></span> <span class='ocrx_word' id='word_1_244' title='bbox 1862 3547 1911 3596; x_wconf 88' lang='lat' dir='ltr'><strong><em>et</em></strong></span> 
     </span>
    </p>
   </div>
   <div class='ocr_carea' id='block_1_46' title="bbox 383 3603 1020 3675">
    <p class='ocr_par' dir='ltr' id='par_1_46' title="bbox 383 3603 1020 3675">
     <span class='ocr_line' id='line_1_46' title="bbox 383 3603 1020 3675; baseline 0.008 -19"><span class='ocrx_word' id='word_1_245' title='bbox 383 3603 620 3658; x_wconf 78' lang='lat' dir='ltr'><strong><em>exultans</em></strong></span> <span class='ocrx_word' id='word_1_246' title='bbox 643 3614 802 3675; x_wconf 88' lang='lat' dir='ltr'><strong><em>caput</em></strong></span> <span class='ocrx_word' id='word_1_247' title='bbox 830 3603 1020 3661; x_wconf 78' lang='lat' dir='ltr'><strong><em>meum.</em></strong></span> 
     </span>
    </p>
   </div>
   <div class='ocr_carea' id='block_1_47' title="bbox 322 3670 1280 3746">
    <p class='ocr_par' dir='ltr' id='par_1_47' title="bbox 322 3670 1280 3746">
     <span class='ocr_line' id='line_1_47' title="bbox 322 3670 1280 3746; baseline 0.008 -18"><span class='ocrx_word' id='word_1_248' title='bbox 322 3670 461 3728; x_wconf 82' lang='lat' dir='ltr'><strong><em>Voce</em></strong></span> <span class='ocrx_word' id='word_1_249' title='bbox 485 3690 598 3731; x_wconf 91' lang='lat' dir='ltr'><strong><em>mea</em></strong></span> <span class='ocrx_word' id='word_1_250' title='bbox 620 3677 689 3730; x_wconf 90' lang='lat' dir='ltr'><strong><em>ad</em></strong></span> <span class='ocrx_word' id='word_1_251' title='bbox 708 3670 993 3732; x_wconf 78' lang='lat' dir='ltr'><strong><em>Dominum</em></strong></span> <span class='ocrx_word' id='word_1_252' title='bbox 1024 3678 1280 3746; x_wconf 88' lang='lat' dir='ltr'><strong><em>clamabo,</em></strong></span> 
     </span>
    </p>
   </div>
   <div class='ocr_carea' id='block_1_48' title="bbox 384 3747 1454 3810">
    <p class='ocr_par' dir='ltr' id='par_1_48' title="bbox 384 3747 1454 3810">
     <span class='ocr_line' id='line_1_48' title="bbox 384 3747 1454 3810; baseline 0.009 -10"><span class='ocrx_word' id='word_1_253' title='bbox 384 3753 431 3800; x_wconf 88' lang='lat' dir='ltr'><strong><em>et</em></strong></span> <span class='ocrx_word' id='word_1_254' title='bbox 459 3747 704 3802; x_wconf 75' lang='lat' dir='ltr'><strong><em>exaudiet</em></strong></span> <span class='ocrx_word' id='word_1_255' title='bbox 732 3765 813 3804; x_wconf 91' lang='lat' dir='ltr'><strong><em>me</em></strong></span> <span class='ocrx_word' id='word_1_256' title='bbox 833 3748 897 3804; x_wconf 91' lang='lat' dir='ltr'><strong><em>de</em></strong></span> <span class='ocrx_word' id='word_1_257' title='bbox 925 3761 1097 3806; x_wconf 87' lang='lat' dir='ltr'><strong><em>monte</em></strong></span> <span class='ocrx_word' id='word_1_258' title='bbox 1125 3763 1306 3808; x_wconf 91' lang='lat' dir='ltr'><strong><em>sancto</em></strong></span> <span class='ocrx_word' id='word_1_259' title='bbox 1335 3769 1454 3810; x_wconf 79' lang='lat' dir='ltr'><strong><em>suo.</em></strong></span> 
     </span>
    </p>
   </div>
   <div class='ocr_carea' id='block_1_49' title="bbox 458 3816 695 3876">
    <p class='ocr_par' dir='ltr' id='par_1_49' title="bbox 458 3816 695 3876">
     <span class='ocr_line' id='line_1_49' title="bbox 458 3816 695 3876; baseline 0.004 -1"><span class='ocrx_word' id='word_1_260' title='bbox 458 3816 695 3876; x_wconf 70' lang='lat' dir='ltr'><strong><em>Seneca.</em></strong></span> 
     </span>
    </p>
   </div>
   <div class='ocr_carea' id='block_1_50' title="bbox 314 3887 1260 3964">
    <p class='ocr_par' dir='ltr' id='par_1_50' title="bbox 314 3887 1260 3964">
     <span class='ocr_line' id='line_1_50' title="bbox 314 3887 1260 3964; baseline 0.006 -19"><span class='ocrx_word' id='word_1_261' title='bbox 314 3887 432 3962; x_wconf 84' lang='lat' dir='ltr'><strong><em>Ego</em></strong></span> <span class='ocrx_word' id='word_1_262' title='bbox 451 3889 691 3964; x_wconf 84' lang='lat' dir='ltr'><strong><em>dormivi,</em></strong></span> <span class='ocrx_word' id='word_1_263' title='bbox 723 3901 773 3948; x_wconf 93' lang='lat' dir='ltr'><strong><em>et</em></strong></span> <span class='ocrx_word' id='word_1_264' title='bbox 797 3903 1067 3964; x_wconf 89' lang='lat' dir='ltr'><strong><em>soporatus</em></strong></span> <span class='ocrx_word' id='word_1_265' title='bbox 1093 3911 1208 3951; x_wconf 89' lang='lat' dir='ltr'><strong><em>sum</em></strong></span> <span class='ocrx_word' id='word_1_266' title='bbox 1240 3911 1260 3951; x_wconf 90' lang='lat'><strong><em>:</em></strong></span> 
     </span>
    </p>
   </div>
   <div class='ocr_carea' id='block_1_51' title="bbox 387 3962 1512 4036">
    <p class='ocr_par' dir='ltr' id='par_1_51' title="bbox 387 3962 1512 4036">
     <span class='ocr_line' id='line_1_51' title="bbox 387 3962 1512 4036; baseline 0.009 -21"><span class='ocrx_word' id='word_1_267' title='bbox 387 3962 644 4036; x_wconf 81' lang='lat' dir='ltr'><strong><em>euigilavi,</em></strong></span> <span class='ocrx_word' id='word_1_268' title='bbox 668 3966 795 4036; x_wconf 14' lang='lat' dir='ltr'><strong><em>quia,</em></strong></span> <span class='ocrx_word' id='word_1_269' title='bbox 811 3962 1063 4022; x_wconf 86' lang='lat' dir='ltr'><strong><em>Dominus</em></strong></span> <span class='ocrx_word' id='word_1_270' title='bbox 1081 3969 1384 4024; x_wconf 85' lang='lat' dir='ltr'><strong><em>sustentavit</em></strong></span> <span class='ocrx_word' id='word_1_271' title='bbox 1410 3985 1512 4025; x_wconf 90' lang='lat' dir='ltr'><strong><em>me.</em></strong></span> 
     </span>
    </p>
   </div>
   <div class='ocr_carea' id='block_1_52' title="bbox 318 4031 1833 4112">
    <p class='ocr_par' dir='ltr' id='par_1_52' title="bbox 318 4031 1833 4112">
     <span class='ocr_line' id='line_1_52' title="bbox 318 4031 1833 4112; baseline 0.009 -25"><span class='ocrx_word' id='word_1_272' title='bbox 318 4031 443 4112; x_wconf 57' lang='lat' dir='ltr'><strong><em>Ifon</em></strong></span> <span class='ocrx_word' id='word_1_273' title='bbox 468 4031 655 4112; x_wconf 55' lang='lat' dir='ltr'><strong><em>timebo</em></strong></span> <span class='ocrx_word' id='word_1_274' title='bbox 681 4031 1088 4112; x_wconf 59' lang='lat' dir='ltr'><strong><em>inilliapopuli,</em></strong></span> <span class='ocrx_word' id='word_1_275' title='bbox 1118 4055 1235 4112; x_wconf 77' lang='lat' dir='ltr'><strong><em>qua:</em></strong></span> <span class='ocrx_word' id='word_1_276' title='bbox 1261 4041 1709 4112; x_wconf 83' lang='lat' dir='ltr'><strong><em>circumdederunt</em></strong></span> <span class='ocrx_word' id='word_1_277' title='bbox 1734 4061 1833 4100; x_wconf 91' lang='lat' dir='ltr'><strong><em>me.</em></strong></span> 
     </span>
    </p>
   </div>
   <div class='ocr_carea' id='block_1_53' title="bbox 317 4103 1578 4184">
    <p class='ocr_par' dir='ltr' id='par_1_53' title="bbox 317 4103 1578 4184">
     <span class='ocr_line' id='line_1_53' title="bbox 317 4103 1578 4184; baseline 0.006 -23"><span class='ocrx_word' id='word_1_278' title='bbox 317 4103 510 4178; x_wconf 86' lang='lat' dir='ltr'><strong><em>Surge,</em></strong></span> <span class='ocrx_word' id='word_1_279' title='bbox 537 4105 777 4176; x_wconf 90' lang='lat' dir='ltr'><strong><em>Domine,</em></strong></span> <span class='ocrx_word' id='word_1_280' title='bbox 795 4103 996 4165; x_wconf 72' lang='lat' dir='ltr'><strong><em>saluum</em></strong></span> <span class='ocrx_word' id='word_1_281' title='bbox 1017 4103 1095 4166; x_wconf 83' lang='lat' dir='ltr'><strong><em>me</em></strong></span> <span class='ocrx_word' id='word_1_282' title='bbox 1116 4103 1220 4184; x_wconf 81' lang='lat' dir='ltr'><strong><em>fac,</em></strong></span> <span class='ocrx_word' id='word_1_283' title='bbox 1253 4111 1393 4167; x_wconf 89' lang='lat' dir='ltr'><strong><em>Deus</em></strong></span> <span class='ocrx_word' id='word_1_284' title='bbox 1416 4129 1578 4184; x_wconf 88' lang='lat' dir='ltr'><strong><em>meus,</em></strong></span> 
     </span>
    </p>
   </div>
   <div class='ocr_carea' id='block_1_54' title="bbox 390 4248 1907 4324">
    <p class='ocr_par' dir='ltr' id='par_1_54' title="bbox 390 4248 1907 4324">
     <span class='ocr_line' id='line_1_54' title="bbox 390 4248 1907 4324; baseline 0.004 -18"><span class='ocrx_word' id='word_1_285' title='bbox 390 4258 419 4288; x_wconf 75' lang='grc'>⁸</span> <span class='ocrx_word' id='word_1_286' title='bbox 448 4248 650 4324; x_wconf 79' lang='lat' dir='ltr'><strong><em>Iterum</em></strong></span> <span class='ocrx_word' id='word_1_287' title='bbox 693 4250 1047 4309; x_wconf 88' lang='lat' dir='ltr'><strong><em>Cisterciens.</em></strong></span> <span class='ocrx_word' id='word_1_288' title='bbox 1083 4268 1186 4308; x_wconf 91' lang='lat' dir='ltr'><strong><em>ms.</em></strong></span> <span class='ocrx_word' id='word_1_289' title='bbox 1236 4263 1495 4324; x_wconf 85' lang='lat' dir='ltr'><strong><em>tamquam</em></strong></span> <span class='ocrx_word' id='word_1_290' title='bbox 1543 4257 1697 4311; x_wconf 87' lang='lat' dir='ltr'><strong><em>arbor</em></strong></span> <span class='ocrx_word' id='word_1_291' title='bbox 1739 4265 1907 4312; x_wconf 85' lang='lat' dir='ltr'><strong><em>trans-</em></strong></span> 
     </span>
    </p>
   </div>
   <div class='ocr_carea' id='block_1_55' title="bbox 318 4321 1908 4399">
    <p class='ocr_par' dir='ltr' id='par_1_55' title="bbox 318 4321 1908 4399">
     <span class='ocr_line' id='line_1_55' title="bbox 318 4321 1908 4399; baseline 0.006 -22"><span class='ocrx_word' id='word_1_292' title='bbox 318 4321 576 4394; x_wconf 85' lang='lat' dir='ltr'><strong><em>plantata,</em></strong></span> <span class='ocrx_word' id='word_1_293' title='bbox 604 4332 661 4399; x_wconf 79' lang='lat' dir='ltr'><strong><em>et</em></strong></span> <span class='ocrx_word' id='word_1_294' title='bbox 683 4324 1047 4399; x_wconf 68' lang='lat' dir='ltr'><strong><em>cohaerenter,</em></strong></span> <span class='ocrx_word' id='word_1_295' title='bbox 1086 4341 1201 4397; x_wconf 77' lang='lat' dir='ltr'><strong><em>qute</em></strong></span> <span class='ocrx_word' id='word_1_296' title='bbox 1227 4321 1477 4399; x_wconf 86' lang='lat' dir='ltr'><strong><em>fructum,</em></strong></span> <span class='ocrx_word' id='word_1_297' title='bbox 1509 4338 1615 4383; x_wconf 85' lang='lat' dir='ltr'><strong><em>etc.</em></strong></span> <span class='ocrx_word' id='word_1_298' title='bbox 1647 4329 1908 4396; x_wconf 81' lang='lat' dir='ltr'><strong><em>Sequitur</em></strong></span> 
     </span>
    </p>
   </div>
   <div class='ocr_carea' id='block_1_56' title="bbox 317 4396 1904 4472">
    <p class='ocr_par' dir='ltr' id='par_1_56' title="bbox 317 4396 1904 4472">
     <span class='ocr_line' id='line_1_56' title="bbox 317 4396 1904 4472; baseline 0.006 -24"><span class='ocrx_word' id='word_1_299' title='bbox 317 4409 442 4472; x_wconf 77' lang='lat' dir='ltr'><strong><em>eum</em></strong></span> <span class='ocrx_word' id='word_1_300' title='bbox 466 4396 840 4472; x_wconf 79' lang='lat' dir='ltr'><strong><em>vetustissimo</em></strong></span> <span class='ocrx_word' id='word_1_301' title='bbox 867 4396 1409 4468; x_wconf 35' lang='lat' dir='ltr'><strong><em>Reginm’ms.&#39;atque</em></strong></span> <span class='ocrx_word' id='word_1_302' title='bbox 1440 4401 1555 4469; x_wconf 90' lang='lat' dir='ltr'><strong><em>ipso</em></strong></span> <span class='ocrx_word' id='word_1_303' title='bbox 1577 4399 1904 4472; x_wconf 88' lang='lat' dir='ltr'><strong><em>Scholiastc,</em></strong></span> 
     </span>
    </p>
   </div>
   <div class='ocr_carea' id='block_1_57' title="bbox 307 4466 829 4539">
    <p class='ocr_par' dir='ltr' id='par_1_57' title="bbox 307 4466 829 4539">
     <span class='ocr_line' id='line_1_57' title="bbox 307 4466 829 4539; baseline 0.008 -20"><span class='ocrx_word' id='word_1_304' title='bbox 307 4467 468 4539; x_wconf 77' lang='lat' dir='ltr'><strong><em>juxta</em></strong></span> <span class='ocrx_word' id='word_1_305' title='bbox 487 4466 698 4539; x_wconf 79' lang='lat' dir='ltr'><strong><em>rivulos,</em></strong></span> <span class='ocrx_word' id='word_1_306' title='bbox 723 4476 829 4523; x_wconf 93' lang='lat' dir='ltr'><strong><em>etc.</em></strong></span> 
     </span>
    </p>
   </div>
   <div class='ocr_carea' id='block_1_58' title="bbox 395 4535 1911 4616">
    <p class='ocr_par' dir='ltr' id='par_1_58' title="bbox 395 4535 1911 4616">
     <span class='ocr_line' id='line_1_58' title="bbox 395 4535 1911 4616; baseline 0.006 -25"><span class='ocrx_word' id='word_1_307' title='bbox 395 4535 422 4574; x_wconf 72' lang='grc' dir='ltr'>ι)</span> <span class='ocrx_word' id='word_1_308' title='bbox 438 4537 591 4605; x_wconf 84' lang='lat' dir='ltr'><strong><em>Quod</em></strong></span> <span class='ocrx_word' id='word_1_309' title='bbox 618 4535 824 4616; x_wconf 43' lang='lat' dir='ltr'><strong><em>mauult</em></strong></span> <span class='ocrx_word' id='word_1_310' title='bbox 845 4539 1177 4598; x_wconf 84' lang='lat' dir='ltr'><strong><em>Scholiastes</em></strong></span> <span class='ocrx_word' id='word_1_311' title='bbox 1200 4541 1564 4612; x_wconf 86' lang='lat' dir='ltr'><strong><em>turbabuntur,</em></strong></span> <span class='ocrx_word' id='word_1_312' title='bbox 1586 4544 1758 4599; x_wconf 85' lang='lat' dir='ltr'><strong><em>nostri</em></strong></span> <span class='ocrx_word' id='word_1_313' title='bbox 1777 4559 1911 4616; x_wconf 82' lang='lat' dir='ltr'><strong><em>quo-</em></strong></span> 
     </span>
    </p>
   </div>
   <div class='ocr_carea' id='block_1_59' title="bbox 321 4611 924 4680">
    <p class='ocr_par' dir='ltr' id='par_1_59' title="bbox 321 4611 924 4680">
     <span class='ocr_line' id='line_1_59' title="bbox 321 4611 924 4680; baseline 0.013 -20"><span class='ocrx_word' id='word_1_314' title='bbox 321 4622 430 4680; x_wconf 86' lang='lat' dir='ltr'><strong><em>que</em></strong></span> <span class='ocrx_word' id='word_1_315' title='bbox 456 4624 586 4680; x_wconf 12' lang='lat' dir='ltr'><strong><em>tniss.</em></strong></span> <span class='ocrx_word' id='word_1_316' title='bbox 611 4611 924 4680; x_wconf 61' lang='lat' dir='ltr'><strong><em>praeferunt.</em></strong></span> 
     </span>
    </p>
   </div>
   <div class='ocr_carea' id='block_1_60' title="bbox 403 4679 1907 4763">
    <p class='ocr_par' dir='ltr' id='par_1_60' title="bbox 403 4679 1907 4763">
     <span class='ocr_line' id='line_1_60' title="bbox 403 4679 1907 4763; baseline 0.004 -28"><span class='ocrx_word' id='word_1_317' title='bbox 403 4679 553 4763; x_wconf 63' lang='lat' dir='ltr'><strong><em>eliic</em></strong></span> <span class='ocrx_word' id='word_1_318' title='bbox 573 4679 786 4763; x_wconf 81' lang='lat' dir='ltr'><strong><em>quoque</em></strong></span> <span class='ocrx_word' id='word_1_319' title='bbox 801 4683 950 4754; x_wconf 80' lang='lat' dir='ltr'><strong><em>juxta</em></strong></span> <span class='ocrx_word' id='word_1_320' title='bbox 980 4684 1336 4743; x_wconf 84' lang='lat' dir='ltr'><strong><em>Scholiastem</em></strong></span> <span class='ocrx_word' id='word_1_321' title='bbox 1378 4687 1504 4742; x_wconf 86' lang='lat' dir='ltr'><strong><em>anxi</em></strong></span> <span class='ocrx_word' id='word_1_322' title='bbox 1533 4686 1732 4744; x_wconf 86' lang='lat' dir='ltr'><strong><em>habent</em></strong></span> <span class='ocrx_word' id='word_1_323' title='bbox 1774 4702 1907 4742; x_wconf 90' lang='lat' dir='ltr'><strong><em>mss.</em></strong></span> 
     </span>
    </p>
   </div>
   <div class='ocr_carea' id='block_1_61' title="bbox 322 4756 1910 4831">
    <p class='ocr_par' dir='ltr' id='par_1_61' title="bbox 322 4756 1910 4831">
     <span class='ocr_line' id='line_1_61' title="bbox 322 4756 1910 4831; baseline 0.003 -23"><span class='ocrx_word' id='word_1_324' title='bbox 322 4756 499 4831; x_wconf 65' lang='lat' dir='ltr'><strong><em>nostri</em></strong></span> <span class='ocrx_word' id='word_1_325' title='bbox 528 4756 852 4831; x_wconf 89' lang='lat' dir='ltr'><strong><em>p_r_o_orditus</em></strong></span> <span class='ocrx_word' id='word_1_326' title='bbox 882 4769 978 4812; x_wconf 89' lang='lat' dir='ltr'><strong><em>:et</em></strong></span> <span class='ocrx_word' id='word_1_327' title='bbox 1007 4773 1130 4813; x_wconf 84' lang='lat' dir='ltr'><strong><em>mox</em></strong></span> <span class='ocrx_word' id='word_1_328' title='bbox 1165 4770 1404 4814; x_wconf 87' lang='lat' dir='ltr'><strong><em>sanctum</em></strong></span> <span class='ocrx_word' id='word_1_329' title='bbox 1434 4775 1585 4814; x_wconf 87' lang='lat' dir='ltr'><strong><em>suum</em></strong></span> <span class='ocrx_word' id='word_1_330' title='bbox 1615 4774 1710 4831; x_wconf 89' lang='lat' dir='ltr'><strong><em>pro</em></strong></span> <span class='ocrx_word' id='word_1_331' title='bbox 1738 4775 1910 4814; x_wconf 89' lang='lat' dir='ltr'><strong><em>meum</em></strong></span> 
     </span>
    </p>
   </div>
   <div class='ocr_carea' id='block_1_62' title="bbox 319 4824 1442 4895">
    <p class='ocr_par' dir='ltr' id='par_1_62' title="bbox 319 4824 1442 4895">
     <span class='ocr_line' id='line_1_62' title="bbox 319 4824 1442 4895; baseline 0.005 -16"><span class='ocrx_word' id='word_1_332' title='bbox 319 4824 526 4895; x_wconf 85' lang='lat' dir='ltr'><strong><em>legunt,</em></strong></span> <span class='ocrx_word' id='word_1_333' title='bbox 561 4827 788 4882; x_wconf 62' lang='lat' dir='ltr'><strong><em>Hebraeo</em></strong></span> <span class='ocrx_word' id='word_1_334' title='bbox 816 4841 995 4884; x_wconf 83' lang='lat' dir='ltr'><strong><em>tamen</em></strong></span> <span class='ocrx_word' id='word_1_335' title='bbox 1015 4832 1442 4887; x_wconf 81' lang='lat' dir='ltr'><strong><em>contradicente.</em></strong></span> 
     </span>
    </p>
   </div>
   <div class='ocr_carea' id='block_1_63' title="bbox 394 4894 1618 4959">
    <p class='ocr_par' dir='ltr' id='par_1_63' title="bbox 394 4894 1618 4959">
     <span class='ocr_line' id='line_1_63' title="bbox 394 4894 1618 4959; baseline 0.005 -7"><span class='ocrx_word' id='word_1_336' title='bbox 394 4894 420 4933; x_wconf 73' lang='grc' dir='ltr'><em>ά</em></span> <span class='ocrx_word' id='word_1_337' title='bbox 447 4895 725 4954; x_wconf 91' lang='lat' dir='ltr'><strong><em>lnterserit</em></strong></span> <span class='ocrx_word' id='word_1_338' title='bbox 753 4899 1102 4957; x_wconf 86' lang='lat' dir='ltr'><strong><em>Cisterciens.</em></strong></span> <span class='ocrx_word' id='word_1_339' title='bbox 1143 4918 1244 4958; x_wconf 89' lang='lat' dir='ltr'><strong><em>ms.</em></strong></span> <span class='ocrx_word' id='word_1_340' title='bbox 1277 4905 1321 4958; x_wconf 89' lang='lat' dir='ltr'><strong><em>ei</em></strong></span> <span class='ocrx_word' id='word_1_341' title='bbox 1348 4904 1618 4959; x_wconf 79' lang='lat' dir='ltr'><strong><em>voculam.</em></strong></span> 
     </span>
    </p>
   </div>
   <div class='ocr_carea' id='block_1_64' title="bbox 398 4967 1915 5046">
    <p class='ocr_par' dir='ltr' id='par_1_64' title="bbox 398 4967 1915 5046">
     <span class='ocr_line' id='line_1_64' title="bbox 398 4967 1915 5046; baseline 0.003 -22"><span class='ocrx_word' id='word_1_342' title='bbox 398 4977 422 5004; x_wconf 81' lang='grc'><strong><em>⁸</em></strong></span> <span class='ocrx_word' id='word_1_343' title='bbox 453 4967 663 5046; x_wconf 77' lang='lat' dir='ltr'><strong><em>Locum</em></strong></span> <span class='ocrx_word' id='word_1_344' title='bbox 687 4972 848 5026; x_wconf 89' lang='lat' dir='ltr'><strong><em>istum</em></strong></span> <span class='ocrx_word' id='word_1_345' title='bbox 895 4981 1054 5046; x_wconf 81' lang='lat' dir='ltr'><strong><em>urget</em></strong></span> <span class='ocrx_word' id='word_1_346' title='bbox 1093 4973 1323 5029; x_wconf 80' lang='lat' dir='ltr'><strong><em>Rutinus</em></strong></span> <span class='ocrx_word' id='word_1_347' title='bbox 1359 4975 1622 5032; x_wconf 86' lang='lat' dir='ltr'><strong><em>adversus</em></strong></span> <span class='ocrx_word' id='word_1_348' title='bbox 1651 4973 1915 5046; x_wconf 82' lang='lat' dir='ltr'><strong><em>Hierony-</em></strong></span> 
     </span>
    </p>
   </div>
   <div class='ocr_carea' id='block_1_65' title="bbox 323 5041 1913 5119">
    <p class='ocr_par' dir='ltr' id='par_1_65' title="bbox 323 5041 1913 5119">
     <span class='ocr_line' id='line_1_65' title="bbox 323 5041 1913 5119; baseline 0.003 -24"><span class='ocrx_word' id='word_1_349' title='bbox 323 5055 497 5119; x_wconf 72' lang='lat' dir='ltr'><strong><em>mum,</em></strong></span> <span class='ocrx_word' id='word_1_350' title='bbox 523 5041 666 5112; x_wconf 86' lang='lat' dir='ltr'><strong><em>quod</em></strong></span> <span class='ocrx_word' id='word_1_351' title='bbox 691 5057 884 5119; x_wconf 71' lang='lat' dir='ltr'><strong><em>nempe</em></strong></span> <span class='ocrx_word' id='word_1_352' title='bbox 901 5041 1028 5119; x_wconf 74' lang='lat' dir='ltr'><strong><em>alibi</em></strong></span> <span class='ocrx_word' id='word_1_353' title='bbox 1050 5047 1322 5119; x_wconf 66' lang='lat' dir='ltr'><strong><em>vertisset,</em></strong></span> <span class='ocrx_word' id='word_1_354' title='bbox 1347 5049 1562 5102; x_wconf 84' lang='lat' dir='ltr'><strong><em>atlorate</em></strong></span> <span class='ocrx_word' id='word_1_355' title='bbox 1582 5047 1774 5119; x_wconf 82' lang='lat' dir='ltr'><strong><em>ﬁlium.</em></strong></span> <span class='ocrx_word' id='word_1_356' title='bbox 1807 5041 1913 5119; x_wconf 74' lang='lat' dir='ltr'><strong><em>Sed</em></strong></span> 
     </span>
    </p>
   </div>
   <div class='ocr_carea' id='block_1_66' title="bbox 324 5111 1916 5183">
    <p class='ocr_par' dir='ltr' id='par_1_66' title="bbox 324 5111 1916 5183">
     <span class='ocr_line' id='line_1_66' title="bbox 324 5111 1916 5183; baseline 0.003 -16"><span class='ocrx_word' id='word_1_357' title='bbox 324 5111 984 5183; x_wconf 62' lang='lat' dir='ltr'><strong><em>hujusreprehensmnis</em></strong></span> <span class='ocrx_word' id='word_1_358' title='bbox 1016 5111 1345 5183; x_wconf 81' lang='lat' dir='ltr'><strong><em>imperitiam</em></strong></span> <span class='ocrx_word' id='word_1_359' title='bbox 1386 5111 1674 5174; x_wconf 56' lang='lat' dir='ltr'><strong><em>acriter&#39;ac</em></strong></span> <span class='ocrx_word' id='word_1_360' title='bbox 1705 5118 1916 5172; x_wconf 78' lang='lat' dir='ltr'><strong><em>erudite</em></strong></span> 
     </span>
    </p>
   </div>
   <div class='ocr_carea' id='block_1_67' title="bbox 324 5181 1925 5276">
    <p class='ocr_par' dir='ltr' id='par_1_67' title="bbox 324 5181 1925 5276">
     <span class='ocr_line' id='line_1_67' title="bbox 324 5181 1925 5276; baseline 0.006 -37"><span class='ocrx_word' id='word_1_361' title='bbox 324 5181 571 5239; x_wconf 86' lang='lat' dir='ltr'><strong><em>retundit</em></strong></span> <span class='ocrx_word' id='word_1_362' title='bbox 597 5185 657 5238; x_wconf 72' lang='grc' dir='ltr'><strong><em>ὃ.</em></strong></span> <span class='ocrx_word' id='word_1_363' title='bbox 693 5184 914 5252; x_wconf 88' lang='lat' dir='ltr'><strong><em>Doctor,</em></strong></span> <span class='ocrx_word' id='word_1_364' title='bbox 950 5181 1246 5242; x_wconf 85' lang='lat' dir='ltr'><strong><em>ostendens</em></strong></span> <span class='ocrx_word' id='word_1_365' title='bbox 1274 5189 1443 5244; x_wconf 78' lang='lat' dir='ltr'><strong><em>verba</em></strong></span> <span class='ocrx_word' id='word_1_366' title='bbox 1478 5191 1742 5246; x_wconf 83' lang='lat' dir='ltr'><strong><em>llebraica</em></strong></span> <span class='ocrx_word' id='word_1_367' title='bbox 1774 5197 1925 5276; x_wconf 63' lang='lat' dir='ltr'><strong><em>1]:th</em></strong></span> 
     </span>
    </p>
   </div>
   <div class='ocr_carea' id='block_1_68' title="bbox 321 5274 1920 5350">
    <p class='ocr_par' dir='ltr' id='par_1_68' title="bbox 321 5274 1920 5350">
     <span class='ocr_line' id='line_1_68' title="bbox 321 5274 1920 5350; baseline 0.004 -21"><span class='ocrx_word' id='word_1_368' title='bbox 321 5286 406 5336; x_wconf 64' lang='grc' dir='ltr'><strong><em>’ῆι</em></strong></span> <span class='ocrx_word' id='word_1_369' title='bbox 433 5290 596 5350; x_wconf 76' lang='lat' dir='ltr'><strong><em>nascu</em></strong></span> <span class='ocrx_word' id='word_1_370' title='bbox 630 5274 746 5350; x_wconf 80' lang='lat' dir='ltr'><strong><em>bar,</em></strong></span> <span class='ocrx_word' id='word_1_371' title='bbox 774 5275 1005 5350; x_wconf 79' lang='lat' dir='ltr'><strong><em>diversis</em></strong></span> <span class='ocrx_word' id='word_1_372' title='bbox 1036 5277 1573 5350; x_wconf 81' lang='lat' dir='ltr'><strong><em>interpretationibus</em></strong></span> <span class='ocrx_word' id='word_1_373' title='bbox 1604 5297 1763 5350; x_wconf 85' lang='lat' dir='ltr'><strong><em>posse</em></strong></span> <span class='ocrx_word' id='word_1_374' title='bbox 1790 5274 1920 5336; x_wconf 83' lang='lat' dir='ltr'><strong><em>eon-</em></strong></span> 
     </span>
    </p>
   </div>
   <div class='ocr_carea' id='block_1_69' title="bbox 326 5346 1915 5420">
    <p class='ocr_par' dir='ltr' id='par_1_69' title="bbox 326 5346 1915 5420">
     <span class='ocr_line' id='line_1_69' title="bbox 326 5346 1915 5420; baseline 0.003 -18"><span class='ocrx_word' id='word_1_375' title='bbox 326 5346 489 5420; x_wconf 71' lang='lat' dir='ltr'><strong><em>verti.</em></strong></span> <span class='ocrx_word' id='word_1_376' title='bbox 548 5347 695 5420; x_wconf 75' lang='lat' dir='ltr'><strong><em>Quid</em></strong></span> <span class='ocrx_word' id='word_1_377' title='bbox 732 5364 884 5419; x_wconf 88' lang='lat' dir='ltr'><strong><em>ergo,</em></strong></span> <span class='ocrx_word' id='word_1_378' title='bbox 931 5348 1132 5419; x_wconf 85' lang='lat' dir='ltr'><strong><em>inquit,</em></strong></span> <span class='ocrx_word' id='word_1_379' title='bbox 1177 5346 1538 5406; x_wconf 74' lang='lat' dir='ltr'><strong><em>ecclesiastica:</em></strong></span> <span class='ocrx_word' id='word_1_380' title='bbox 1584 5346 1707 5420; x_wconf 78' lang='lat' dir='ltr'><strong><em>fidei</em></strong></span> <span class='ocrx_word' id='word_1_381' title='bbox 1747 5363 1915 5418; x_wconf 87' lang='lat' dir='ltr'><strong><em>nocet,</em></strong></span> 
     </span>
    </p>
   </div>
   <div class='ocr_carea' id='block_1_70' title="bbox 326 5417 1921 5492">
    <p class='ocr_par' dir='ltr' id='par_1_70' title="bbox 326 5417 1921 5492">
     <span class='ocr_line' id='line_1_70' title="bbox 326 5417 1921 5492; baseline 0.003 -19"><span class='ocrx_word' id='word_1_382' title='bbox 326 5418 371 5473; x_wconf 88' lang='lat' dir='ltr'><strong><em>si</em></strong></span> <span class='ocrx_word' id='word_1_383' title='bbox 400 5417 647 5492; x_wconf 84' lang='lat' dir='ltr'><strong><em>doceatur</em></strong></span> <span class='ocrx_word' id='word_1_384' title='bbox 669 5417 872 5488; x_wconf 82' lang='lat' dir='ltr'><strong><em>Lector,</em></strong></span> <span class='ocrx_word' id='word_1_385' title='bbox 907 5417 1030 5489; x_wconf 80' lang='lat' dir='ltr'><strong><em>quot</em></strong></span> <span class='ocrx_word' id='word_1_386' title='bbox 1053 5421 1220 5476; x_wconf 88' lang='lat' dir='ltr'><strong><em>ntodis</em></strong></span> <span class='ocrx_word' id='word_1_387' title='bbox 1249 5422 1390 5492; x_wconf 89' lang='lat' dir='ltr'><strong><em>apud</em></strong></span> <span class='ocrx_word' id='word_1_388' title='bbox 1415 5421 1462 5476; x_wconf 89' lang='grc' dir='ltr'><em>Η</em></span> <span class='ocrx_word' id='word_1_389' title='bbox 1471 5417 1738 5478; x_wconf 59' lang='grc' dir='ltr'><strong><em>εὺινξυηιιδ</em></strong></span> <span class='ocrx_word' id='word_1_390' title='bbox 1762 5417 1921 5478; x_wconf 86' lang='lat' dir='ltr'><strong><em>versi-</em></strong></span> 
     </span>
    </p>
   </div>
   <div class='ocr_carea' id='block_1_71' title="bbox 327 5489 1922 5565">
    <p class='ocr_par' dir='ltr' id='par_1_71' title="bbox 327 5489 1922 5565">
     <span class='ocr_line' id='line_1_71' title="bbox 327 5489 1922 5565; baseline 0.003 -21"><span class='ocrx_word' id='word_1_391' title='bbox 327 5489 474 5565; x_wconf 78' lang='lat' dir='ltr'><strong><em>culus</em></strong></span> <span class='ocrx_word' id='word_1_392' title='bbox 500 5490 842 5565; x_wconf 46' lang='lat' dir='ltr'><strong><em>explanetur:</em></strong></span> <span class='ocrx_word' id='word_1_393' title='bbox 857 5492 1068 5565; x_wconf 63' lang='lat' dir='ltr'><strong><em>Genera</em></strong></span> <span class='ocrx_word' id='word_1_394' title='bbox 1100 5493 1223 5565; x_wconf 79' lang='lat' dir='ltr'><strong><em>vide</em></strong></span> <span class='ocrx_word' id='word_1_395' title='bbox 1253 5489 1394 5564; x_wconf 76' lang='lat' dir='ltr'><strong><em>apud</em></strong></span> <span class='ocrx_word' id='word_1_396' title='bbox 1423 5495 1600 5565; x_wconf 87' lang='lat' dir='ltr'><strong><em>ipsum</em></strong></span> <span class='ocrx_word' id='word_1_397' title='bbox 1633 5496 1668 5549; x_wconf 93' lang='grc' dir='ltr'><strong><em>Ι.</em></strong></span> <span class='ocrx_word' id='word_1_398' title='bbox 1703 5510 1742 5550; x_wconf 93' lang='grc' dir='ltr'>ι.</span> <span class='ocrx_word' id='word_1_399' title='bbox 1777 5497 1922 5565; x_wconf 83' lang='lat' dir='ltr'><strong><em>Apo-</em></strong></span> 
     </span>
    </p>
   </div>
   <div class='ocr_carea' id='block_1_72' title="bbox 328 5561 1302 5632">
    <p class='ocr_par' dir='ltr' id='par_1_72' title="bbox 328 5561 1302 5632">
     <span class='ocr_line' id='line_1_72' title="bbox 328 5561 1302 5632; baseline 0.003 -16"><span class='ocrx_word' id='word_1_400' title='bbox 328 5561 487 5632; x_wconf 65' lang='lat' dir='ltr'><strong><em>logico</em></strong></span> <span class='ocrx_word' id='word_1_401' title='bbox 515 5561 776 5619; x_wconf 82' lang='lat' dir='ltr'><strong><em>adversus</em></strong></span> <span class='ocrx_word' id='word_1_402' title='bbox 811 5563 1087 5619; x_wconf 81' lang='lat' dir='ltr'><strong><em>Ruﬁnum.</em></strong></span> <span class='ocrx_word' id='word_1_403' title='bbox 1121 5561 1302 5620; x_wconf 74' lang='lat' dir='ltr'><strong><em>MAan</em></strong></span> 
     </span>
    </p>
   </div>
   <div class='ocr_carea' id='block_1_73' title="bbox 327 5633 1923 5707">
    <p class='ocr_par' dir='ltr' id='par_1_73' title="bbox 327 5633 1923 5707">
     <span class='ocr_line' id='line_1_73' title="bbox 327 5633 1923 5707; baseline 0.001 -17"><span class='ocrx_word' id='word_1_404' title='bbox 327 5661 401 5707; x_wconf 85' lang='lat'><strong><em>-_-__-</em></strong></span> <span class='ocrx_word' id='word_1_405' title='bbox 432 5633 520 5690; x_wconf 88' lang='lat' dir='ltr'><strong><em>Sic</em></strong></span> <span class='ocrx_word' id='word_1_406' title='bbox 551 5636 666 5705; x_wconf 89' lang='lat' dir='ltr'><strong><em>ipse</em></strong></span> <span class='ocrx_word' id='word_1_407' title='bbox 695 5637 822 5690; x_wconf 86' lang='lat' dir='ltr'><strong><em>olim</em></strong></span> <span class='ocrx_word' id='word_1_408' title='bbox 855 5635 984 5706; x_wconf 82' lang='lat' dir='ltr'><strong><em>legit</em></strong></span> <span class='ocrx_word' id='word_1_409' title='bbox 1011 5637 1071 5693; x_wconf 91' lang='lat' dir='ltr'><strong><em>S.</em></strong></span> <span class='ocrx_word' id='word_1_410' title='bbox 1101 5637 1435 5707; x_wconf 78' lang='lat' dir='ltr'><strong><em>Augustinus</em></strong></span> <span class='ocrx_word' id='word_1_411' title='bbox 1461 5637 1515 5692; x_wconf 89' lang='lat' dir='ltr'><strong><em>in</em></strong></span> <span class='ocrx_word' id='word_1_412' title='bbox 1545 5636 1802 5707; x_wconf 85' lang='lat' dir='ltr'><strong><em>Speculo,</em></strong></span> <span class='ocrx_word' id='word_1_413' title='bbox 1833 5636 1923 5692; x_wconf 90' lang='lat' dir='ltr'><strong><em>ubi</em></strong></span> 
     </span>
    </p>
   </div>
   <div class='ocr_carea' id='block_1_74' title="bbox 328 5703 1922 5778">
    <p class='ocr_par' dir='ltr' id='par_1_74' title="bbox 328 5703 1922 5778">
     <span class='ocr_line' id='line_1_74' title="bbox 328 5703 1922 5778; baseline 0.001 -18"><span class='ocrx_word' id='word_1_414' title='bbox 328 5703 804 5778; x_wconf 81' lang='lat' dir='ltr'><strong><em>Hieronyinianam</em></strong></span> <span class='ocrx_word' id='word_1_415' title='bbox 840 5703 980 5762; x_wconf 77' lang='lat' dir='ltr'><strong><em>hunc</em></strong></span> <span class='ocrx_word' id='word_1_416' title='bbox 1009 5724 1076 5764; x_wconf 82' lang='lat' dir='ltr'><strong><em>ex</em></strong></span> <span class='ocrx_word' id='word_1_417' title='bbox 1100 5703 1328 5766; x_wconf 72' lang='lat' dir='ltr'><strong><em>llebrtco</em></strong></span> <span class='ocrx_word' id='word_1_418' title='bbox 1361 5703 1771 5764; x_wconf 81' lang='lat' dir='ltr'><strong><em>translationem</em></strong></span> <span class='ocrx_word' id='word_1_419' title='bbox 1789 5703 1922 5762; x_wconf 86' lang='lat' dir='ltr'><strong><em>dili-</em></strong></span> 
     </span>
    </p>
   </div>
   <div class='ocr_carea' id='block_1_75' title="bbox 328 5777 1922 5853">
    <p class='ocr_par' dir='ltr' id='par_1_75' title="bbox 328 5777 1922 5853">
     <span class='ocr_line' id='line_1_75' title="bbox 328 5777 1922 5853; baseline 0.002 -23"><span class='ocrx_word' id='word_1_420' title='bbox 328 5777 642 5853; x_wconf 72' lang='lat' dir='ltr'><strong><em>gentissimc</em></strong></span> <span class='ocrx_word' id='word_1_421' title='bbox 664 5779 928 5853; x_wconf 81' lang='lat' dir='ltr'><strong><em>sequitur.</em></strong></span> <span class='ocrx_word' id='word_1_422' title='bbox 950 5778 1288 5853; x_wconf 74' lang='lat' dir='ltr'><strong><em>Rccoleudus</em></strong></span> <span class='ocrx_word' id='word_1_423' title='bbox 1304 5796 1468 5853; x_wconf 83' lang='lat' dir='ltr'><strong><em>porro</em></strong></span> <span class='ocrx_word' id='word_1_424' title='bbox 1487 5781 1554 5836; x_wconf 84' lang='lat' dir='ltr'><strong><em>ad</em></strong></span> <span class='ocrx_word' id='word_1_425' title='bbox 1581 5779 1726 5836; x_wconf 89' lang='lat' dir='ltr'><strong><em>hunc</em></strong></span> <span class='ocrx_word' id='word_1_426' title='bbox 1747 5781 1922 5853; x_wconf 84' lang='lat' dir='ltr'><strong><em>locum</em></strong></span> 
     </span>
    </p>
   </div>
   <div class='ocr_carea' id='block_1_76' title="bbox 330 5851 1924 5982">
    <p class='ocr_par' dir='ltr' id='par_1_76' title="bbox 330 5851 1924 5982">
     <span class='ocr_line' id='line_1_76' title="bbox 330 5851 1924 5982; baseline 0.003 -79"><span class='ocrx_word' id='word_1_427' title='bbox 330 5851 832 5982; x_wconf 33' lang='lat' dir='ltr'><strong><em>lbs!ipsiianterprcs</em></strong></span> <span class='ocrx_word' id='word_1_428' title='bbox 869 5851 922 5907; x_wconf 92' lang='lat' dir='ltr'><strong><em>in</em></strong></span> <span class='ocrx_word' id='word_1_429' title='bbox 952 5852 1212 5925; x_wconf 75' lang='lat' dir='ltr'><strong><em>Apologia</em></strong></span> <span class='ocrx_word' id='word_1_430' title='bbox 1249 5851 1436 5911; x_wconf 82' lang='lat' dir='ltr'><strong><em>contra</em></strong></span> <span class='ocrx_word' id='word_1_431' title='bbox 1466 5852 1718 5912; x_wconf 77' lang='lat' dir='ltr'><strong><em>Ruﬁnum</em></strong></span> <span class='ocrx_word' id='word_1_432' title='bbox 1759 5852 1851 5910; x_wconf 87' lang='lat' dir='ltr'><strong><em>lib.</em></strong></span> <span class='ocrx_word' id='word_1_433' title='bbox 1885 5867 1924 5922; x_wconf 83' lang='grc' dir='ltr'>ι,</span> 
     </span>
     <span class='ocr_line' id='line_1_77' title="bbox 407 5937 602 5980; baseline -0.005 0"><span class='ocrx_word' id='word_1_434' title='bbox 407 5937 480 5980; x_wconf 86' lang='lat' dir='ltr'><strong><em>tn.</em></strong></span> <span class='ocrx_word' id='word_1_435' title='bbox 588 5961 602 5979; x_wconf 92' lang='lat'><strong><em>.</em></strong></span> 
     </span>
    </p>
   </div>
   <div class='ocr_carea' id='block_1_77' title="bbox 407 5937 602 5980">
    <p class='ocr_par' dir='ltr' id='par_1_77' title="bbox 407 5937 602 5980">
     <span class='ocr_line' id='line_1_78' title="bbox 407 5937 602 5980; baseline -0.005 0"><span class='ocrx_word' id='word_1_436' title='bbox 407 5937 480 5980; x_wconf 86' lang='lat' dir='ltr'><strong><em>tn.</em></strong></span> <span class='ocrx_word' id='word_1_437' title='bbox 513 5937 602 5980; x_wconf 74' lang='grc' dir='ltr'><strong><em>ιν.</em></strong></span> 
     </span>
    </p>
   </div>
   <div class='ocr_carea' id='block_1_78' title="bbox 740 5995 1472 6087">
    <p class='ocr_par' dir='ltr' id='par_1_78' title="bbox 740 5995 1472 6087">
     <span class='ocr_line' id='line_1_79' title="bbox 740 5995 1472 6087; baseline 0.001 -1"><span class='ocrx_word' id='word_1_438' title='bbox 740 6021 1014 6086; x_wconf 69' lang='grc' dir='ltr'><strong><em>Ρλτιιοι..</em></strong></span> <span class='ocrx_word' id='word_1_439' title='bbox 1063 6021 1356 6087; x_wconf 85' lang='lat' dir='ltr'><strong><em>xxvnt.</em></strong></span> <span class='ocrx_word' id='word_1_440' title='bbox 1452 5995 1472 6004; x_wconf 68' lang='grc'><strong><em>”</em></strong></span> 
     </span>
    </p>
   </div>
   <div class='ocr_carea' id='block_1_79' title="bbox 1572 302 2263 369">
    <p class='ocr_par' dir='ltr' id='par_1_79' title="bbox 1572 302 2263 369">
     <span class='ocr_line' id='line_1_80' title="bbox 1572 302 2263 369; baseline 0.001 -3"><span class='ocrx_word' id='word_1_441' title='bbox 1572 302 1776 366; x_wconf 83' lang='lat' dir='ltr'><strong><em>LIBER</em></strong></span> <span class='ocrx_word' id='word_1_442' title='bbox 1814 302 2263 369; x_wconf 78' lang='lat' dir='ltr'><strong><em>PSALMORUM.</em></strong></span> 
     </span>
    </p>
   </div>
   <div class='ocr_carea' id='block_1_80' title="bbox 1903 424 3572 502">
    <p class='ocr_par' dir='ltr' id='par_1_80' title="bbox 1903 424 3572 502">
     <span class='ocr_line' id='line_1_81' title="bbox 1903 424 3572 502; baseline 0.003 -20"><span class='ocrx_word' id='word_1_443' title='bbox 1903 432 1957 493; x_wconf 77' lang='grc' dir='ltr'><strong>Α</strong></span> <span class='ocrx_word' id='word_1_444' title='bbox 2054 429 2176 498; x_wconf 87' lang='lat' dir='ltr'><strong><em>quia</em></strong></span> <span class='ocrx_word' id='word_1_445' title='bbox 2198 426 2497 498; x_wconf 80' lang='lat' dir='ltr'><strong><em>percussisti</em></strong></span> <span class='ocrx_word' id='word_1_446' title='bbox 2519 424 2746 502; x_wconf 88' lang='lat' dir='ltr'><strong><em>omnium</em></strong></span> <span class='ocrx_word' id='word_1_447' title='bbox 2777 425 3108 483; x_wconf 85' lang='lat' dir='ltr'><strong><em>inimicorum</em></strong></span> <span class='ocrx_word' id='word_1_448' title='bbox 3131 443 3355 486; x_wconf 86' lang='lat' dir='ltr'><strong><em>meorum</em></strong></span> <span class='ocrx_word' id='word_1_449' title='bbox 3376 434 3572 488; x_wconf 83' lang='lat' dir='ltr'><strong><em>maxil-</em></strong></span> 
     </span>
    </p>
   </div>
   <div class='ocr_carea' id='block_1_81' title="bbox 1936 4593 1993 4656">
    <p class='ocr_par' dir='ltr' id='par_1_81' title="bbox 1936 4593 1993 4656">
     <span class='ocr_line' id='line_1_82' title="bbox 1936 4593 1993 4656; baseline 0 0"><span class='ocrx_word' id='word_1_450' title='bbox 1936 4593 1993 4656; x_wconf 90' lang='lat' dir='ltr'><strong><em>D</em></strong></span> 
     </span>
    </p>
   </div>
   <div class='ocr_carea' id='block_1_82' title="bbox 3439 306 3574 372">
    <p class='ocr_par' dir='ltr' id='par_1_82' title="bbox 3439 306 3574 372">
     <span class='ocr_line' id='line_1_83' title="bbox 3439 306 3574 372; baseline 0 0"><span class='ocrx_word' id='word_1_451' title='bbox 3439 306 3574 372; x_wconf 77' lang='lat' dir='ltr'><strong><em>H50</em></strong></span> 
     </span>
    </p>
   </div>
   <div class='ocr_carea' id='block_1_83' title="bbox 2124 502 2230 556">
    <p class='ocr_par' dir='ltr' id='par_1_83' title="bbox 2124 502 2230 556">
     <span class='ocr_line' id='line_1_84' title="bbox 2124 502 2230 556; baseline -0.009 -1"><span class='ocrx_word' id='word_1_452' title='bbox 2124 502 2230 556; x_wconf 90' lang='lat' dir='ltr'><strong><em>lam</em></strong></span> 
     </span>
    </p>
   </div>
   <div class='ocr_carea' id='block_1_84' title="bbox 2049 542 2877 645">
    <p class='ocr_par' dir='ltr' id='par_1_84' title="bbox 2049 542 2877 645">
     <span class='ocr_line' id='line_1_85' title="bbox 2049 542 2877 645; baseline 0 -19"><span class='ocrx_word' id='word_1_453' title='bbox 2049 571 2224 627; x_wconf 91' lang='lat' dir='ltr'><strong><em>dentes</em></strong></span> <span class='ocrx_word' id='word_1_454' title='bbox 2236 542 2526 645; x_wconf 50' lang='lat' dir='ltr'><strong><em>&#39;impiorum</em></strong></span> <span class='ocrx_word' id='word_1_455' title='bbox 2553 571 2877 643; x_wconf 80' lang='lat' dir='ltr'><strong><em>confregisti.</em></strong></span> 
     </span>
    </p>
   </div>
   <div class='ocr_carea' id='block_1_85' title="bbox 1977 640 2480 710">
    <p class='ocr_par' dir='ltr' id='par_1_85' title="bbox 1977 640 2480 710">
     <span class='ocr_line' id='line_1_86' title="bbox 1977 640 2480 710; baseline 0.006 -14"><span class='ocrx_word' id='word_1_456' title='bbox 1977 640 2189 698; x_wconf 87' lang='lat' dir='ltr'><strong><em>Domini</em></strong></span> <span class='ocrx_word' id='word_1_457' title='bbox 2218 655 2292 699; x_wconf 91' lang='lat' dir='ltr'><strong><em>est</em></strong></span> <span class='ocrx_word' id='word_1_458' title='bbox 2316 640 2480 710; x_wconf 80' lang='lat' dir='ltr'><strong><em>salus,</em></strong></span> 
     </span>
    </p>
   </div>
   <div class='ocr_carea' id='block_1_86' title="bbox 2050 715 3164 788">
    <p class='ocr_par' dir='ltr' id='par_1_86' title="bbox 2050 715 3164 788">
     <span class='ocr_line' id='line_1_87' title="bbox 2050 715 3164 788; baseline 0.004 -17"><span class='ocrx_word' id='word_1_459' title='bbox 2050 732 2204 786; x_wconf 89' lang='lat' dir='ltr'><strong><em>super</em></strong></span> <span class='ocrx_word' id='word_1_460' title='bbox 2230 717 2483 788; x_wconf 87' lang='lat' dir='ltr'><strong><em>populum</em></strong></span> <span class='ocrx_word' id='word_1_461' title='bbox 2519 715 2534 754; x_wconf 80' lang='grc' dir='ltr'><strong>ί</strong></span> <span class='ocrx_word' id='word_1_462' title='bbox 2568 725 2714 771; x_wconf 91' lang='lat' dir='ltr'><strong><em>tuum</em></strong></span> <span class='ocrx_word' id='word_1_463' title='bbox 2742 716 3024 775; x_wconf 85' lang='lat' dir='ltr'><strong><em>benedictio</em></strong></span> <span class='ocrx_word' id='word_1_464' title='bbox 3055 727 3164 776; x_wconf 90' lang='lat' dir='ltr'><strong><em>tua.</em></strong></span> 
     </span>
    </p>
   </div>
   <div class='ocr_carea' id='block_1_87' title="bbox 2123 788 2360 845">
    <p class='ocr_par' dir='ltr' id='par_1_87' title="bbox 2123 788 2360 845">
     <span class='ocr_line' id='line_1_88' title="bbox 2123 788 2360 845; baseline -0.017 0"><span class='ocrx_word' id='word_1_465' title='bbox 2123 788 2360 845; x_wconf 68' lang='lat' dir='ltr'><strong><em>Saurea.</em></strong></span> 
     </span>
    </p>
   </div>
   <div class='ocr_carea' id='block_1_88' title="bbox 2051 861 3479 937">
    <p class='ocr_par' dir='ltr' id='par_1_88' title="bbox 2051 861 3479 937">
     <span class='ocr_line' id='line_1_89' title="bbox 2051 861 3479 937; baseline 0.004 -22"><span class='ocrx_word' id='word_1_466' title='bbox 2051 871 2262 937; x_wconf 63' lang='grc' dir='ltr'>Ῑιςτριιι</span> <span class='ocrx_word' id='word_1_467' title='bbox 2293 877 2346 915; x_wconf 83' lang='lat' dir='ltr'><strong><em>IN</em></strong></span> <span class='ocrx_word' id='word_1_468' title='bbox 2368 877 2590 918; x_wconf 71' lang='lat' dir='ltr'><strong><em>PSALMIS</em></strong></span> <span class='ocrx_word' id='word_1_469' title='bbox 2613 876 2882 937; x_wconf 69' lang='lat' dir='ltr'><strong><em>eturtcuu</em></strong></span> <span class='ocrx_word' id='word_1_470' title='bbox 2910 861 2984 934; x_wconf 88' lang='lat' dir='ltr'><strong><em>[h.</em></strong></span> <span class='ocrx_word' id='word_1_471' title='bbox 3009 861 3272 937; x_wconf 58' lang='lat' dir='ltr'><strong><em>Psalmus]</em></strong></span> <span class='ocrx_word' id='word_1_472' title='bbox 3300 881 3479 922; x_wconf 67' lang='lat' dir='ltr'><strong><em>num.</em></strong></span> 
     </span>
    </p>
   </div>
   <div class='ocr_carea' id='block_1_89' title="bbox 1982 930 3572 1010">
    <p class='ocr_par' dir='ltr' id='par_1_89' title="bbox 1982 930 3572 1010">
     <span class='ocr_line' id='line_1_90' title="bbox 1982 930 3572 1010; baseline 0.006 -25"><span class='ocrx_word' id='word_1_473' title='bbox 1982 930 2034 1007; x_wconf 89' lang='grc'><strong><em>[1</em></strong></span> <span class='ocrx_word' id='word_1_474' title='bbox 2045 931 2138 1010; x_wconf 55' lang='grc' dir='ltr'><strong><em>ιη]</em></strong></span> <span class='ocrx_word' id='word_1_475' title='bbox 2169 933 2626 1010; x_wconf 73' lang='lat' dir='ltr'><strong><em>nvocantem__me</em></strong></span> <span class='ocrx_word' id='word_1_476' title='bbox 2655 933 2845 1010; x_wconf 78' lang='lat' dir='ltr'><strong><em>exaudi</em></strong></span> <span class='ocrx_word' id='word_1_477' title='bbox 2866 930 2968 1010; x_wconf 70' lang='lat' dir='ltr'><strong><em>me,</em></strong></span> <span class='ocrx_word' id='word_1_478' title='bbox 3001 933 3144 992; x_wconf 85' lang='lat' dir='ltr'><strong><em>Deus</em></strong></span> <span class='ocrx_word' id='word_1_479' title='bbox 3172 930 3398 1010; x_wconf 76' lang='lat' dir='ltr'><strong><em>justitia:</em></strong></span> <span class='ocrx_word' id='word_1_480' title='bbox 3423 951 3572 1010; x_wconf 79' lang='lat' dir='ltr'><strong><em>mea’,</em></strong></span> 
     </span>
    </p>
   </div>
   <div class='ocr_carea' id='block_1_90' title="bbox 2054 1005 2927 1064">
    <p class='ocr_par' dir='ltr' id='par_1_90' title="bbox 2054 1005 2927 1064">
     <span class='ocr_line' id='line_1_91' title="bbox 2054 1005 2927 1064; baseline 0.007 -6"><span class='ocrx_word' id='word_1_481' title='bbox 2054 1006 2106 1059; x_wconf 88' lang='lat' dir='ltr'><strong><em>in</em></strong></span> <span class='ocrx_word' id='word_1_482' title='bbox 2129 1005 2460 1061; x_wconf 88' lang='lat' dir='ltr'><strong><em>tribulatione</em></strong></span> <span class='ocrx_word' id='word_1_483' title='bbox 2485 1006 2718 1061; x_wconf 86' lang='lat' dir='ltr'><strong><em>dilatasti</em></strong></span> <span class='ocrx_word' id='word_1_484' title='bbox 2747 1005 2877 1060; x_wconf 87' lang='lat' dir='ltr'><strong><em>mihi</em></strong></span> <span class='ocrx_word' id='word_1_485' title='bbox 2906 1023 2927 1064; x_wconf 87' lang='lat'><strong><em>:</em></strong></span> 
     </span>
    </p>
   </div>
   <div class='ocr_carea' id='block_1_91' title="bbox 1984 1075 2384 1148">
    <p class='ocr_par' dir='ltr' id='par_1_91' title="bbox 1984 1075 2384 1148">
     <span class='ocr_line' id='line_1_92' title="bbox 1984 1075 2384 1148; baseline 0 -16"><span class='ocrx_word' id='word_1_486' title='bbox 1984 1075 2236 1133; x_wconf 79' lang='lat' dir='ltr'><strong><em>Miserere</em></strong></span> <span class='ocrx_word' id='word_1_487' title='bbox 2265 1079 2384 1148; x_wconf 90' lang='lat' dir='ltr'><strong><em>mei,</em></strong></span> 
     </span>
    </p>
   </div>
   <div class='ocr_carea' id='block_1_92' title="bbox 2057 1150 2844 1208">
    <p class='ocr_par' dir='ltr' id='par_1_92' title="bbox 2057 1150 2844 1208">
     <span class='ocr_line' id='line_1_93' title="bbox 2057 1150 2844 1208; baseline 0.006 -5"><span class='ocrx_word' id='word_1_488' title='bbox 2057 1158 2104 1203; x_wconf 80' lang='lat' dir='ltr'><strong><em>et</em></strong></span> <span class='ocrx_word' id='word_1_489' title='bbox 2132 1150 2326 1205; x_wconf 81' lang='lat' dir='ltr'><strong><em>exaudi</em></strong></span> <span class='ocrx_word' id='word_1_490' title='bbox 2356 1151 2637 1207; x_wconf 81' lang='lat' dir='ltr'><strong><em>orationem</em></strong></span> <span class='ocrx_word' id='word_1_491' title='bbox 2659 1167 2844 1208; x_wconf 87' lang='lat' dir='ltr'><strong><em>meam.</em></strong></span> 
     </span>
    </p>
   </div>
   <div class='ocr_carea' id='block_1_93' title="bbox 1985 1220 3575 1306">
    <p class='ocr_par' dir='ltr' id='par_1_93' title="bbox 1985 1220 3575 1306">
     <span class='ocr_line' id='line_1_94' title="bbox 1985 1220 3575 1306; baseline 0.004 -28"><span class='ocrx_word' id='word_1_492' title='bbox 1985 1220 2118 1278; x_wconf 88' lang='lat' dir='ltr'><strong><em>Filii</em></strong></span> <span class='ocrx_word' id='word_1_493' title='bbox 2143 1224 2238 1306; x_wconf 78' lang='lat' dir='ltr'><strong><em>viri</em></strong></span> <span class='ocrx_word' id='word_1_494' title='bbox 2265 1239 2525 1296; x_wconf 86' lang='lat' dir='ltr'><strong><em>usquequo</em></strong></span> <span class='ocrx_word' id='word_1_495' title='bbox 2545 1225 2726 1296; x_wconf 82' lang='lat' dir='ltr'><strong><em>inclyti</em></strong></span> <span class='ocrx_word' id='word_1_496' title='bbox 2756 1227 2855 1281; x_wconf 89' lang='lat' dir='ltr'><strong><em>mei</em></strong></span> <span class='ocrx_word' id='word_1_497' title='bbox 2883 1224 2960 1298; x_wconf 91' lang='lat' dir='ltr'><strong><em>[h.</em></strong></span> <span class='ocrx_word' id='word_1_498' title='bbox 2989 1225 3160 1299; x_wconf 86' lang='lat' dir='ltr'><strong><em>gloria</em></strong></span> <span class='ocrx_word' id='word_1_499' title='bbox 3185 1225 3318 1302; x_wconf 88' lang='lat' dir='ltr'><strong><em>mea]</em></strong></span> <span class='ocrx_word' id='word_1_500' title='bbox 3349 1227 3575 1302; x_wconf 85' lang='lat' dir='ltr'><strong><em>ignomi-</em></strong></span> 
     </span>
    </p>
   </div>
   <div class='ocr_carea' id='block_1_94' title="bbox 2127 1310 2275 1350">
    <p class='ocr_par' dir='ltr' id='par_1_94' title="bbox 2127 1310 2275 1350">
     <span class='ocr_line' id='line_1_95' title="bbox 2127 1310 2275 1350; baseline 0.007 -1"><span class='ocrx_word' id='word_1_501' title='bbox 2127 1310 2275 1350; x_wconf 71' lang='grc'><strong><em>111088</em></strong></span> 
     </span>
    </p>
   </div>
   <div class='ocr_carea' id='block_1_95' title="bbox 2059 1367 3538 1439">
    <p class='ocr_par' dir='ltr' id='par_1_95' title="bbox 2059 1367 3538 1439">
     <span class='ocr_line' id='line_1_96' title="bbox 2059 1367 3538 1439; baseline 0.003 -18"><span class='ocrx_word' id='word_1_502' title='bbox 2059 1367 2277 1439; x_wconf 84' lang='lat' dir='ltr'><strong><em>diligitis</em></strong></span> <span class='ocrx_word' id='word_1_503' title='bbox 2303 1368 2574 1422; x_wconf 88' lang='lat' dir='ltr'><strong><em>vanitatem</em></strong></span> <span class='ocrx_word' id='word_1_504' title='bbox 2604 1377 2886 1437; x_wconf 78' lang='lat' dir='ltr'><strong><em>quterentes</em></strong></span> <span class='ocrx_word' id='word_1_505' title='bbox 2923 1371 3268 1426; x_wconf 87' lang='lat' dir='ltr'><strong><em>mendacium.</em></strong></span> <span class='ocrx_word' id='word_1_506' title='bbox 3301 1369 3538 1428; x_wconf 69' lang='lat' dir='ltr'><strong><em>Semen.</em></strong></span> 
     </span>
    </p>
   </div>
   <div class='ocr_carea' id='block_1_96' title="bbox 1987 1438 3578 1517">
    <p class='ocr_par' dir='ltr' id='par_1_96' title="bbox 1987 1438 3578 1517">
     <span class='ocr_line' id='line_1_97' title="bbox 1987 1438 3578 1517; baseline 0.003 -22"><span class='ocrx_word' id='word_1_507' title='bbox 1987 1438 2058 1495; x_wconf 84' lang='lat' dir='ltr'><strong><em>Et</em></strong></span> <span class='ocrx_word' id='word_1_508' title='bbox 2086 1438 2376 1517; x_wconf 76' lang='lat' dir='ltr'><strong><em>cognoscite</em></strong></span> <span class='ocrx_word' id='word_1_509' title='bbox 2400 1441 2645 1511; x_wconf 88' lang='lat' dir='ltr'><strong><em>quoniam</em></strong></span> <span class='ocrx_word' id='word_1_510' title='bbox 2671 1441 2961 1517; x_wconf 73' lang='lat' dir='ltr'><strong><em>mirabilem</em></strong></span> <span class='ocrx_word' id='word_1_511' title='bbox 2988 1443 3215 1517; x_wconf 67' lang='lat' dir='ltr'><strong><em>reddidit</em></strong></span> <span class='ocrx_word' id='word_1_512' title='bbox 3238 1443 3351 1514; x_wconf 82' lang='grc' dir='ltr'><strong><em>[ΑΙ.</em></strong></span> <span class='ocrx_word' id='word_1_513' title='bbox 3379 1445 3578 1517; x_wconf 85' lang='lat' dir='ltr'><strong><em>reddet]</em></strong></span> 
     </span>
    </p>
   </div>
   <div class='ocr_carea' id='block_1_97' title="bbox 2129 1511 3381 1586">
    <p class='ocr_par' dir='ltr' id='par_1_97' title="bbox 2129 1511 3381 1586">
     <span class='ocr_line' id='line_1_98' title="bbox 2129 1511 3381 1586; baseline 0.003 -21"><span class='ocrx_word' id='word_1_514' title='bbox 2129 1513 2386 1586; x_wconf 85' lang='lat' dir='ltr'><strong><em>Dominus</em></strong></span> <span class='ocrx_word' id='word_1_515' title='bbox 2409 1521 2642 1586; x_wconf 85' lang='lat' dir='ltr'><strong><em>sanctum</em></strong></span> <span class='ocrx_word' id='word_1_516' title='bbox 2671 1511 2746 1584; x_wconf 87' lang='lat' dir='ltr'><strong><em>[h.</em></strong></span> <span class='ocrx_word' id='word_1_517' title='bbox 2781 1514 3185 1586; x_wconf 83' lang='lat' dir='ltr'><strong><em>misericordem]</em></strong></span> <span class='ocrx_word' id='word_1_518' title='bbox 3207 1511 3381 1584; x_wconf 85' lang='lat' dir='ltr'><strong><em>suum,</em></strong></span> 
     </span>
    </p>
   </div>
   <div class='ocr_carea' id='block_1_98' title="bbox 2061 1583 3305 1642">
    <p class='ocr_par' dir='ltr' id='par_1_98' title="bbox 2061 1583 3305 1642">
     <span class='ocr_line' id='line_1_99' title="bbox 2061 1583 3305 1642; baseline 0.004 -5"><span class='ocrx_word' id='word_1_519' title='bbox 2061 1583 2315 1638; x_wconf 87' lang='lat' dir='ltr'><strong><em>Dominus</em></strong></span> <span class='ocrx_word' id='word_1_520' title='bbox 2341 1583 2586 1638; x_wconf 87' lang='lat' dir='ltr'><strong><em>exaudiet</em></strong></span> <span class='ocrx_word' id='word_1_521' title='bbox 2614 1583 2730 1637; x_wconf 80' lang='lat' dir='ltr'><strong><em>cum</em></strong></span> <span class='ocrx_word' id='word_1_522' title='bbox 2761 1584 3053 1640; x_wconf 87' lang='lat' dir='ltr'><strong><em>clamavero</em></strong></span> <span class='ocrx_word' id='word_1_523' title='bbox 3079 1587 3148 1640; x_wconf 86' lang='lat' dir='ltr'><strong><em>ad</em></strong></span> <span class='ocrx_word' id='word_1_524' title='bbox 3167 1583 3305 1642; x_wconf 79' lang='lat' dir='ltr'><strong><em>eum.</em></strong></span> 
     </span>
    </p>
   </div>
   <div class='ocr_carea' id='block_1_99' title="bbox 1989 1654 2815 1726">
    <p class='ocr_par' dir='ltr' id='par_1_99' title="bbox 1989 1654 2815 1726">
     <span class='ocr_line' id='line_1_100' title="bbox 1989 1654 2815 1726; baseline 0.001 -16"><span class='ocrx_word' id='word_1_525' title='bbox 1989 1654 2293 1711; x_wconf 88' lang='lat' dir='ltr'><strong><em>Irascimini</em></strong></span> <span class='ocrx_word' id='word_1_526' title='bbox 2321 1666 2368 1709; x_wconf 91' lang='lat' dir='ltr'><strong><em>et</em></strong></span> <span class='ocrx_word' id='word_1_527' title='bbox 2399 1656 2560 1710; x_wconf 88' lang='lat' dir='ltr'><strong><em>nolite</em></strong></span> <span class='ocrx_word' id='word_1_528' title='bbox 2583 1672 2815 1726; x_wconf 86' lang='lat' dir='ltr'><strong><em>peccare,</em></strong></span> 
     </span>
    </p>
   </div>
   <div class='ocr_carea' id='block_1_100' title="bbox 2062 1727 3482 1801">
    <p class='ocr_par' dir='ltr' id='par_1_100' title="bbox 2062 1727 3482 1801">
     <span class='ocr_line' id='line_1_101' title="bbox 2062 1727 3482 1801; baseline 0.003 -19"><span class='ocrx_word' id='word_1_529' title='bbox 2062 1727 2415 1801; x_wconf 68' lang='lat' dir='ltr'><strong><em>loquiminijn</em></strong></span> <span class='ocrx_word' id='word_1_530' title='bbox 2433 1728 2678 1801; x_wconf 79' lang='lat' dir='ltr'><strong><em>cordibus</em></strong></span> <span class='ocrx_word' id='word_1_531' title='bbox 2701 1729 2882 1784; x_wconf 84' lang='lat' dir='ltr'><strong><em>vestris</em></strong></span> <span class='ocrx_word' id='word_1_532' title='bbox 2904 1745 3061 1801; x_wconf 85' lang='lat' dir='ltr'><strong><em>super</em></strong></span> <span class='ocrx_word' id='word_1_533' title='bbox 3084 1729 3276 1786; x_wconf 88' lang='lat' dir='ltr'><strong><em>cubilia</em></strong></span> <span class='ocrx_word' id='word_1_534' title='bbox 3297 1739 3482 1801; x_wconf 83' lang='lat' dir='ltr'><strong><em>vestra,</em></strong></span> 
     </span>
    </p>
   </div>
   <div class='ocr_carea' id='block_1_101' title="bbox 2063 1795 2574 1854">
    <p class='ocr_par' dir='ltr' id='par_1_101' title="bbox 2063 1795 2574 1854">
     <span class='ocr_line' id='line_1_102' title="bbox 2063 1795 2574 1854; baseline 0.002 -1"><span class='ocrx_word' id='word_1_535' title='bbox 2063 1807 2111 1853; x_wconf 90' lang='lat' dir='ltr'><strong><em>et</em></strong></span> <span class='ocrx_word' id='word_1_536' title='bbox 2130 1795 2317 1853; x_wconf 82' lang='lat' dir='ltr'><strong><em>tacete.</em></strong></span> <span class='ocrx_word' id='word_1_537' title='bbox 2339 1795 2574 1854; x_wconf 64' lang='lat' dir='ltr'><strong><em>Scripsit.</em></strong></span> 
     </span>
    </p>
   </div>
   <div class='ocr_carea' id='block_1_102' title="bbox 1917 1841 2907 1944">
    <p class='ocr_par' dir='ltr' id='par_1_102' title="bbox 1917 1841 2907 1944">
     <span class='ocr_line' id='line_1_103' title="bbox 1917 1841 2907 1944; baseline 0.002 -18"><span class='ocrx_word' id='word_1_538' title='bbox 1917 1841 1968 1904; x_wconf 75' lang='grc' dir='ltr'>Β</span> <span class='ocrx_word' id='word_1_539' title='bbox 1997 1870 2303 1944; x_wconf 83' lang='lat' dir='ltr'><strong><em>Sacriﬁcate</em></strong></span> <span class='ocrx_word' id='word_1_540' title='bbox 2318 1873 2649 1944; x_wconf 72' lang='lat' dir='ltr'><strong><em>sacriﬁcium</em></strong></span> <span class='ocrx_word' id='word_1_541' title='bbox 2661 1873 2907 1944; x_wconf 62' lang='lat' dir='ltr'><strong><em>justitias,</em></strong></span> 
     </span>
    </p>
   </div>
   <div class='ocr_carea' id='block_1_103' title="bbox 2067 1941 2637 2012">
    <p class='ocr_par' dir='ltr' id='par_1_103' title="bbox 2067 1941 2637 2012">
     <span class='ocr_line' id='line_1_104' title="bbox 2067 1941 2637 2012; baseline 0.005 -16"><span class='ocrx_word' id='word_1_542' title='bbox 2067 1950 2115 1996; x_wconf 87' lang='lat' dir='ltr'><strong><em>et</em></strong></span> <span class='ocrx_word' id='word_1_543' title='bbox 2135 1943 2280 2012; x_wconf 82' lang='lat' dir='ltr'><strong><em>fidite</em></strong></span> <span class='ocrx_word' id='word_1_544' title='bbox 2308 1942 2363 1996; x_wconf 88' lang='lat' dir='ltr'><strong><em>in</em></strong></span> <span class='ocrx_word' id='word_1_545' title='bbox 2388 1941 2637 1999; x_wconf 90' lang='lat' dir='ltr'><strong><em>Domino.</em></strong></span> 
     </span>
    </p>
   </div>
   <div class='ocr_carea' id='block_1_104' title="bbox 1998 2013 3230 2081">
    <p class='ocr_par' dir='ltr' id='par_1_104' title="bbox 1998 2013 3230 2081">
     <span class='ocr_line' id='line_1_105' title="bbox 1998 2013 3230 2081; baseline 0.002 -10"><span class='ocrx_word' id='word_1_546' title='bbox 1998 2013 2156 2071; x_wconf 83' lang='lat' dir='ltr'><strong><em>Multi</em></strong></span> <span class='ocrx_word' id='word_1_547' title='bbox 2185 2015 2385 2080; x_wconf 88' lang='lat' dir='ltr'><strong><em>dicunt,</em></strong></span> <span class='ocrx_word' id='word_1_548' title='bbox 2411 2013 2540 2081; x_wconf 83' lang='lat' dir='ltr'><strong><em>Quis</em></strong></span> <span class='ocrx_word' id='word_1_549' title='bbox 2571 2014 2795 2070; x_wconf 89' lang='lat' dir='ltr'><strong><em>ostendit</em></strong></span> <span class='ocrx_word' id='word_1_550' title='bbox 2824 2016 2970 2071; x_wconf 90' lang='lat' dir='ltr'><strong><em>nobis</em></strong></span> <span class='ocrx_word' id='word_1_551' title='bbox 3001 2017 3230 2073; x_wconf 86' lang='lat' dir='ltr'><strong><em>bonum?</em></strong></span> 
     </span>
    </p>
   </div>
   <div class='ocr_carea' id='block_1_105' title="bbox 2068 2086 3261 2156">
    <p class='ocr_par' dir='ltr' id='par_1_105' title="bbox 2068 2086 3261 2156">
     <span class='ocr_line' id='line_1_106' title="bbox 2068 2086 3261 2156; baseline 0.008 -16"><span class='ocrx_word' id='word_1_552' title='bbox 2068 2086 2180 2141; x_wconf 89' lang='lat' dir='ltr'><strong><em>leva</em></strong></span> <span class='ocrx_word' id='word_1_553' title='bbox 2208 2101 2362 2156; x_wconf 86' lang='lat' dir='ltr'><strong><em>super</em></strong></span> <span class='ocrx_word' id='word_1_554' title='bbox 2384 2103 2477 2140; x_wconf 89' lang='lat' dir='ltr'><strong><em>nos</em></strong></span> <span class='ocrx_word' id='word_1_555' title='bbox 2499 2087 2664 2142; x_wconf 89' lang='lat' dir='ltr'><strong><em>lucem</em></strong></span> <span class='ocrx_word' id='word_1_556' title='bbox 2688 2087 2859 2142; x_wconf 86' lang='lat' dir='ltr'><strong><em>vultus</em></strong></span> <span class='ocrx_word' id='word_1_557' title='bbox 2890 2090 2988 2156; x_wconf 86' lang='lat' dir='ltr'><strong><em>tui,</em></strong></span> <span class='ocrx_word' id='word_1_558' title='bbox 3020 2089 3261 2149; x_wconf 86' lang='lat' dir='ltr'><strong><em>Domine.</em></strong></span> 
     </span>
    </p>
   </div>
   <div class='ocr_carea' id='block_1_106' title="bbox 1995 2158 2883 2225">
    <p class='ocr_par' dir='ltr' id='par_1_106' title="bbox 1995 2158 2883 2225">
     <span class='ocr_line' id='line_1_107' title="bbox 1995 2158 2883 2225; baseline -0.001 -10"><span class='ocrx_word' id='word_1_559' title='bbox 1995 2158 2202 2215; x_wconf 85' lang='lat' dir='ltr'><strong><em>Dedisti</em></strong></span> <span class='ocrx_word' id='word_1_560' title='bbox 2234 2159 2471 2213; x_wconf 63' lang='lat' dir='ltr'><strong><em>laetitiam</em></strong></span> <span class='ocrx_word' id='word_1_561' title='bbox 2500 2159 2552 2213; x_wconf 90' lang='lat' dir='ltr'><strong><em>in</em></strong></span> <span class='ocrx_word' id='word_1_562' title='bbox 2579 2159 2733 2213; x_wconf 88' lang='lat' dir='ltr'><strong><em>corde</em></strong></span> <span class='ocrx_word' id='word_1_563' title='bbox 2753 2175 2883 2225; x_wconf 90' lang='lat' dir='ltr'><strong><em>meo,</em></strong></span> 
     </span>
    </p>
   </div>
   <div class='ocr_carea' id='block_1_107' title="bbox 2073 2231 3597 2311">
    <p class='ocr_par' dir='ltr' id='par_1_107' title="bbox 2073 2231 3597 2311">
     <span class='ocr_line' id='line_1_108' title="bbox 2073 2231 3597 2311; baseline 0.009 -29"><span class='ocrx_word' id='word_1_564' title='bbox 2073 2231 2087 2282; x_wconf 89' lang='lat' dir='ltr'><strong><em>i</em></strong></span> <span class='ocrx_word' id='word_1_565' title='bbox 2120 2247 2151 2285; x_wconf 90' lang='lat' dir='ltr'><strong><em>a</em></strong></span> <span class='ocrx_word' id='word_1_566' title='bbox 2174 2240 2401 2300; x_wconf 86' lang='lat' dir='ltr'><strong><em>tempore</em></strong></span> <span class='ocrx_word' id='word_1_567' title='bbox 2435 2235 2751 2302; x_wconf 84' lang='lat' dir='ltr'><strong><em>frumentum</em></strong></span> <span class='ocrx_word' id='word_1_568' title='bbox 2776 2240 2822 2285; x_wconf 90' lang='lat' dir='ltr'><strong><em>et</em></strong></span> <span class='ocrx_word' id='word_1_569' title='bbox 2846 2232 3019 2287; x_wconf 81' lang='lat' dir='ltr'><strong><em>vinum</em></strong></span> <span class='ocrx_word' id='word_1_570' title='bbox 3042 2251 3224 2290; x_wconf 86' lang='lat' dir='ltr'><strong><em>eorum</em></strong></span> <span class='ocrx_word' id='word_1_571' title='bbox 3253 2236 3597 2311; x_wconf 85' lang='lat' dir='ltr'><strong><em>multiplicata</em></strong></span> 
     </span>
    </p>
   </div>
   <div class='ocr_carea' id='block_1_108' title="bbox 2140 2312 2300 2369">
    <p class='ocr_par' dir='ltr' id='par_1_108' title="bbox 2140 2312 2300 2369">
     <span class='ocr_line' id='line_1_109' title="bbox 2140 2312 2300 2369; baseline -0.013 -11"><span class='ocrx_word' id='word_1_572' title='bbox 2140 2312 2261 2358; x_wconf 87' lang='lat' dir='ltr'><strong><em>sunt</em></strong></span> <span class='ocrx_word' id='word_1_573' title='bbox 2280 2320 2300 2369; x_wconf 87' lang='lat'><strong><em>;</em></strong></span> 
     </span>
    </p>
   </div>
   <div class='ocr_carea' id='block_1_109' title="bbox 1998 2375 3130 2448">
    <p class='ocr_par' dir='ltr' id='par_1_109' title="bbox 1998 2375 3130 2448">
     <span class='ocr_line' id='line_1_110' title="bbox 1998 2375 3130 2448; baseline -0.001 -15"><span class='ocrx_word' id='word_1_574' title='bbox 1998 2377 2068 2433; x_wconf 89' lang='lat' dir='ltr'><strong><em>In</em></strong></span> <span class='ocrx_word' id='word_1_575' title='bbox 2096 2391 2222 2448; x_wconf 92' lang='lat' dir='ltr'><strong><em>pace</em></strong></span> <span class='ocrx_word' id='word_1_576' title='bbox 2248 2375 2404 2448; x_wconf 77' lang='lat' dir='ltr'><strong><em>simul</em></strong></span> <span class='ocrx_word' id='word_1_577' title='bbox 2426 2375 2744 2446; x_wconf 89' lang='lat' dir='ltr'><strong><em>requiescam</em></strong></span> <span class='ocrx_word' id='word_1_578' title='bbox 2773 2385 2826 2448; x_wconf 90' lang='lat' dir='ltr'><strong><em>et</em></strong></span> <span class='ocrx_word' id='word_1_579' title='bbox 2852 2376 3130 2447; x_wconf 87' lang='lat' dir='ltr'><strong><em>dormiam,</em></strong></span> 
     </span>
    </p>
   </div>
   <div class='ocr_carea' id='block_1_110' title="bbox 2070 2446 3600 2528">
    <p class='ocr_par' dir='ltr' id='par_1_110' title="bbox 2070 2446 3600 2528">
     <span class='ocr_line' id='line_1_111' title="bbox 2070 2446 3600 2528; baseline 0.005 -26"><span class='ocrx_word' id='word_1_580' title='bbox 2070 2446 2193 2520; x_wconf 83' lang='lat' dir='ltr'><strong><em>quia</em></strong></span> <span class='ocrx_word' id='word_1_581' title='bbox 2222 2457 2297 2528; x_wconf 76' lang='lat' dir='ltr'><strong><em>tu,</em></strong></span> <span class='ocrx_word' id='word_1_582' title='bbox 2351 2446 2590 2518; x_wconf 88' lang='lat' dir='ltr'><strong><em>Domine,</em></strong></span> <span class='ocrx_word' id='word_1_583' title='bbox 2633 2447 2925 2518; x_wconf 88' lang='lat' dir='ltr'><strong><em>specialiter</em></strong></span> <span class='ocrx_word' id='word_1_584' title='bbox 2969 2446 3207 2508; x_wconf 86' lang='lat' dir='ltr'><strong><em>securum</em></strong></span> <span class='ocrx_word' id='word_1_585' title='bbox 3243 2453 3475 2510; x_wconf 89' lang='lat' dir='ltr'><strong><em>habitare</em></strong></span> <span class='ocrx_word' id='word_1_586' title='bbox 3517 2458 3600 2528; x_wconf 87' lang='lat' dir='ltr'><strong><em>fe-</em></strong></span> 
     </span>
    </p>
   </div>
   <div class='ocr_carea' id='block_1_111' title="bbox 2143 2520 2388 2575">
    <p class='ocr_par' dir='ltr' id='par_1_111' title="bbox 2143 2520 2388 2575">
     <span class='ocr_line' id='line_1_112' title="bbox 2143 2520 2388 2575; baseline 0 -1"><span class='ocrx_word' id='word_1_587' title='bbox 2143 2520 2260 2575; x_wconf 90' lang='lat' dir='ltr'><strong><em>cisti</em></strong></span> <span class='ocrx_word' id='word_1_588' title='bbox 2288 2536 2388 2574; x_wconf 90' lang='lat' dir='ltr'><strong><em>me.</em></strong></span> 
     </span>
    </p>
   </div>
   <div class='ocr_carea' id='block_1_112' title="bbox 2003 2589 3601 2670">
    <p class='ocr_par' dir='ltr' id='par_1_112' title="bbox 2003 2589 3601 2670">
     <span class='ocr_line' id='line_1_113' title="bbox 2003 2589 3601 2670; baseline 0.001 -19"><span class='ocrx_word' id='word_1_589' title='bbox 2003 2607 2227 2651; x_wconf 76' lang='grc' dir='ltr'>νιοτοιιι</span> <span class='ocrx_word' id='word_1_590' title='bbox 2261 2589 2288 2630; x_wconf 72' lang='grc' dir='ltr'>ιε</span> <span class='ocrx_word' id='word_1_591' title='bbox 2315 2607 2486 2648; x_wconf 69' lang='lat' dir='ltr'><strong><em>somn</em></strong></span> <span class='ocrx_word' id='word_1_592' title='bbox 2528 2606 2967 2670; x_wconf 65' lang='lat' dir='ltr'><strong><em>[LEREDIPATIBUS</em></strong></span> <span class='ocrx_word' id='word_1_593' title='bbox 3005 2607 3272 2652; x_wconf 68' lang='lat' dir='ltr'><strong><em>omnem:</em></strong></span> <span class='ocrx_word' id='word_1_594' title='bbox 3320 2597 3404 2670; x_wconf 87' lang='lat' dir='ltr'><strong><em>[h.</em></strong></span> <span class='ocrx_word' id='word_1_595' title='bbox 3439 2597 3601 2654; x_wconf 84' lang='lat' dir='ltr'><strong><em>Psal-</em></strong></span> 
     </span>
    </p>
   </div>
   <div class='ocr_carea' id='block_1_113' title="bbox 2618 2664 2975 2736">
    <p class='ocr_par' dir='ltr' id='par_1_113' title="bbox 2618 2664 2975 2736">
     <span class='ocr_line' id='line_1_114' title="bbox 2618 2664 2975 2736; baseline 0 -18"><span class='ocrx_word' id='word_1_596' title='bbox 2618 2664 2765 2736; x_wconf 88' lang='lat' dir='ltr'><strong><em>mus]</em></strong></span> <span class='ocrx_word' id='word_1_597' title='bbox 2797 2680 2975 2720; x_wconf 69' lang='lat' dir='ltr'><strong><em>num.</em></strong></span> 
     </span>
    </p>
   </div>
   <div class='ocr_carea' id='block_1_114' title="bbox 2005 2733 3288 2814">
    <p class='ocr_par' dir='ltr' id='par_1_114' title="bbox 2005 2733 3288 2814">
     <span class='ocr_line' id='line_1_115' title="bbox 2005 2733 3288 2814; baseline -0.001 -19"><span class='ocrx_word' id='word_1_598' title='bbox 2005 2737 2126 2814; x_wconf 86' lang='lat' dir='ltr'><strong><em>[V.]</em></strong></span> <span class='ocrx_word' id='word_1_599' title='bbox 2162 2737 2332 2814; x_wconf 74' lang='lat' dir='ltr'><strong><em>Verba</em></strong></span> <span class='ocrx_word' id='word_1_600' title='bbox 2359 2752 2474 2791; x_wconf 91' lang='lat' dir='ltr'><strong><em>mea</em></strong></span> <span class='ocrx_word' id='word_1_601' title='bbox 2500 2733 2519 2773; x_wconf 79' lang='grc' dir='ltr'><strong><em>ι</em></strong></span> <span class='ocrx_word' id='word_1_602' title='bbox 2545 2733 2764 2791; x_wconf 77' lang='lat' dir='ltr'><strong><em>auribus</em></strong></span> <span class='ocrx_word' id='word_1_603' title='bbox 2785 2739 3024 2814; x_wconf 61' lang='lat' dir='ltr'><strong><em>percipe,</em></strong></span> <span class='ocrx_word' id='word_1_604' title='bbox 3042 2736 3288 2814; x_wconf 86' lang='lat' dir='ltr'><strong><em>Domine,</em></strong></span> 
     </span>
    </p>
   </div>
   <div class='ocr_carea' id='block_1_115' title="bbox 2075 2808 3503 2885">
    <p class='ocr_par' dir='ltr' id='par_1_115' title="bbox 2075 2808 3503 2885">
     <span class='ocr_line' id='line_1_116' title="bbox 2075 2808 3503 2885; baseline 0.001 -19"><span class='ocrx_word' id='word_1_605' title='bbox 2075 2808 2306 2881; x_wconf 80' lang='lat' dir='ltr'><strong><em>intellige</em></strong></span> <span class='ocrx_word' id='word_1_606' title='bbox 2319 2824 2562 2885; x_wconf 86' lang='lat' dir='ltr'><strong><em>murmur</em></strong></span> <span class='ocrx_word' id='word_1_607' title='bbox 2584 2825 2754 2885; x_wconf 79' lang='lat' dir='ltr'><strong><em>meum</em></strong></span> <span class='ocrx_word' id='word_1_608' title='bbox 2785 2808 2860 2885; x_wconf 81' lang='lat' dir='ltr'><strong><em>[h.</em></strong></span> <span class='ocrx_word' id='word_1_609' title='bbox 2887 2810 3273 2885; x_wconf 85' lang='lat' dir='ltr'><strong><em>meditationem</em></strong></span> <span class='ocrx_word' id='word_1_610' title='bbox 3297 2812 3503 2885; x_wconf 90' lang='lat' dir='ltr'><strong><em>meam].</em></strong></span> 
     </span>
    </p>
   </div>
   <div class='ocr_carea' id='block_1_116' title="bbox 2007 2879 2992 2940">
    <p class='ocr_par' dir='ltr' id='par_1_116' title="bbox 2007 2879 2992 2940">
     <span class='ocr_line' id='line_1_117' title="bbox 2007 2879 2992 2940; baseline -0.006 0"><span class='ocrx_word' id='word_1_611' title='bbox 2007 2885 2226 2940; x_wconf 77' lang='lat' dir='ltr'><strong><em>Aduerte</em></strong></span> <span class='ocrx_word' id='word_1_612' title='bbox 2249 2879 2326 2936; x_wconf 82' lang='lat' dir='ltr'><strong><em>ad</em></strong></span> <span class='ocrx_word' id='word_1_613' title='bbox 2354 2891 2394 2919; x_wconf 77' lang='grc' dir='ltr'>σι</span> <span class='ocrx_word' id='word_1_614' title='bbox 2419 2896 2590 2935; x_wconf 88' lang='lat' dir='ltr'><strong><em>vocem</em></strong></span> <span class='ocrx_word' id='word_1_615' title='bbox 2619 2879 2862 2936; x_wconf 72' lang='lat' dir='ltr'><strong><em>clamoris</em></strong></span> <span class='ocrx_word' id='word_1_616' title='bbox 2890 2881 2992 2935; x_wconf 88' lang='lat' dir='ltr'><strong><em>mei</em></strong></span> 
     </span>
    </p>
   </div>
   <div class='ocr_carea' id='block_1_117' title="bbox 2078 2951 2768 3023">
    <p class='ocr_par' dir='ltr' id='par_1_117' title="bbox 2078 2951 2768 3023">
     <span class='ocr_line' id='line_1_118' title="bbox 2078 2951 2768 3023; baseline -0.006 -13"><span class='ocrx_word' id='word_1_617' title='bbox 2078 2972 2173 3010; x_wconf 90' lang='lat' dir='ltr'><strong><em>rex</em></strong></span> <span class='ocrx_word' id='word_1_618' title='bbox 2191 2971 2332 3010; x_wconf 92' lang='lat' dir='ltr'><strong><em>meus</em></strong></span> <span class='ocrx_word' id='word_1_619' title='bbox 2362 2962 2412 3007; x_wconf 91' lang='lat' dir='ltr'><strong><em>et</em></strong></span> <span class='ocrx_word' id='word_1_620' title='bbox 2433 2951 2574 3006; x_wconf 84' lang='lat' dir='ltr'><strong><em>Deus</em></strong></span> <span class='ocrx_word' id='word_1_621' title='bbox 2603 2968 2768 3023; x_wconf 87' lang='lat' dir='ltr'><strong><em>meus,</em></strong></span> 
     </span>
    </p>
   </div>
   <div class='ocr_carea' id='block_1_118' title="bbox 2081 3026 2569 3099">
    <p class='ocr_par' dir='ltr' id='par_1_118' title="bbox 2081 3026 2569 3099">
     <span class='ocr_line' id='line_1_119' title="bbox 2081 3026 2569 3099; baseline -0.008 -18"><span class='ocrx_word' id='word_1_622' title='bbox 2081 3027 2204 3099; x_wconf 90' lang='lat' dir='ltr'><strong><em>quia</em></strong></span> <span class='ocrx_word' id='word_1_623' title='bbox 2232 3036 2279 3082; x_wconf 89' lang='lat' dir='ltr'><strong><em>te</em></strong></span> <span class='ocrx_word' id='word_1_624' title='bbox 2302 3026 2569 3099; x_wconf 68' lang='lat' dir='ltr'><strong><em>deprecor.</em></strong></span> 
     </span>
    </p>
   </div>
   <div class='ocr_carea' id='block_1_119' title="bbox 2012 3095 3062 3168">
    <p class='ocr_par' dir='ltr' id='par_1_119' title="bbox 2012 3095 3062 3168">
     <span class='ocr_line' id='line_1_120' title="bbox 2012 3095 3062 3168; baseline -0.005 -14"><span class='ocrx_word' id='word_1_625' title='bbox 2012 3095 2258 3168; x_wconf 82' lang='lat' dir='ltr'><strong><em>Domine,</em></strong></span> <span class='ocrx_word' id='word_1_626' title='bbox 2291 3095 2441 3152; x_wconf 82' lang='lat' dir='ltr'><strong><em>mane</em></strong></span> <span class='ocrx_word' id='word_1_627' title='bbox 2463 3095 2645 3168; x_wconf 83' lang='lat' dir='ltr'><strong><em>audies</em></strong></span> <span class='ocrx_word' id='word_1_628' title='bbox 2675 3111 2844 3151; x_wconf 83' lang='lat' dir='ltr'><strong><em>vocem</em></strong></span> <span class='ocrx_word' id='word_1_629' title='bbox 2874 3112 3062 3164; x_wconf 89' lang='lat' dir='ltr'><strong><em>meam,</em></strong></span> 
     </span>
    </p>
   </div>
   <div class='ocr_carea' id='block_1_120' title="bbox 2085 3167 3342 3243">
    <p class='ocr_par' dir='ltr' id='par_1_120' title="bbox 2085 3167 3342 3243">
     <span class='ocr_line' id='line_1_121' title="bbox 2085 3167 3342 3243; baseline 0.001 -18"><span class='ocrx_word' id='word_1_630' title='bbox 2085 3167 2586 3243; x_wconf 31' lang='lat' dir='ltr'><strong><em>mane&#39;prazpnrabor</em></strong></span> <span class='ocrx_word' id='word_1_631' title='bbox 2607 3168 2678 3243; x_wconf 81' lang='lat' dir='ltr'><strong><em>ad</em></strong></span> <span class='ocrx_word' id='word_1_632' title='bbox 2705 3177 2772 3234; x_wconf 89' lang='lat' dir='ltr'><strong><em>te,</em></strong></span> <span class='ocrx_word' id='word_1_633' title='bbox 2799 3169 3264 3243; x_wconf 5' lang='lat' dir='ltr'><strong><em>etqcontemplabor</em></strong></span> <span class='ocrx_word' id='word_1_634' title='bbox 3293 3179 3342 3226; x_wconf 79' lang='grc' dir='ltr'>ιι.</span> 
     </span>
    </p>
   </div>
   <div class='ocr_carea' id='block_1_121' title="bbox 1933 3233 3604 3316">
    <p class='ocr_par' dir='ltr' id='par_1_121' title="bbox 1933 3233 3604 3316">
     <span class='ocr_line' id='line_1_122' title="bbox 1933 3233 3604 3316; baseline -0.001 -16"><span class='ocrx_word' id='word_1_635' title='bbox 1933 3233 1982 3300; x_wconf 86' lang='lat' dir='ltr'><strong><em>C</em></strong></span> <span class='ocrx_word' id='word_1_636' title='bbox 2014 3233 2274 3310; x_wconf 80' lang='lat' dir='ltr'><strong><em>Quoniam</em></strong></span> <span class='ocrx_word' id='word_1_637' title='bbox 2302 3233 2405 3296; x_wconf 59' lang='lat' dir='ltr'><strong><em>no&#39;n</em></strong></span> <span class='ocrx_word' id='word_1_638' title='bbox 2431 3239 2572 3295; x_wconf 88' lang='lat' dir='ltr'><strong><em>Deus</em></strong></span> <span class='ocrx_word' id='word_1_639' title='bbox 2596 3233 2767 3295; x_wconf 89' lang='lat' dir='ltr'><strong><em>volens</em></strong></span> <span class='ocrx_word' id='word_1_640' title='bbox 2791 3233 3117 3311; x_wconf 81' lang='lat' dir='ltr'><strong><em>iniquitatem</em></strong></span> <span class='ocrx_word' id='word_1_641' title='bbox 3159 3240 3233 3312; x_wconf 92' lang='lat' dir='ltr'><strong><em>[h.</em></strong></span> <span class='ocrx_word' id='word_1_642' title='bbox 3267 3243 3604 3316; x_wconf 83' lang='lat' dir='ltr'><strong><em>impietatem]</em></strong></span> 
     </span>
    </p>
   </div>
   <div class='ocr_carea' id='block_1_122' title="bbox 2156 3324 2235 3380">
    <p class='ocr_par' dir='ltr' id='par_1_122' title="bbox 2156 3324 2235 3380">
     <span class='ocr_line' id='line_1_123' title="bbox 2156 3324 2235 3380; baseline 0 -11"><span class='ocrx_word' id='word_1_643' title='bbox 2156 3324 2235 3380; x_wconf 91' lang='lat' dir='ltr'><strong><em>tu,</em></strong></span> 
     </span>
    </p>
   </div>
   <div class='ocr_carea' id='block_1_123' title="bbox 2082 3383 2998 3454">
    <p class='ocr_par' dir='ltr' id='par_1_123' title="bbox 2082 3383 2998 3454">
     <span class='ocr_line' id='line_1_124' title="bbox 2082 3383 2998 3454; baseline -0.004 -12"><span class='ocrx_word' id='word_1_644' title='bbox 2082 3404 2175 3443; x_wconf 89' lang='lat' dir='ltr'><strong><em>nec</em></strong></span> <span class='ocrx_word' id='word_1_645' title='bbox 2204 3386 2455 3442; x_wconf 88' lang='lat' dir='ltr'><strong><em>habitabit</em></strong></span> <span class='ocrx_word' id='word_1_646' title='bbox 2485 3385 2634 3451; x_wconf 80' lang='lat' dir='ltr'><strong><em>iuxta</em></strong></span> <span class='ocrx_word' id='word_1_647' title='bbox 2654 3391 2702 3439; x_wconf 86' lang='lat' dir='ltr'><strong><em>te</em></strong></span> <span class='ocrx_word' id='word_1_648' title='bbox 2721 3383 2998 3454; x_wconf 88' lang='lat' dir='ltr'><strong><em>ntalignus.</em></strong></span> 
     </span>
    </p>
   </div>
   <div class='ocr_carea' id='block_1_124' title="bbox 2012 3456 3496 3529">
    <p class='ocr_par' dir='ltr' id='par_1_124' title="bbox 2012 3456 3496 3529">
     <span class='ocr_line' id='line_1_125' title="bbox 2012 3456 3496 3529; baseline -0.001 -14"><span class='ocrx_word' id='word_1_649' title='bbox 2012 3457 2138 3516; x_wconf 89' lang='lat' dir='ltr'><strong><em>Non</em></strong></span> <span class='ocrx_word' id='word_1_650' title='bbox 2157 3461 2364 3514; x_wconf 85' lang='lat' dir='ltr'><strong><em>stabunt</em></strong></span> <span class='ocrx_word' id='word_1_651' title='bbox 2392 3457 2557 3529; x_wconf 86' lang='lat' dir='ltr'><strong><em>iniqui</em></strong></span> <span class='ocrx_word' id='word_1_652' title='bbox 2583 3458 2636 3509; x_wconf 90' lang='lat' dir='ltr'><strong><em>in</em></strong></span> <span class='ocrx_word' id='word_1_653' title='bbox 2665 3464 2941 3529; x_wconf 80' lang='lat' dir='ltr'><strong><em>conspectu</em></strong></span> <span class='ocrx_word' id='word_1_654' title='bbox 2970 3456 3239 3514; x_wconf 89' lang='lat' dir='ltr'><strong><em>oculorum</em></strong></span> <span class='ocrx_word' id='word_1_655' title='bbox 3268 3467 3496 3528; x_wconf 88' lang='lat' dir='ltr'><strong><em>tuorum,</em></strong></span> 
     </span>
    </p>
   </div>
   <div class='ocr_carea' id='block_1_125' title="bbox 2085 3525 3101 3602">
    <p class='ocr_par' dir='ltr' id='par_1_125' title="bbox 2085 3525 3101 3602">
     <span class='ocr_line' id='line_1_126' title="bbox 2085 3525 3101 3602; baseline -0.005 -15"><span class='ocrx_word' id='word_1_656' title='bbox 2085 3532 2242 3588; x_wconf 87' lang='lat' dir='ltr'><strong><em>odisti</em></strong></span> <span class='ocrx_word' id='word_1_657' title='bbox 2264 3546 2438 3586; x_wconf 87' lang='lat' dir='ltr'><strong><em>omnes</em></strong></span> <span class='ocrx_word' id='word_1_658' title='bbox 2467 3525 2737 3602; x_wconf 84' lang='lat' dir='ltr'><strong><em>operantes</em></strong></span> <span class='ocrx_word' id='word_1_659' title='bbox 2759 3525 3101 3602; x_wconf 83' lang='lat' dir='ltr'><strong><em>iniquitatem.</em></strong></span> 
     </span>
    </p>
   </div>
   <div class='ocr_carea' id='block_1_126' title="bbox 2013 3599 2891 3676">
    <p class='ocr_par' dir='ltr' id='par_1_126' title="bbox 2013 3599 2891 3676">
     <span class='ocr_line' id='line_1_127' title="bbox 2013 3599 2891 3676; baseline -0.009 -16"><span class='ocrx_word' id='word_1_660' title='bbox 2013 3603 2216 3660; x_wconf 88' lang='lat' dir='ltr'><strong><em>Perdes</em></strong></span> <span class='ocrx_word' id='word_1_661' title='bbox 2243 3599 2511 3676; x_wconf 80' lang='lat' dir='ltr'><strong><em>loquentes</em></strong></span> <span class='ocrx_word' id='word_1_662' title='bbox 2545 3599 2891 3676; x_wconf 82' lang='lat' dir='ltr'><strong><em>mendacium,</em></strong></span> 
     </span>
    </p>
   </div>
   <div class='ocr_carea' id='block_1_127' title="bbox 2085 3672 2924 3746">
    <p class='ocr_par' dir='ltr' id='par_1_127' title="bbox 2085 3672 2924 3746">
     <span class='ocr_line' id='line_1_128' title="bbox 2085 3672 2924 3746; baseline -0.007 -15"><span class='ocrx_word' id='word_1_663' title='bbox 2085 3677 2256 3731; x_wconf 82' lang='lat' dir='ltr'><strong><em>virum</em></strong></span> <span class='ocrx_word' id='word_1_664' title='bbox 2275 3672 2588 3746; x_wconf 70' lang='lat' dir='ltr'><strong><em>sanguinum</em></strong></span> <span class='ocrx_word' id='word_1_665' title='bbox 2612 3680 2660 3746; x_wconf 82' lang='lat' dir='ltr'><strong><em>et</em></strong></span> <span class='ocrx_word' id='word_1_666' title='bbox 2690 3672 2924 3726; x_wconf 88' lang='lat' dir='ltr'><strong><em>dolosum</em></strong></span> 
     </span>
    </p>
   </div>
   <div class='ocr_carea' id='block_1_128' title="bbox 2086 3743 2775 3805">
    <p class='ocr_par' dir='ltr' id='par_1_128' title="bbox 2086 3743 2775 3805">
     <span class='ocr_line' id='line_1_129' title="bbox 2086 3743 2775 3805; baseline -0.013 0"><span class='ocrx_word' id='word_1_667' title='bbox 2086 3743 2466 3805; x_wconf 81' lang='lat' dir='ltr'><strong><em>abominabitur</em></strong></span> <span class='ocrx_word' id='word_1_668' title='bbox 2497 3743 2775 3798; x_wconf 84' lang='lat' dir='ltr'><strong><em>Dominus.</em></strong></span> 
     </span>
    </p>
   </div>
   <div class='ocr_carea' id='block_1_129' title="bbox 2013 3813 3292 3896">
    <p class='ocr_par' dir='ltr' id='par_1_129' title="bbox 2013 3813 3292 3896">
     <span class='ocr_line' id='line_1_130' title="bbox 2013 3813 3292 3896; baseline -0.003 -20"><span class='ocrx_word' id='word_1_669' title='bbox 2013 3820 2129 3896; x_wconf 89' lang='lat' dir='ltr'><strong><em>Ego</em></strong></span> <span class='ocrx_word' id='word_1_670' title='bbox 2159 3815 2768 3896; x_wconf 33' lang='lat' dir='ltr'><strong><em>autem&#39;in‘multitudi‘ne.</em></strong></span> <span class='ocrx_word' id='word_1_671' title='bbox 2787 3813 3156 3896; x_wconf 78' lang='lat' dir='ltr'><strong><em>misericordia:</em></strong></span> <span class='ocrx_word' id='word_1_672' title='bbox 3189 3823 3292 3872; x_wconf 74' lang='lat' dir='ltr'><strong><em>tua:</em></strong></span> 
     </span>
    </p>
   </div>
   <div class='ocr_carea' id='block_1_130' title="bbox 2085 3885 3140 3973">
    <p class='ocr_par' dir='ltr' id='par_1_130' title="bbox 2085 3885 3140 3973">
     <span class='ocr_line' id='line_1_131' title="bbox 2085 3885 3140 3973; baseline -0.011 -24"><span class='ocrx_word' id='word_1_673' title='bbox 2085 3885 2312 3973; x_wconf 80' lang='lat' dir='ltr'><strong><em>introibo</em></strong></span> <span class='ocrx_word' id='word_1_674' title='bbox 2341 3889 2452 3973; x_wconf 58' lang='lat' dir='ltr'><strong><em>[Ah</em></strong></span> <span class='ocrx_word' id='word_1_675' title='bbox 2482 3887 2606 3973; x_wconf 75' lang='lat' dir='ltr'><strong><em>add.</em></strong></span> <span class='ocrx_word' id='word_1_676' title='bbox 2630 3885 2707 3959; x_wconf 85' lang='lat' dir='ltr'><strong><em>in]</em></strong></span> <span class='ocrx_word' id='word_1_677' title='bbox 2735 3887 2944 3973; x_wconf 79' lang='lat' dir='ltr'><strong><em>domum</em></strong></span> <span class='ocrx_word' id='word_1_678' title='bbox 2975 3894 3140 3973; x_wconf 76' lang='lat' dir='ltr'><strong><em>tuam,</em></strong></span> 
     </span>
    </p>
   </div>
   <div class='ocr_carea' id='block_1_131' title="bbox 2084 3958 3368 4027">
    <p class='ocr_par' dir='ltr' id='par_1_131' title="bbox 2084 3958 3368 4027">
     <span class='ocr_line' id='line_1_132' title="bbox 2084 3958 3368 4027; baseline -0.006 -5"><span class='ocrx_word' id='word_1_679' title='bbox 2084 3964 2312 4022; x_wconf 90' lang='lat' dir='ltr'><strong><em>adorabo</em></strong></span> <span class='ocrx_word' id='word_1_680' title='bbox 2342 3958 2395 4016; x_wconf 80' lang='lat' dir='ltr'><strong><em>in</em></strong></span> <span class='ocrx_word' id='word_1_681' title='bbox 2422 3958 2614 4027; x_wconf 89' lang='lat' dir='ltr'><strong><em>templo</em></strong></span> <span class='ocrx_word' id='word_1_682' title='bbox 2642 3958 2820 4013; x_wconf 83' lang='lat' dir='ltr'><strong><em>sancto</em></strong></span> <span class='ocrx_word' id='word_1_683' title='bbox 2851 3966 2939 4012; x_wconf 90' lang='lat' dir='ltr'><strong><em>tuo</em></strong></span> <span class='ocrx_word' id='word_1_684' title='bbox 2970 3959 3022 4011; x_wconf 88' lang='lat' dir='ltr'><strong><em>in</em></strong></span> <span class='ocrx_word' id='word_1_685' title='bbox 3045 3959 3228 4014; x_wconf 85' lang='lat' dir='ltr'><strong><em>timore</em></strong></span> <span class='ocrx_word' id='word_1_686' title='bbox 3257 3967 3368 4016; x_wconf 89' lang='lat' dir='ltr'><strong><em>tuo.</em></strong></span> 
     </span>
    </p>
   </div>
   <div class='ocr_carea' id='block_1_132' title="bbox 2013 4030 3613 4104">
    <p class='ocr_par' dir='ltr' id='par_1_132' title="bbox 2013 4030 3613 4104">
     <span class='ocr_line' id='line_1_133' title="bbox 2013 4030 3613 4104; baseline -0.005 -8"><span class='ocrx_word' id='word_1_687' title='bbox 2013 4037 2256 4103; x_wconf 89' lang='lat' dir='ltr'><strong><em>Domine,</em></strong></span> <span class='ocrx_word' id='word_1_688' title='bbox 2283 4034 2452 4088; x_wconf 85' lang='lat' dir='ltr'><strong><em>deduc</em></strong></span> <span class='ocrx_word' id='word_1_689' title='bbox 2473 4047 2554 4104; x_wconf 82' lang='lat' dir='ltr'><strong><em>me</em></strong></span> <span class='ocrx_word' id='word_1_690' title='bbox 2583 4032 2637 4084; x_wconf 90' lang='lat' dir='ltr'><strong><em>in</em></strong></span> <span class='ocrx_word' id='word_1_691' title='bbox 2664 4030 2878 4104; x_wconf 85' lang='lat' dir='ltr'><strong><em>justitia</em></strong></span> <span class='ocrx_word' id='word_1_692' title='bbox 2913 4039 3001 4084; x_wconf 86' lang='lat' dir='ltr'><strong><em>tua</em></strong></span> <span class='ocrx_word' id='word_1_693' title='bbox 3027 4040 3242 4102; x_wconf 86' lang='lat' dir='ltr'><strong><em>propter</em></strong></span> <span class='ocrx_word' id='word_1_694' title='bbox 3276 4031 3613 4089; x_wconf 88' lang='lat' dir='ltr'><strong><em>insidiatores</em></strong></span> 
     </span>
    </p>
   </div>
   <div class='ocr_carea' id='block_1_133' title="bbox 2088 4102 2707 4185">
    <p class='ocr_par' dir='ltr' id='par_1_133' title="bbox 2088 4102 2707 4185">
     <span class='ocr_line' id='line_1_134' title="bbox 2088 4102 2707 4185; baseline -0.013 -20"><span class='ocrx_word' id='word_1_695' title='bbox 2088 4109 2163 4185; x_wconf 86' lang='lat' dir='ltr'><strong><em>[h.</em></strong></span> <span class='ocrx_word' id='word_1_696' title='bbox 2191 4102 2516 4176; x_wconf 86' lang='lat' dir='ltr'><strong><em>decantares]</em></strong></span> <span class='ocrx_word' id='word_1_697' title='bbox 2541 4102 2707 4170; x_wconf 85' lang='lat' dir='ltr'><strong><em>meos,</em></strong></span> 
     </span>
    </p>
   </div>
   <div class='ocr_carea' id='block_1_134' title="bbox 2089 4242 3613 4307">
    <p class='ocr_par' dir='ltr' id='par_1_134' title="bbox 2089 4242 3613 4307">
     <span class='ocr_line' id='line_1_135' title="bbox 2089 4242 3613 4307; baseline -0.001 -1"><span class='ocrx_word' id='word_1_698' title='bbox 2089 4251 2111 4291; x_wconf 72' lang='grc' dir='ltr'>ί</span> <span class='ocrx_word' id='word_1_699' title='bbox 2146 4251 2202 4307; x_wconf 88' lang='lat' dir='ltr'><strong><em>In</em></strong></span> <span class='ocrx_word' id='word_1_700' title='bbox 2233 4245 2582 4306; x_wconf 85' lang='lat' dir='ltr'><strong><em>Cislerciensi</em></strong></span> <span class='ocrx_word' id='word_1_701' title='bbox 2612 4259 2712 4300; x_wconf 87' lang='lat' dir='ltr'><strong><em>ms.</em></strong></span> <span class='ocrx_word' id='word_1_702' title='bbox 2745 4242 3014 4299; x_wconf 86' lang='lat' dir='ltr'><strong><em>Canticum</em></strong></span> <span class='ocrx_word' id='word_1_703' title='bbox 3037 4244 3370 4302; x_wconf 85' lang='lat' dir='ltr'><strong><em>inscribitur.</em></strong></span> <span class='ocrx_word' id='word_1_704' title='bbox 3396 4246 3536 4303; x_wconf 88' lang='lat' dir='ltr'><strong><em>Tum</em></strong></span> <span class='ocrx_word' id='word_1_705' title='bbox 3559 4249 3613 4304; x_wconf 90' lang='lat' dir='ltr'><strong><em>in</em></strong></span> 
     </span>
    </p>
   </div>
   <div class='ocr_carea' id='block_1_135' title="bbox 2016 4315 3326 4395">
    <p class='ocr_par' dir='ltr' id='par_1_135' title="bbox 2016 4315 3326 4395">
     <span class='ocr_line' id='line_1_136' title="bbox 2016 4315 3326 4395; baseline -0.004 -20"><span class='ocrx_word' id='word_1_706' title='bbox 2016 4325 2188 4395; x_wconf 81' lang='lat' dir='ltr'><strong><em>Regio</em></strong></span> <span class='ocrx_word' id='word_1_707' title='bbox 2218 4318 2802 4395; x_wconf 79' lang='lat' dir='ltr'><strong><em>Abessalon__script_um</em></strong></span> <span class='ocrx_word' id='word_1_708' title='bbox 2823 4322 2922 4395; x_wconf 36' lang='grc' dir='ltr'><strong><em>,εει</em></strong></span> <span class='ocrx_word' id='word_1_709' title='bbox 2940 4331 3049 4395; x_wconf 64' lang='lat' dir='ltr'><strong><em>pro</em></strong></span> <span class='ocrx_word' id='word_1_710' title='bbox 3070 4315 3326 4395; x_wconf 55' lang='lat' dir='ltr'><strong><em>Abs-olori.</em></strong></span> 
     </span>
    </p>
   </div>
   <div class='ocr_carea' id='block_1_136' title="bbox 2091 4387 3611 4462">
    <p class='ocr_par' dir='ltr' id='par_1_136' title="bbox 2091 4387 3611 4462">
     <span class='ocr_line' id='line_1_137' title="bbox 2091 4387 3611 4462; baseline 0 -17"><span class='ocrx_word' id='word_1_711' title='bbox 2091 4387 2129 4445; x_wconf 73' lang='grc' dir='ltr'><strong><em>εἴ</em></strong></span> <span class='ocrx_word' id='word_1_712' title='bbox 2147 4397 2344 4452; x_wconf 88' lang='lat' dir='ltr'><strong><em>lterum</em></strong></span> <span class='ocrx_word' id='word_1_713' title='bbox 2390 4395 2441 4445; x_wconf 92' lang='lat' dir='ltr'><strong><em>in</em></strong></span> <span class='ocrx_word' id='word_1_714' title='bbox 2492 4387 2874 4457; x_wconf 87' lang='lat' dir='ltr'><strong><em>Cisterciensi,</em></strong></span> <span class='ocrx_word' id='word_1_715' title='bbox 2927 4387 3166 4457; x_wconf 85' lang='lat' dir='ltr'><strong><em>Domine,</em></strong></span> <span class='ocrx_word' id='word_1_716' title='bbox 3217 4390 3342 4458; x_wconf 88' lang='lat' dir='ltr'><strong><em>quid</em></strong></span> <span class='ocrx_word' id='word_1_717' title='bbox 3387 4390 3611 4462; x_wconf 85' lang='lat' dir='ltr'><strong><em>grandes</em></strong></span> 
     </span>
    </p>
   </div>
   <div class='ocr_carea' id='block_1_137' title="bbox 2017 4463 2853 4530">
    <p class='ocr_par' dir='ltr' id='par_1_137' title="bbox 2017 4463 2853 4530">
     <span class='ocr_line' id='line_1_138' title="bbox 2017 4463 2853 4530; baseline -0.012 -5"><span class='ocrx_word' id='word_1_718' title='bbox 2017 4479 2158 4530; x_wconf 88' lang='lat' dir='ltr'><strong><em>sunt.</em></strong></span> <span class='ocrx_word' id='word_1_719' title='bbox 2192 4474 2298 4524; x_wconf 89' lang='lat' dir='ltr'><strong><em>etc.</em></strong></span> <span class='ocrx_word' id='word_1_720' title='bbox 2323 4463 2583 4520; x_wconf 74' lang='lat' dir='ltr'><strong><em>Hebraeus</em></strong></span> <span class='ocrx_word' id='word_1_721' title='bbox 2609 4471 2853 4519; x_wconf 52' lang='lat' dir='ltr'><strong><em>inn-ma.</em></strong></span> 
     </span>
    </p>
   </div>
   <div class='ocr_carea' id='block_1_138' title="bbox 2092 4531 3609 4608">
    <p class='ocr_par' dir='ltr' id='par_1_138' title="bbox 2092 4531 3609 4608">
     <span class='ocr_line' id='line_1_139' title="bbox 2092 4531 3609 4608; baseline -0.001 -18"><span class='ocrx_word' id='word_1_722' title='bbox 2092 4539 2116 4577; x_wconf 79' lang='grc' dir='ltr'><strong><em>ιι</em></strong></span> <span class='ocrx_word' id='word_1_723' title='bbox 2153 4539 2289 4608; x_wconf 85' lang='lat' dir='ltr'><strong><em>Quid</em></strong></span> <span class='ocrx_word' id='word_1_724' title='bbox 2321 4534 2588 4607; x_wconf 79' lang='lat' dir='ltr'><strong><em>signiticet</em></strong></span> <span class='ocrx_word' id='word_1_725' title='bbox 2633 4532 2768 4587; x_wconf 87' lang='lat' dir='ltr'><strong><em>illud</em></strong></span> <span class='ocrx_word' id='word_1_726' title='bbox 2815 4547 3037 4601; x_wconf 85' lang='lat' dir='ltr'><strong><em>semper,</em></strong></span> <span class='ocrx_word' id='word_1_727' title='bbox 3065 4531 3209 4601; x_wconf 89' lang='lat' dir='ltr'><strong><em>quod</em></strong></span> <span class='ocrx_word' id='word_1_728' title='bbox 3237 4531 3379 4603; x_wconf 82' lang='lat' dir='ltr'><strong><em>apud</em></strong></span> <span class='ocrx_word' id='word_1_729' title='bbox 3414 4533 3609 4602; x_wconf 85' lang='lat' dir='ltr'><strong><em>llcbr.,</em></strong></span> 
     </span>
    </p>
   </div>
   <div class='ocr_carea' id='block_1_139' title="bbox 2016 4619 3611 4704">
    <p class='ocr_par' dir='ltr' id='par_1_139' title="bbox 2016 4619 3611 4704">
     <span class='ocr_line' id='line_1_140' title="bbox 2016 4619 3611 4704; baseline -0.004 -15"><span class='ocrx_word' id='word_1_730' title='bbox 2016 4619 2146 4704; x_wconf 62' lang='lat' dir='ltr'><strong><em>n50,</em></strong></span> <span class='ocrx_word' id='word_1_731' title='bbox 2187 4634 2313 4698; x_wconf 85' lang='lat' dir='ltr'><strong><em>sela,</em></strong></span> <span class='ocrx_word' id='word_1_732' title='bbox 2365 4627 3007 4704; x_wconf 71' lang='lat' dir='ltr'><strong><em>apud__Grtecos_au_tem</em></strong></span> <span class='ocrx_word' id='word_1_733' title='bbox 3050 4623 3611 4704; x_wconf 73' lang='lat' dir='ltr'><strong><em>Diapsalmadieitur,</em></strong></span> 
     </span>
    </p>
   </div>
   <div class='ocr_carea' id='block_1_140' title="bbox 2016 4698 3616 4774">
    <p class='ocr_par' dir='ltr' id='par_1_140' title="bbox 2016 4698 3616 4774">
     <span class='ocr_line' id='line_1_141' title="bbox 2016 4698 3616 4774; baseline -0.004 -15"><span class='ocrx_word' id='word_1_734' title='bbox 2016 4698 2144 4763; x_wconf 72' lang='lat' dir='ltr'><strong><em>vide</em></strong></span> <span class='ocrx_word' id='word_1_735' title='bbox 2161 4707 2216 4761; x_wconf 89' lang='lat' dir='ltr'><strong><em>in</em></strong></span> <span class='ocrx_word' id='word_1_736' title='bbox 2239 4698 2478 4774; x_wconf 75' lang='lat' dir='ltr'><strong><em>Episto]u</em></strong></span> <span class='ocrx_word' id='word_1_737' title='bbox 2500 4699 2814 4774; x_wconf 79' lang='lat' dir='ltr'><strong><em>Hieronymi</em></strong></span> <span class='ocrx_word' id='word_1_738' title='bbox 2837 4700 2905 4752; x_wconf 84' lang='lat' dir='ltr'><strong><em>ad</em></strong></span> <span class='ocrx_word' id='word_1_739' title='bbox 2929 4699 3268 4774; x_wconf 70' lang='lat' dir='ltr'><strong><em>hisreellam,</em></strong></span> <span class='ocrx_word' id='word_1_740' title='bbox 3286 4698 3444 4768; x_wconf 86' lang='lat' dir='ltr'><strong><em>cujus</em></strong></span> <span class='ocrx_word' id='word_1_741' title='bbox 3465 4700 3616 4774; x_wconf 80' lang='lat' dir='ltr'><strong><em>prin-</em></strong></span> 
     </span>
    </p>
   </div>
   <div class='ocr_carea' id='block_1_141' title="bbox 2015 4768 3613 4849">
    <p class='ocr_par' dir='ltr' id='par_1_141' title="bbox 2015 4768 3613 4849">
     <span class='ocr_line' id='line_1_142' title="bbox 2015 4768 3613 4849; baseline -0.006 -15"><span class='ocrx_word' id='word_1_742' title='bbox 2015 4768 2330 4849; x_wconf 14' lang='lat' dir='ltr'><strong><em>cipiumﬂest</em></strong></span> <span class='ocrx_word' id='word_1_743' title='bbox 2362 4793 2375 4829; x_wconf 87' lang='lat'><strong>:</strong></span> <span class='ocrx_word' id='word_1_744' title='bbox 2411 4772 2541 4838; x_wconf 77' lang='lat' dir='ltr'><strong><em>Qua:</em></strong></span> <span class='ocrx_word' id='word_1_745' title='bbox 2569 4768 2862 4842; x_wconf 80' lang='lat' dir='ltr'><strong><em>acceperis,</em></strong></span> <span class='ocrx_word' id='word_1_746' title='bbox 2915 4768 3181 4823; x_wconf 87' lang='lat' dir='ltr'><strong><em>reddenda</em></strong></span> <span class='ocrx_word' id='word_1_747' title='bbox 3225 4780 3347 4823; x_wconf 89' lang='lat' dir='ltr'><strong><em>sunt</em></strong></span> <span class='ocrx_word' id='word_1_748' title='bbox 3389 4786 3504 4823; x_wconf 91' lang='lat' dir='ltr'><strong><em>cum</em></strong></span> <span class='ocrx_word' id='word_1_749' title='bbox 3536 4770 3613 4840; x_wconf 86' lang='lat' dir='ltr'><strong><em>fe-</em></strong></span> 
     </span>
    </p>
   </div>
   <div class='ocr_carea' id='block_1_142' title="bbox 2015 4848 2372 4905">
    <p class='ocr_par' dir='ltr' id='par_1_142' title="bbox 2015 4848 2372 4905">
     <span class='ocr_line' id='line_1_143' title="bbox 2015 4848 2372 4905; baseline -0.014 0"><span class='ocrx_word' id='word_1_750' title='bbox 2015 4848 2161 4905; x_wconf 89' lang='lat' dir='ltr'><strong><em>nore.</em></strong></span> <span class='ocrx_word' id='word_1_751' title='bbox 2194 4848 2372 4904; x_wconf 73' lang='lat' dir='ltr'><strong><em>Mm&#39;r.</em></strong></span> 
     </span>
    </p>
   </div>
   <div class='ocr_carea' id='block_1_143' title="bbox 2095 4911 3614 4983">
    <p class='ocr_par' dir='ltr' id='par_1_143' title="bbox 2095 4911 3614 4983">
     <span class='ocr_line' id='line_1_144' title="bbox 2095 4911 3614 4983; baseline -0.007 -7"><span class='ocrx_word' id='word_1_752' title='bbox 2095 4921 2110 4961; x_wconf 77' lang='grc' dir='ltr'><strong>ί</strong></span> <span class='ocrx_word' id='word_1_753' title='bbox 2147 4921 2314 4976; x_wconf 89' lang='lat' dir='ltr'><strong><em>Tacet</em></strong></span> <span class='ocrx_word' id='word_1_754' title='bbox 2340 4916 2688 4974; x_wconf 88' lang='lat' dir='ltr'><strong><em>Cisterciens.</em></strong></span> <span class='ocrx_word' id='word_1_755' title='bbox 2721 4929 2824 4969; x_wconf 91' lang='lat' dir='ltr'><strong><em>ms.</em></strong></span> <span class='ocrx_word' id='word_1_756' title='bbox 2849 4923 2993 4968; x_wconf 90' lang='lat' dir='ltr'><strong><em>tuum</em></strong></span> <span class='ocrx_word' id='word_1_757' title='bbox 3023 4928 3042 4966; x_wconf 92' lang='lat'><strong><em>:</em></strong></span> <span class='ocrx_word' id='word_1_758' title='bbox 3073 4911 3209 4968; x_wconf 84' lang='lat' dir='ltr'><strong><em>alter</em></strong></span> <span class='ocrx_word' id='word_1_759' title='bbox 3237 4927 3367 4968; x_wconf 81' lang='lat' dir='ltr'><strong><em>vero</em></strong></span> <span class='ocrx_word' id='word_1_760' title='bbox 3390 4911 3614 4983; x_wconf 70' lang='lat' dir='ltr'><strong><em>Regina:</em></strong></span> 
     </span>
    </p>
   </div>
   <div class='ocr_carea' id='block_1_144' title="bbox 2017 4986 3068 5063">
    <p class='ocr_par' dir='ltr' id='par_1_144' title="bbox 2017 4986 3068 5063">
     <span class='ocr_line' id='line_1_145' title="bbox 2017 4986 3068 5063; baseline -0.011 -12"><span class='ocrx_word' id='word_1_761' title='bbox 2017 4994 2408 5063; x_wconf 85' lang='lat' dir='ltr'><strong><em>subsequentes</em></strong></span> <span class='ocrx_word' id='word_1_762' title='bbox 2434 5002 2616 5063; x_wconf 76' lang='lat' dir='ltr'><strong><em>voces,</em></strong></span> <span class='ocrx_word' id='word_1_763' title='bbox 2648 4986 2928 5063; x_wconf 82' lang='lat' dir='ltr'><strong><em>benedictio</em></strong></span> <span class='ocrx_word' id='word_1_764' title='bbox 2958 4994 3068 5039; x_wconf 86' lang='lat' dir='ltr'><strong><em>tua.</em></strong></span> 
     </span>
    </p>
   </div>
   <div class='ocr_carea' id='block_1_145' title="bbox 2092 5061 3580 5137">
    <p class='ocr_par' dir='ltr' id='par_1_145' title="bbox 2092 5061 3580 5137">
     <span class='ocr_line' id='line_1_146' title="bbox 2092 5061 3580 5137; baseline -0.011 -20"><span class='ocrx_word' id='word_1_765' title='bbox 2092 5069 2107 5117; x_wconf 85' lang='lat' dir='ltr'><strong><em>t</em></strong></span> <span class='ocrx_word' id='word_1_766' title='bbox 2145 5061 2280 5137; x_wconf 70' lang='lat' dir='ltr'><strong><em>Tres</em></strong></span> <span class='ocrx_word' id='word_1_767' title='bbox 2303 5061 2476 5118; x_wconf 85' lang='lat' dir='ltr'><strong><em>nostri</em></strong></span> <span class='ocrx_word' id='word_1_768' title='bbox 2507 5074 2642 5137; x_wconf 61' lang='lat' dir='ltr'><strong><em>mss.</em></strong></span> <span class='ocrx_word' id='word_1_769' title='bbox 2673 5061 2727 5137; x_wconf 76' lang='lat' dir='ltr'><strong><em>in</em></strong></span> <span class='ocrx_word' id='word_1_770' title='bbox 2759 5069 3005 5126; x_wconf 85' lang='lat' dir='ltr'><strong><em>tempore.</em></strong></span> <span class='ocrx_word' id='word_1_771' title='bbox 3237 5125 3289 5137; x_wconf 55' lang='lat' dir='ltr'><strong>m</strong></span> <span class='ocrx_word' id='word_1_772' title='bbox 3334 5135 3340 5137; x_wconf 61' lang='lat'>_</span> <span class='ocrx_word' id='word_1_773' title='bbox 3446 5127 3456 5137; x_wconf 39' lang='lat'><strong><em>.</em></strong></span> <span class='ocrx_word' id='word_1_774' title='bbox 3569 5127 3580 5137; x_wconf 35' lang='grc' dir='ltr'><strong>Ι</strong></span> 
     </span>
    </p>
   </div>
   <div class='ocr_carea' id='block_1_146' title="bbox 2089 5125 3612 5203">
    <p class='ocr_par' dir='ltr' id='par_1_146' title="bbox 2089 5125 3612 5203">
     <span class='ocr_line' id='line_1_147' title="bbox 2089 5125 3612 5203; baseline -0.009 -10"><span class='ocrx_word' id='word_1_775' title='bbox 2089 5137 2118 5175; x_wconf 62' lang='grc' dir='ltr'>λ</span> <span class='ocrx_word' id='word_1_776' title='bbox 2146 5136 2312 5193; x_wconf 86' lang='lat' dir='ltr'><strong><em>Iidem</em></strong></span> <span class='ocrx_word' id='word_1_777' title='bbox 2342 5149 2473 5188; x_wconf 88' lang='lat' dir='ltr'><strong><em>mss.</em></strong></span> <span class='ocrx_word' id='word_1_778' title='bbox 2505 5147 2599 5203; x_wconf 87' lang='lat' dir='ltr'><strong><em>pro</em></strong></span> <span class='ocrx_word' id='word_1_779' title='bbox 2630 5129 2832 5184; x_wconf 87' lang='lat' dir='ltr'><strong><em>habent</em></strong></span> <span class='ocrx_word' id='word_1_780' title='bbox 2860 5125 2992 5203; x_wconf 85' lang='lat' dir='ltr'><strong><em>pro_</em></strong></span> <span class='ocrx_word' id='word_1_781' title='bbox 3009 5143 3184 5203; x_wconf 85' lang='lat' dir='ltr'><strong><em>super.</em></strong></span> <span class='ocrx_word' id='word_1_782' title='bbox 3231 5125 3612 5203; x_wconf 55' lang='lat' dir='ltr'><strong><em>Cisterciensis</em></strong></span> 
     </span>
    </p>
   </div>
   <div class='ocr_carea' id='block_1_147' title="bbox 2019 5197 3614 5274">
    <p class='ocr_par' dir='ltr' id='par_1_147' title="bbox 2019 5197 3614 5274">
     <span class='ocr_line' id='line_1_148' title="bbox 2019 5197 3614 5274; baseline -0.009 -10"><span class='ocrx_word' id='word_1_783' title='bbox 2019 5207 2191 5264; x_wconf 89' lang='lat' dir='ltr'><strong><em>David</em></strong></span> <span class='ocrx_word' id='word_1_784' title='bbox 2210 5222 2404 5264; x_wconf 90' lang='lat' dir='ltr'><strong><em>nomen</em></strong></span> <span class='ocrx_word' id='word_1_785' title='bbox 2436 5197 2698 5274; x_wconf 67' lang='lat' dir='ltr'><strong><em>prieterea</em></strong></span> <span class='ocrx_word' id='word_1_786' title='bbox 2721 5197 2932 5274; x_wconf 78' lang='lat' dir='ltr'><strong><em>reticet.</em></strong></span> <span class='ocrx_word' id='word_1_787' title='bbox 2963 5200 3204 5274; x_wconf 77' lang='lat' dir='ltr'><strong><em>D_eniqnc</em></strong></span> <span class='ocrx_word' id='word_1_788' title='bbox 3228 5197 3614 5274; x_wconf 72' lang='lat' dir='ltr'><strong><em>unusReginzn</em></strong></span> 
     </span>
    </p>
   </div>
   <div class='ocr_carea' id='block_1_148' title="bbox 2021 5270 3616 5349">
    <p class='ocr_par' dir='ltr' id='par_1_148' title="bbox 2021 5270 3616 5349">
     <span class='ocr_line' id='line_1_149' title="bbox 2021 5270 3616 5349; baseline -0.009 -13"><span class='ocrx_word' id='word_1_789' title='bbox 2021 5296 2142 5336; x_wconf 89' lang='lat' dir='ltr'><strong><em>eum</em></strong></span> <span class='ocrx_word' id='word_1_790' title='bbox 2173 5280 2293 5335; x_wconf 89' lang='lat' dir='ltr'><strong><em>aliis</em></strong></span> <span class='ocrx_word' id='word_1_791' title='bbox 2323 5270 2462 5349; x_wconf 76' lang='lat' dir='ltr'><strong><em>apud</em></strong></span> <span class='ocrx_word' id='word_1_792' title='bbox 2496 5274 2743 5331; x_wconf 83' lang='lat' dir='ltr'><strong><em>Mnrtian.</em></strong></span> <span class='ocrx_word' id='word_1_793' title='bbox 2768 5274 2821 5328; x_wconf 91' lang='lat' dir='ltr'><strong><em>in</em></strong></span> <span class='ocrx_word' id='word_1_794' title='bbox 2845 5272 2963 5343; x_wconf 88' lang='lat' dir='ltr'><strong><em>ipso</em></strong></span> <span class='ocrx_word' id='word_1_795' title='bbox 2990 5270 3349 5326; x_wconf 78' lang='lat' dir='ltr'><strong><em>Psalmoaudi</em></strong></span> <span class='ocrx_word' id='word_1_796' title='bbox 3373 5270 3616 5339; x_wconf 87' lang='lat' dir='ltr'><strong><em>legitpro</em></strong></span> 
     </span>
    </p>
   </div>
   <div class='ocr_carea' id='block_1_149' title="bbox 2021 5352 3530 5426">
    <p class='ocr_par' dir='ltr' id='par_1_149' title="bbox 2021 5352 3530 5426">
     <span class='ocr_line' id='line_1_150' title="bbox 2021 5352 3530 5426; baseline 0.007 -21"><span class='ocrx_word' id='word_1_797' title='bbox 2021 5353 2233 5426; x_wconf 74' lang='lat' dir='ltr'><strong><em>auribus</em></strong></span> <span class='ocrx_word' id='word_1_798' title='bbox 2262 5352 2485 5426; x_wconf 65' lang='lat' dir='ltr'><strong><em>percipe.</em></strong></span> <span class='ocrx_word' id='word_1_799' title='bbox 2551 5419 2562 5426; x_wconf 91' lang='lat'>_</span> <span class='ocrx_word' id='word_1_800' title='bbox 2635 5416 2668 5426; x_wconf 46' lang='grc' dir='ltr'>η</span> <span class='ocrx_word' id='word_1_801' title='bbox 2820 5415 2833 5426; x_wconf 49' lang='grc'><em>,</em></span> <span class='ocrx_word' id='word_1_802' title='bbox 3034 5423 3042 5426; x_wconf 23' lang='grc' dir='ltr'><strong>Α</strong></span> <span class='ocrx_word' id='word_1_803' title='bbox 3116 5415 3128 5426; x_wconf 62' lang='grc'><em>,</em></span> <span class='ocrx_word' id='word_1_804' title='bbox 3281 5414 3312 5426; x_wconf 57' lang='grc' dir='ltr'><strong>μ</strong></span> <span class='ocrx_word' id='word_1_805' title='bbox 3386 5410 3422 5426; x_wconf 54' lang='grc' dir='ltr'><strong><em>η</em></strong></span> <span class='ocrx_word' id='word_1_806' title='bbox 3520 5413 3530 5423; x_wconf 87' lang='grc'><em>,</em></span> 
     </span>
    </p>
   </div>
   <div class='ocr_carea' id='block_1_150' title="bbox 2100 5410 3615 5490">
    <p class='ocr_par' dir='ltr' id='par_1_150' title="bbox 2100 5410 3615 5490">
     <span class='ocr_line' id='line_1_151' title="bbox 2100 5410 3615 5490; baseline -0.01 -11"><span class='ocrx_word' id='word_1_807' title='bbox 2100 5423 2119 5462; x_wconf 78' lang='lat'><strong>1</strong></span> <span class='ocrx_word' id='word_1_808' title='bbox 2163 5410 2596 5490; x_wconf 64' lang='lat' dir='ltr'><strong><em>lta&#39;exetnplaria</em></strong></span> <span class='ocrx_word' id='word_1_809' title='bbox 2629 5415 2898 5481; x_wconf 74' lang='lat' dir='ltr'><strong><em>Cononis;</em></strong></span> <span class='ocrx_word' id='word_1_810' title='bbox 2946 5415 3154 5484; x_wconf 65' lang='lat' dir='ltr'><strong><em>caeteri,</em></strong></span> <span class='ocrx_word' id='word_1_811' title='bbox 3186 5414 3334 5480; x_wconf 89' lang='lat' dir='ltr'><strong><em>audi,</em></strong></span> <span class='ocrx_word' id='word_1_812' title='bbox 3375 5410 3615 5466; x_wconf 85' lang='lat' dir='ltr'><strong><em>Domine.</em></strong></span> 
     </span>
    </p>
   </div>
   <div class='ocr_carea' id='block_1_151' title="bbox 2023 5494 3626 5563">
    <p class='ocr_par' dir='ltr' id='par_1_151' title="bbox 2023 5494 3626 5563">
     <span class='ocr_line' id='line_1_152' title="bbox 2023 5494 3626 5563; baseline 0.009 -13"><span class='ocrx_word' id='word_1_813' title='bbox 2023 5494 2205 5550; x_wconf 73' lang='lat' dir='ltr'><strong><em>MART.</em></strong></span> <span class='ocrx_word' id='word_1_814' title='bbox 2507 5561 2514 5563; x_wconf 81' lang='lat'><strong><em>_</em></strong></span> <span class='ocrx_word' id='word_1_815' title='bbox 2732 5559 2833 5563; x_wconf 50' lang='grc' dir='ltr'><em>η,</em></span> <span class='ocrx_word' id='word_1_816' title='bbox 2933 5559 2944 5563; x_wconf 95' lang='lat'><em>_</em></span> <span class='ocrx_word' id='word_1_817' title='bbox 3143 5557 3155 5563; x_wconf 87' lang='lat'>_</span> <span class='ocrx_word' id='word_1_818' title='bbox 3276 5555 3293 5563; x_wconf 89' lang='lat'><strong><em>-</em></strong></span> <span class='ocrx_word' id='word_1_819' title='bbox 3445 5553 3456 5563; x_wconf 95' lang='lat'><strong><em>.</em></strong></span> <span class='ocrx_word' id='word_1_820' title='bbox 3613 5551 3626 5563; x_wconf 91' lang='lat'><strong><em>.</em></strong></span> 
     </span>
    </p>
   </div>
   <div class='ocr_carea' id='block_1_152' title="bbox 2097 5553 3625 5635">
    <p class='ocr_par' dir='ltr' id='par_1_152' title="bbox 2097 5553 3625 5635">
     <span class='ocr_line' id='line_1_153' title="bbox 2097 5553 3625 5635; baseline -0.012 -15"><span class='ocrx_word' id='word_1_821' title='bbox 2097 5576 2136 5603; x_wconf 79' lang='grc' dir='ltr'>ιη</span> <span class='ocrx_word' id='word_1_822' title='bbox 2167 5561 2549 5635; x_wconf 81' lang='lat' dir='ltr'><strong><em>Cistercicnsis</em></strong></span> <span class='ocrx_word' id='word_1_823' title='bbox 2580 5575 2702 5615; x_wconf 90' lang='lat' dir='ltr'><strong><em>cum</em></strong></span> <span class='ocrx_word' id='word_1_824' title='bbox 2732 5559 2978 5635; x_wconf 64' lang='lat' dir='ltr'><strong><em>Yulgntis</em></strong></span> <span class='ocrx_word' id='word_1_825' title='bbox 3029 5557 3208 5635; x_wconf 79' lang='lat' dir='ltr'><strong><em>libris,</em></strong></span> <span class='ocrx_word' id='word_1_826' title='bbox 3266 5553 3485 5635; x_wconf 73' lang='lat' dir='ltr'><strong><em>Intende.</em></strong></span> <span class='ocrx_word' id='word_1_827' title='bbox 3513 5553 3625 5634; x_wconf 70' lang='lat' dir='ltr'><strong><em>paci</em></strong></span> 
     </span>
    </p>
   </div>
   <div class='ocr_carea' id='block_1_153' title="bbox 2029 5628 3625 5701">
    <p class='ocr_par' dir='ltr' id='par_1_153' title="bbox 2029 5628 3625 5701">
     <span class='ocr_line' id='line_1_154' title="bbox 2029 5628 3625 5701; baseline -0.009 -10"><span class='ocrx_word' id='word_1_828' title='bbox 2029 5637 2279 5691; x_wconf 88' lang='lat' dir='ltr'><strong><em>orationis</em></strong></span> <span class='ocrx_word' id='word_1_829' title='bbox 2303 5650 2448 5698; x_wconf 75' lang='lat' dir='ltr'><strong><em>mete,</em></strong></span> <span class='ocrx_word' id='word_1_830' title='bbox 2465 5632 2616 5701; x_wconf 86' lang='lat' dir='ltr'><strong><em>cujus</em></strong></span> <span class='ocrx_word' id='word_1_831' title='bbox 2642 5631 2893 5686; x_wconf 84' lang='lat' dir='ltr'><strong><em>versiculi</em></strong></span> <span class='ocrx_word' id='word_1_832' title='bbox 2915 5630 3143 5697; x_wconf 79' lang='lat' dir='ltr'><strong><em>spatium</em></strong></span> <span class='ocrx_word' id='word_1_833' title='bbox 3169 5628 3223 5682; x_wconf 88' lang='lat' dir='ltr'><strong><em>in</em></strong></span> <span class='ocrx_word' id='word_1_834' title='bbox 3248 5628 3625 5692; x_wconf 77' lang='lat' dir='ltr'><strong><em>antiquissimo</em></strong></span> 
     </span>
    </p>
   </div>
   <div class='ocr_carea' id='block_1_154' title="bbox 2028 5702 3153 5780">
    <p class='ocr_par' dir='ltr' id='par_1_154' title="bbox 2028 5702 3153 5780">
     <span class='ocr_line' id='line_1_155' title="bbox 2028 5702 3153 5780; baseline -0.011 -16"><span class='ocrx_word' id='word_1_835' title='bbox 2028 5710 2427 5780; x_wconf 46' lang='lat' dir='ltr'><strong><em>ﬂagitassent</em></strong></span> <span class='ocrx_word' id='word_1_836' title='bbox 2459 5724 2470 5758; x_wconf 91' lang='lat'>:</span> <span class='ocrx_word' id='word_1_837' title='bbox 2497 5714 2576 5780; x_wconf 81' lang='lat' dir='ltr'><strong><em>est</em></strong></span> <span class='ocrx_word' id='word_1_838' title='bbox 2610 5713 2787 5780; x_wconf 78' lang='lat' dir='ltr'><strong><em>tamen</em></strong></span> <span class='ocrx_word' id='word_1_839' title='bbox 2819 5704 2871 5756; x_wconf 89' lang='lat' dir='ltr'><strong><em>in</em></strong></span> <span class='ocrx_word' id='word_1_840' title='bbox 2905 5702 3153 5780; x_wconf 73' lang='lat' dir='ltr'><strong><em>Hebraro.</em></strong></span> 
     </span>
    </p>
   </div>
   <div class='ocr_carea' id='block_1_155' title="bbox 2099 5764 3630 5845">
    <p class='ocr_par' dir='ltr' id='par_1_155' title="bbox 2099 5764 3630 5845">
     <span class='ocr_line' id='line_1_156' title="bbox 2099 5764 3630 5845; baseline -0.009 -10"><span class='ocrx_word' id='word_1_841' title='bbox 2099 5764 2140 5816; x_wconf 69' lang='grc' dir='ltr'>ιῗ</span> <span class='ocrx_word' id='word_1_842' title='bbox 2160 5777 2324 5835; x_wconf 84' lang='lat' dir='ltr'><strong><em>Addit</em></strong></span> <span class='ocrx_word' id='word_1_843' title='bbox 2345 5775 2720 5831; x_wconf 72' lang='lat' dir='ltr'><strong><em>Cistereiensis</em></strong></span> <span class='ocrx_word' id='word_1_844' title='bbox 2751 5789 2852 5845; x_wconf 86' lang='lat' dir='ltr'><strong><em>ms.</em></strong></span> <span class='ocrx_word' id='word_1_845' title='bbox 2887 5784 2931 5826; x_wconf 89' lang='lat' dir='ltr'><strong><em>et</em></strong></span> <span class='ocrx_word' id='word_1_846' title='bbox 2970 5773 3186 5845; x_wconf 79' lang='lat' dir='ltr'><strong><em>sperabo</em></strong></span> <span class='ocrx_word' id='word_1_847' title='bbox 3217 5786 3235 5823; x_wconf 92' lang='lat'><strong><em>:</em></strong></span> <span class='ocrx_word' id='word_1_848' title='bbox 3267 5776 3321 5823; x_wconf 87' lang='lat' dir='ltr'><strong><em>et</em></strong></span> <span class='ocrx_word' id='word_1_849' title='bbox 3357 5767 3408 5823; x_wconf 90' lang='lat' dir='ltr'><strong><em>in</em></strong></span> <span class='ocrx_word' id='word_1_850' title='bbox 3437 5764 3630 5823; x_wconf 84' lang='lat' dir='ltr'><strong><em>subsc-</em></strong></span> 
     </span>
    </p>
   </div>
   <div class='ocr_carea' id='block_1_156' title="bbox 2030 5843 3294 5930">
    <p class='ocr_par' dir='ltr' id='par_1_156' title="bbox 2030 5843 3294 5930">
     <span class='ocr_line' id='line_1_157' title="bbox 2030 5843 3294 5930; baseline -0.011 -20"><span class='ocrx_word' id='word_1_851' title='bbox 2030 5853 2248 5930; x_wconf 81' lang='lat' dir='ltr'><strong><em>qucmis</em></strong></span> <span class='ocrx_word' id='word_1_852' title='bbox 2272 5862 2464 5909; x_wconf 69' lang='lat' dir='ltr'><strong><em>versus</em></strong></span> <span class='ocrx_word' id='word_1_853' title='bbox 2489 5847 2592 5904; x_wconf 85' lang='lat' dir='ltr'><strong><em>line</em></strong></span> <span class='ocrx_word' id='word_1_854' title='bbox 2611 5860 2730 5904; x_wconf 86' lang='lat' dir='ltr'><strong><em>cum</em></strong></span> <span class='ocrx_word' id='word_1_855' title='bbox 2759 5844 2926 5918; x_wconf 66' lang='lat' dir='ltr'><strong><em>Regio</em></strong></span> <span class='ocrx_word' id='word_1_856' title='bbox 2949 5843 3005 5900; x_wconf 80' lang='lat' dir='ltr'><strong><em>es</em></strong></span> <span class='ocrx_word' id='word_1_857' title='bbox 3029 5843 3294 5899; x_wconf 72' lang='lat' dir='ltr'><strong><em>\‘ttClllalll.</em></strong></span> 
     </span>
    </p>
   </div>
   <div class='ocr_carea' id='block_1_157' title="bbox 3011 6006 3087 6069">
    <p class='ocr_par' dir='ltr' id='par_1_157' title="bbox 3011 6006 3087 6069">
     <span class='ocr_line' id='line_1_158' title="bbox 3011 6006 3087 6069; baseline -0.039 0"><span class='ocrx_word' id='word_1_858' title='bbox 3011 6006 3087 6069; x_wconf 85' lang='lat'>36</span> 
     </span>
    </p>
   </div>
  </div>
