4082 6354
473 249 616 310 il“

546 364 821 422 consilium
847 365 1187 435 pessimorum
1214 363 1469 420 vallavit:

476 438 736 495 Fixerunt
762 447 788 477 ⁸
810 453 998 493 manus
1022 454 1164 492 meas
1188 446 1237 491 et
1270 436 1423 508 pedes
1448 450 1589 491 meos
1609 448 1630 490 .'

552 511 822 565 numeravi
849 511 1022 564 omnia
1052 525 1170 564 ossa
1193 523 1343 562 mea:

545 598 663 655 qua:
690 582 790 655 ipsi
816 581 1144 655 respicientes
1172 579 1413 655 viderunt
1435 579 1488 634 in
1518 594 1619 633 me.

472 652 774 709 Diviserunt
795 652 1093 708 vestimenta
1118 666 1230 705 mea
1255 652 1385 706 sibi:

548 732 594 780 et
626 740 780 797 super
803 723 1634 797 vestimentummeuntmiserunt
1647 728 1856 797 sortem.
1886 722 1891 727 ’

473 795 560 852 Tu
587 791 778 863 autem,
804 794 1046 861 Domine,
1071 810 1137 849 ne
1156 794 1308 867 longe
1332 795 1432 865 ﬁas
1463 793 1572 867 [AL
1603 791 1831 867 facias]:

550 867 802 937 fortitudo
830 884 963 931 mea,
986 867 1042 920 in
1058 864 1317 920 auxilium
1348 864 1515 919 meum
1537 864 1748 934 festina.

476 937 621 994 Erue
641 956 673 1010 a
701 937 878 1010 gladio
900 938 1128 993 animam
1154 953 1318 1010 meam
1338 951 1359 993 :

549 1018 599 1065 et
628 1009 693 1065 de
706 1008 876 1064 manu
906 1010 1050 1065 canis
1080 1008 1374 1066 solitariam
1401 1023 1588 1064 meam.

481 1080 643 1138 Salva
662 1097 744 1136 me
768 1097 833 1137 ex
850 1098 939 1136 ore
966 1082 1153 1151 leonis,

555 1161 604 1206 et
625 1153 692 1207 de
719 1152 961 1208 cornibus
987 1152 1321 1207 unicornium
1342 1153 1534 1209 exaudi
1560 1167 1662 1208 me.

487 1222 936 1297 Narrabonomen
963 1233 1109 1279 tuum
1127 1224 1381 1297 fratribus
1403 1224 1527 1279 meis
1548 1240 1568 1279 :

557 1297 614 1350 in
634 1295 805 1351 medio
824 1294 1053 1352 ecclesite
1079 1294 1304 1351 laudabo
1326 1303 1374 1350 te
1387 1312 1406 1350 :

559 1365 589 1406 δ
612 1365 874 1423 Timentes
894 1366 1178 1438 Dominum
1206 1367 1416 1423 laudate
1443 1383 1560 1422 eum
1576 1364 1626 1438 ξι

560 1454 711 1494 omne
737 1455 910 1494 semen
932 1437 1099 1494 Jacob
1120 1439 1411 1511 gloriﬁcate
1436 1456 1573 1511 eum,

561 1521 609 1565 et
640 1510 846 1565 metuite
869 1527 986 1565 eum
1005 1509 1303 1566 universum
1324 1527 1495 1566 semen
1522 1509 1710 1566 Israel.

1456 244 1518 304 S.
1562 241 1945 305 HIERONYMI
1984 239 2221 304 DIVINA
2256 240 2735 303 BIBLIOTHECA.

3638 245 3777 311 ττιτ

2096 367 2150 429 Α
2177 358 2520 440 Consederupt
2548 368 2600 416 et
2618 360 2966 417 adoraverunt
2993 376 3172 418 omnes
3204 362 3429 436 pingues
3464 363 3599 440 [ΔΙ.
3630 368 3777 438 prin-

2245 432 2728 582 angp;fz]cil:r:‘ezjus
2753 504 3034 561 curvabunt
3062 502 3092 545 (ι
3118 523 3293 564 omnes
3325 509 3418 582 qui
3444 509 3774 568 descendant

2316 577 2373 631 in
2399 577 2677 645 pulverem.

2246 656 2296 703 et
2323 649 2500 703 anima
2519 650 2642 721 ejus
2673 658 2697 688 ο
2729 665 2833 705 non
2858 648 3012 705 vivet.

2181 719 2372 777 Semen
2395 719 2580 775 serviet
2606 721 2675 788 ei,

2249 791 2548 848 narrabitur
2578 789 2802 849 Domino
2827 795 2883 849 in
2905 795 3259 852 ueneratione.

2184 861 2402 942 Venient
2421 872 2477 942 _et
2496 864 2878 942 annuntiabunt
2906 861 2926 904 Γ
2941 868 3205 942 justitiam
3234 871 3368 942 ejus,

2254 933 2463 1005 Populo
2487 936 2577 1007 qui
2602 946 2864 1001 nascetur,
2902 933 3059 1011 quam
3089 940 3235 1010 fecit.

2560 1043 2833 1088 cstv'rtcux
2855 1029 2931 1106 [Ιτ.
2962 1030 3220 1107 psalmus]
3246 1049 3427 1092 nutu.

2183 1137 2461 1224 [XXIIL]
2489 1141 2744 1224 Dominus
2774 1154 2801 1194 ε
2823 1148 2988 1218 pascit
3015 1164 3097 1204 me
3123 1148 3201 1223 [Ιτ.
3229 1147 3426 1206 Pastor
3461 1146 3670 1224 meus];
3698 1149 3779 1206 ni-

2325 1214 2403 1269 hil
2431 1214 2559 1270 mihi
2593 1217 2775 1272 deerit.

2256 1282 2326 1339 In
2353 1289 2561 1356 pascuis
2588 1287 2863 1344 herbarum
2891 1287 2920 1329 ιι
2949 1291 3215 1348 accubuvit
3239 1308 3323 1348 me
3339 1308 3364 1349 :

2256 1372 2413 1432 super
2433 1374 2595 1431 aquas
2614 1362 2907 1432 refectionis
2934 1364 3179 1420 euutrivit
3207 1380 3309 1421 nte.

2188 1426 2430 1504 Animam
2454 1426 2619 1485 meam
2647 1426 2860 1504 refecit:

2261 1498 2411 1579 duxit
2436 1518 2516 1579 me
2535 1518 2628 1579 per
2641 1498 2864 1579 semitas
2882 1507 3111 1579 justitice
3132 1516 3343 1578 propter
3362 1508 3555 1563 nomen
3576 1522 3756 1564 suum.

492 1581 754 1651 Quoniam
806 1597 910 1637 non
942 1582 1178 1655 despexit
1223 1599 1386 1654 neque
1431 1581 1737 1653 contempsit
1782 1579 2087 1637 modestiam
2190 1569 2300 1627 Sed
2325 1580 2372 1627 et
2404 1573 2451 1655 εἰ
2475 1569 2805 1655 ambulavero
2834 1569 3091 1655 in'valtel
3130 1569 3330 1636 umbra
3353 1580 3557 1648 mortis,

633 1656 897 1726 pauperis.

561 1735 611 1781 et
630 1724 733 1780 non
762 1724 1030 1780 abscondit
1059 1726 1247 1795 faciem
1270 1741 1419 1781 suam
1451 1725 1516 1779 ab
1544 1739 1639 1781 eo:

564 1805 613 1851 et
641 1812 755 1850 cum
777 1797 1025 1852 clantaret
1053 1798 1122 1851 ad
1153 1814 1291 1863 eum,
1316 1796 1602 1864 exaudivit,

491 1867 648 1940 Apud
678 1880 725 1923 te
756 1867 871 1922 laus
900 1885 1015 1940 mea
1036 1869 1088 1922 in
1114 1870 1327 1924 ecclesia
1345 1866 1511 1922 multa
1530 1884 1552 1921 .-

562 1948 685 2010 vota
708 1955 820 1994 mea
841 1939 1055 1993 reddam
1080 1942 1134 1995 in
1153 1950 1427 2010 conspectu
1453 1940 1740 1995 timentium
1764 1954 1901 1994 eum.

497 2009 772 2069 Comedent
796 2011 943 2065 mites
968 2021 1014 2065 et
1038 2009 1432 2078 saturabuntur,

570 2081 859 2136 laudabunt
882 2082 1163 2137 Dominum
1182 2092 1465 2154 quterentes
1489 2098 1604 2137 eum
1618 2098 1637 2135 :

562 2154 691 2208 vivet
716 2169 804 2207 cor
822 2163 1043 2208 vestrum
1069 2158 1124 2208 in
1148 2154 1535 2222 sempiternum,

494 2223 926 2366 Recorl'sdabuntur
960 2234 1009 2279 et
1038 2232 1392 2281 convertentur
1428 2225 1498 2281 ad
1534 2222 1816 2280 Dominum
1864 2221 2090 2279 universi

685 2311 773 2350 nes
797 2305 984 2351 terrae:

685 2311 773 2350 nes
797 2305 949 2351 terra:
964 2312 984 2350 ἔ

572 2376 622 2422 et
650 2367 941 2442 adorabunt
985 2383 1162 2423 coram
1190 2378 1213 2409 ο
1238 2377 1286 2425 te
1308 2368 1565 2425 universa:
1609 2368 1942 2442 cognationes
1970 2382 2096 2440 gen-

647 2440 798 2493 tium.

506 2509 642 2579 Quia
670 2509 883 2583 Domini
907 2527 1146 2583 regnum,

573 2590 622 2637 et
642 2582 999 2638 dominabitur
1022 2583 1281 2655 gentibus.

580 2737 939 2814 {Occurrunt
960 2742 1012 2798 in
1036 2756 1167 2798 mss.
1184 2743 1465 2800 codicibus
1488 2759 1595 2800 non
1625 2757 1813 2814 pauca:
1832 2741 2107 2796 variantes

506 2810 770 2887 lectiones
795 2813 866 2868 ad
895 2813 1057 2869 istum
1085 2816 1432 2871 versiculum.
1465 2810 1713 2887 Quinque
1743 2814 2102 2883 antiquiores,

506 2882 650 2957 inter
686 2898 822 2952 quos
860 2894 987 2940 sunt
1034 2887 1362 2956 exemplaria
1412 2882 1691 2957 canonis,
1747 2888 1826 2942 sic
1864 2882 2059 2957 legunt
2091 2925 2106 2938 .

516 2952 810 3026 Yinxernnt
850 2973 1031 3011 manus
1072 2952 1251 3022 meas,
1301 2966 1406 3014 etc.
1455 2958 1636 3015 Codex
1678 2952 2107 3026 'Augustitiorum

510 3024 1009 3096 Burdigalensium;
1042 3027 1330 3083 Cinxerunt
1370 3046 1554 3084 manus
1587 3046 1743 3085 meas:
1774 3024 2109 3087 Sorbonicus

513 3107 692 3151 autem
723 3100 935 3154 cmteris
967 3100 1052 3153 hic
1078 3102 1250 3169 magis
1293 3101 1618 3171 depravatus
1647 3120 1659 3155 :
1685 3101 1943 3156 Dixerunt
1999 3115 2113 3171 ma—

514 3179 613 3223 nus
639 3184 795 3240 ineas
824 3211 839 3235 ,
895 3186 991 3240 pro
1035 3170 1262 3240 ﬁxerunt
1308 3169 1494 3228 manus
1528 3189 1687 3233 meas.
1722 3182 1778 3228 ut
1809 3174 2033 3228 habetur
2055 3169 2110 3224 in

517 3239 709 3311 editis,
725 3250 781 3294 et
810 3243 862 3296 in
902 3239 1112 3297 duobus
1140 3258 1273 3300 mss.
1305 3244 1566 3300 Vaticano
1591 3244 1823 3311 Scilicet,
1857 3252 1913 3297 et
1937 3242 2113 3297 altero

509 3310 570 3385 Sp.
596 3310 893 3385 Michaelis.
926 3313 1096 3368 Porro
1128 3315 1291 3370 Hebr.
1325 3315 1618 3372 hodiernus
1642 3310 1926 3385 corruptus
1950 3322 2001 3368 et
2035 3312 2114 3385 vi:

519 3384 683 3437 tiatus
708 3384 901 3452 legitur
930 3401 1120 3440 errore
1172 3388 1532 3443 recentiorum
1577 3384 1924 3443 librariorum
1951 3430 1966 3453 ,
2019 3384 2114 3452 qui

518 3453 637 3508 Ιοοο
664 3458 798 3527 fhsi:
826 3455 1010 3519 kaaru.
1038 3468 1329 3526 posuerunt
1354 3467 1491 3519 νῆχε)
1510 3458 1676 3527 ltaari,
1702 3460 1771 3513 ob
1800 3457 2110 3513 similitudi-

518 3539 644 3579 nem
664 3524 961 3601 litterarum
986 3524 1078 3583 vav
1106 3539 1160 3585 et
1184 3532 1281 3601 jod
1308 3531 1542 3599 decepti,
1570 3524 1691 3599 quia
1716 3528 2104 3600 magnitudine,

520 3605 575 3672 et
602 3598 864 3672 parvitate
906 3598 1247 3672 solummodo
1290 3598 1712 3672 distinguuntur.
1743 3598 1851 3658 Sed
1883 3614 2110 3655 monen-

520 3668 623 3720 dus
649 3677 732 3721 est
764 3668 935 3725 lector
954 3671 1203 3727 curiosus
1225 3672 1290 3727 ad
1317 3668 1690 3728 confusionem
1714 3672 2109 3729 neotericorum

521 3738 877 3815 quorumdam
906 3743 1249 3811 scriptorum,
1282 3745 1373 3815 qui
1406 3745 1604 3799 multas
1643 3747 1885 3815 garriunt
1916 3756 2107 3813 nugas,

524 3809 875 3867 ostendentes
893 3809 1211 3881 praesentem
1237 3809 1413 3871 locum
1438 3809 1969 3872 tiialitiadudteorum
1990 3809 2112 3871 esse

525 3894 862 3951 corruptum,
896 3886 947 3939 in
980 3885 1239 3941 Bibliotb.
1266 3887 1504 3943 Colbert.
1550 3888 1781 3944 inveniri
1813 3887 1989 3942 adhuc
2020 3901 2113 3941 co-

525 3950 702 4029 dicem
725 3969 827 4029 ms.
859 3955 1023 4029 llebr.
1058 3974 1149 4011 nu.
1177 3959 1283 4012 627
1305 4000 1320 4025 ,
1373 3961 1462 4029 qui
1493 3974 1680 4028 puram
1701 3976 1764 4015 ac
1796 3961 2110 4029 primmvam

525 4025 729 4101 retinet
771 4027 1055 4101 lectionem
1088 4029 1181 4083 :in
1225 4045 1292 4101 eo
1332 4025 1474 4086 enim
1494 4025 1743 4101 legimus
1796 4025 1918 4085 'non
1979 4037 2115 4088 νπγὲ

525 4095 673 4151 kaari
708 4097 1031 4154 hodiernum
1072 4099 1459 4169 exscriptorum
1488 4141 1504 4168 ,
1536 4095 1631 4157 scd
1662 4113 1796 4162 περ)
1821 4101 1948 4156 karn
1976 4103 2115 4156 anti-

522 4186 688 4244 quum
718 4180 772 4225 at
794 4170 1203 4244 propheticum;
1227 4180 1479 4244 tantaque
1490 4187 1613 4227 cum
1636 4173 1910 4244 diligentia
1932 4188 2118 4229 emen-

524 4242 731 4315 datum,
758 4251 815 4296 ut
839 4258 877 4301 κ
905 4242 1060 4315 aleplt
1089 4285 1104 4310 ,
1155 4243 1297 4315 quod
1325 4245 1378 4298 in
1405 4242 1508 4299 bac
1530 4259 1663 4299 voce
1691 4242 1889 4301 servile
1917 4254 2028 4310 est,
2059 4254 2117 4301 et

524 4312 877 4382 superfluum,
913 4312 1001 4370 ubi
1027 4312 1218 4383 puncta
1236 4316 1441 4371 vocalia
1470 4314 1810 4383 adhibentur,
1833 4317 1992 4371 obelo
2018 4330 2116 4372 seu

524 4390 678 4454 apice
726 4386 958 4456 quodam
1010 4388 1275 4456 superiori
1319 4386 1597 4457 juguletur
1643 4402 1705 4444 ac
1732 4387 2113 4443 confodiatur:

525 4459 781 4529 nulloque
809 4468 1003 4530 puncto
1026 4460 1265 4515 inferiori
1298 4467 1516 4530 notetur
1540 4476 1554 4513 :
1577 4475 1683 4530 quo
1715 4460 1997 4516 manifeste
2023 4460 2120 4514 do-

524 4545 712 4586 cemur
743 4529 963 4585 verbum
993 4547 1116 4584 caru
1155 4546 1251 4586 seu
1293 4529 1425 4585 Icaru
1472 4530 1556 4587 bis
1588 4529 1754 4587 tribus
1778 4539 1979 4586 tantum
2009 4532 2121 4588 ele-

527 4603 726 4658 mentis
741 4610 988 4657 constare
1004 4615 1127 4669 T'D;
1147 4605 1288 4672 quod
1318 4618 1424 4658 non
1452 4602 1598 4658 aliud
1624 4603 1931 4672 signiﬁcare
1951 4602 2115 4671 valet,

521 4690 682 4745 quam
734 4676 995 4743 foderunt.
1050 4674 1105 4729 ω
1163 4675 1374 4746 legebat
1423 4674 1818 4746 Hieronymus,
1886 4675 2119 4744 idipsum

524 4761 738 4815 qttoque
787 4747 1117 4804 Scholiastes
1159 4745 1397 4801 Canonis
1444 4745 1773 4818 Hieronymo
1823 4747 2116 4802 recentior.

526 4820 639 4874 Hoc
660 4818 895 4890 denique
921 4818 1180 4888 scriptum
1208 4833 1424 4886 semper
1470 4817 1571 4872 fuit
1602 4817 1656 4890 in
1676 4818 1915 4890 antiquis
1937 4833 2119 4890 acve-

527 4888 825 4945 racioribus
856 4892 1018 4946 llebr.
1048 4889 1410 4944 voluminibus
1441 4930 1458 4956 ,
1515 4890 1591 4945 uti
1616 4888 1777 4944 ﬁdem
1811 4888 1966 4946 nobis
1996 4889 2120 4944 facit

524 4962 801 5016 laudatum
827 4964 936 5029 jnnt
959 4964 1235 5029 exemplar
1257 4978 1359 5016 ms.
1382 4960 1619 5017 Colbert.
1655 4961 1904 5017 Biblioth.
1938 4961 1991 5016 in
2020 4976 2129 5032 quo

528 5032 781 5087 scribitur
807 5039 944 5097 hs:
966 5050 1084 5087 cum
1117 5043 1318 5089 camets
1346 5034 1446 5089 sub
1481 5033 1641 5103 capit,
1665 5041 1868 5088 etcum
1898 5031 2127 5089 sclmree

526 5105 664 5159 intra
691 5119 811 5158 vav.
844 5108 994 5172 Quod
1017 5107 1389 5161 oblocutorum
1420 5121 1482 5161 os
1504 5108 1658 5172 plane
1686 5103 2122 5161 occluditMtnr.

536 5200 603 5215 --
632 5176 848 5231 Addunt
876 5179 1034 5232 iidem
1064 5192 1192 5233 mss.
1229 5193 1340 5231 me:
1373 5186 1484 5232 tum
1520 5176 1808 5232 Vinxerunt
1840 5191 1936 5246 pro
1963 5173 2127 5230 Fixa-

530 5257 653 5303 runt
686 5248 891 5318 legunt.
926 5250 1048 5303 llaec
1079 5264 1242 5319 porro
1273 5250 1361 5303 illa
1395 5257 1479 5304 cst
1510 5259 1820 5318 trantopere
1855 5248 2124 5317 eatagitala

530 5318 743 5391 Hebrmi
780 5327 957 5391 textus
988 5318 1149 5374 lectio
1194 5329 1328 5380 31x:
1355 5323 1528 5384 cauri,
1563 5336 1723 5391 quam
1755 5321 2118 5376 recentiorum

531 5390 888 5447 ilebrmovum
918 5389 1101 5443 fraude
1125 5392 1433 5457 conﬁctam,
1485 5389 1601 5447 sive
1631 5393 1979 5461 depravatum
2013 5405 2111 5460 pro

525 5474 680 5529 ﬁxa,
710 5465 805 5531 .vel
854 5471 971 5529 ἸἻ),
1004 5478 1161 5525 curn,
1193 5465 1259 5518 ad
1289 5464 1615 5520 eludendum
1646 5463 1940 5518 Domittican
1982 5476 2109 5532 pas-

528 5536 709 5607 sionis
747 5538 1063 5607 mysterium
1090 5535 1259 5607 docti
1302 5536 1443 5600 viri,
1504 5536 1663 5591 editis
1698 5536 1798 5590 hac
1844 5549 2010 5607 super
2053 5550 2111 5607 re

532 5606 765 5677 propriis
804 5604 1325 5677 disceptationibus,
1356 5607 1825 5663 demonstrarunt.
1865 5605 2023 5661 Certe
2050 5604 2119 5662 ad

526 5675 649 5732 eam
691 5675 1120 5734 convincendum
1150 5675 1429 5743 fraudem,
1484 5680 1526 5732 si
1555 5680 1657 5733 alia
1687 5680 1959 5743 deessent,
1992 5692 2113 5748 qua:

524 5750 807 5823 innumera
836 5758 1137 5823 suppetunt
1163 5763 1502 5823 argumenta,
1529 5750 1631 5823 hoc
1654 5751 1834 5823 ipsum
1849 5749 1993 5817 quod
2016 5750 2114 5804 abs

524 5821 858 5899 Hieronymo
876 5820 1096 5897 petitur,
1122 5837 1252 5882 sane
1284 5820 1496 5881 videtur
1526 5821 1902 5889 ineluctabile;
1936 5835 2115 5897 neque

2262 1659 2368 1720 non
2396 1644 2584 1701 timebo
2603 1647 2821 1720 malum,
2848 1650 3094 1720 quoniam
3111 1660 3167 1705 tu
3188 1666 3386 1705 meeum
3400 1665 3423 1706 :

2261 1714 2408 1789 virga
2427 1724 2516 1771 tua
2537 1728 2585 1773 et
2610 1714 2827 1776 baculus
2856 1714 3000 1792 inus,
3023 1723 3141 1795 ipsa
3158 1722 3569 1779 cumulabantur
3589 1738 3689 1778 me.

2113 1764 2166 1828 Β
2190 1764 2369 1845 Ροηᾶ
2388 1804 2566 1845 coram
2586 1807 2666 1846 me
2689 1764 2915 1849 τηετιίατῖτ

2260 1873 2330 1914 ex
2348 1859 2565 1917 adverso
2590 1863 2817 1918 hostium
2842 1880 3074 1921 meorum
3090 1882 3110 1921 :

2192 1927 2544 2013 Impinguasti
2572 1934 2625 2013 in
2652 1932 2762 2013 [ᾼιιἶ
2793 1945 2898 1992 tae.
2920 1936 2996 2011 in]
3033 1940 3146 1995 oleo
3172 1946 3331 2013 caput
3356 1952 3553 2006 meum,

2263 2003 2405 2058 calix
2434 2020 2577 2060 meus
2598 2003 2882 2063 inibrians.

2194 2072 2303 2131 Sed
2346 2084 2420 2156 et_
2445 2077 2739 2156 benignitas
2777 2087 2826 2134 et
2866 2080 3224 2139 misericordia
3260 2081 3638 2156 subsequentur
3680 2077 3792 2155 [AL

2336 2146 2739 2223 subsequantur]
2768 2167 2868 2218 me,

2269 2218 2511 2274 omnibus
2535 2218 2854 2278 diebus'vitaz
2879 2239 3040 2280 atem:

2200 2282 2555 2366 Et_ltabitatio
2577 2293 2638 2366 in
2662 2294 2817 2349 domo
2842 2294 3080 2366 Domini,

2271 2361 2329 2416 in
2351 2360 2672 2434 longitudine
2692 2366 2912 2421 dierum.

2557 2448 2827 2514 esui-[cunt
2855 2436 2932 2510 [Ιι.
2952 2439 3205 2514 psalmus]
3224 2456 3412 2514 puto.

2205 2499 2470 2588 [xxi
2508 2501 2721 2588 Domini
2751 2519 2825 2564 est
2853 2499 2993 2588 ierra
3011 2521 3060 2568 et
3088 2499 3363 2585 plenitudo
3382 2515 3499 2588 ejus
3514 2530 3537 2571 :

2278 2575 2415 2633 orbis
2437 2575 2485 2633 et
2510 2577 2828 2636 habitatores
2858 2584 2994 2656 ejus.

2206 2734 2351 2819 enim
2372 2745 2468 2819 aut
2493 2735 2737 2819 ﬁxerunt,
2773 2748 2868 2795 aut
2898 2740 3164 2819 foderunt,
3198 2751 3290 2799 aut
3318 2743 3448 2815 quid
3469 2743 3803 2819 simile_ver-

2209 2807 2340 2890 bum
2368 2805 2561 2890 fuisset
2585 2805 2994 2890 interpretatus,
3013 2814 3076 2890 _si
3095 2805 3490 2890 nomen,
3524 2816 3674 2886 quod
3697 2823 3798 2882 est,

2209 2884 2341 2959 sicut
2364 2879 2466 2959 leo,
2489 2879 2544 2959 in
2560 2880 2661 2959 sui
2693 2882 2795 2937 ωνί
2813 2885 3213 2959 exemplaribus
3230 2879 3512 2945 Hebraicis
3538 2879 3800 2959 scriptum

2211 2949 2692 3026 invenisset.-Nam
2714 2954 2858 3026 quod
2891 2949 3113 3012 minime
3142 2958 3259 3026 ipse
3306 2959 3553 3016 retixerit
3577 2949 3799 3016 vei-bum

2213 3020 2372 3091 illud,
2403 3020 2975 3101 planissime'evineit
3004 3029 3118 3098 ipsa
3155 3020 3258 3087 ea».
3286 3027 3451 3096 LXX,
3487 3032 3701 3101 Aquilze
3725 3031 3804 3085 in-

2215 3107 2379 3177 super
2405 3091 2829 3177 ‘et_Symm_achi,
2861 3091 3202 3177 aliorumque
3223 3091 3802 3177 interpretumlectio,

2215 3174 2336 3247 tum
2353 3164 2781 3247 Iucglentissima
2810 3164 3130 3247 testimonia
3148 3170 3349 3228 Justini
3367 3164 3658 3247 Martyris,
3688 3164 3805 3229 Oti;

2214 3235 2390 3364 genis,
2435 3234 2704 3304 Eusebii,
2745 3249 2908 3310 atque
2950 3242 3180 3297 aliorum
3228 3253 3416 3299 nostro
3441 3234 3804 3301 vetustiorum

2257 3316 2457 3363 atrum.
2500 3308 2639 3363 Sunt
2668 3323 2799 3364 vero
2828 3312 2993 3364 etiam
3023 3314 3116 3364 aui
3160 3314 3380 3364 codices
3417 3316 3581 3364 Hebr-
3613 3330 3675 3364 se
3723 3327 3804 3364 le-

2257 3308 2639 3384 atrum._Sunt
2668 3323 2799 3365 vero
2820 3308 2993 3384 etiam
3023 3314 3116 3384 qui
3160 3314 3380 3371 codices
3416 3316 3581 3372 llebr.
3613 3330 3675 3372 se
3723 3327 3805 3372 te-

2217 3386 2446 3462 alantur-
2472 3378 2689 3462 legisse,
2720 3382 2839 3462 _qui
2868 3378 3124 3462 Caeru'jn
3155 3395 3348 3462 textu,
3374 3388 3527 3462 nulla
3557 3388 3804 3462 apposita

2218 3452 2486 3531 varietate
2513 3452 2786 3531 lectionis,
2826 3454 3226 3531 praeferebant,
3259 3457 3381 3513 aliis
3405 3458 3470 3514 ad
3501 3452 3805 3531 marginem

2142 3494 2189 3558 ο
2216 3494 2807 3599 ῥὰῖἶῖἐιίιῆὸῖἷιξίἇῆἶὲ.
2826 3494 3226 3599 νὰὂῒιῖὲῖίῖῗιὶὶῖιῖ
3259 3494 3470 3585 ’ἕξιῖεῖ
3497 3494 3610 3586 ἓῖὲ
3624 3494 3804 3599 ’⁵ιίἶὶΞὲ

2213 3594 2461 3671 Martiali.
2486 3592 2765 3671 laudat,in
2795 3611 2902 3668 quo
2933 3597 3163 3671 primum
3185 3602 3449 3671 scriptum
3478 3610 3601 3671 erat
3624 3592 3804 3669 cauri,

2212 3662 2409 3746 deinde
2424 3663 2791 3746 emendatum,
2810 3662 3076 3746 producta
3102 3670 3207 3726 Jod
3236 3662 3458 3735 lineola.
3490 3670 3691 3741 Cuaru,
3721 3662 3804 3728 Si;

2214 3735 2489 3813 monius__a
2515 3734 2834 3813 (gliristiano'
2849 3738 3041 3813 aliquo
3061 3753 3390 3809 correctum,
3422 3734 3514 3798 mu
3526 3734 3808 3813 latumque

2213 3806 2509 3888 contendit.
2530 3806 3141 3888 Martianiuusjudicium
3168 3806 3536 3888 liabbiuorum
3560 3806 3804 3886 appella-

2213 3878 2405 3949 vit,qui
2417 3878 2656 3946 ejusdem
2670 3878 3651 3943 Hebraeiamanuensiscorrectionem
3663 3888 3803 3942 illam

2214 3964 2358 4031 esse,
2401 3950 2490 4031 qui
2515 3952 2713 4031 swculo
2734 3950 2854 4007 χιιι
2876 3952 2934 4031 in_
2951 3971 3102 4010 usum
3127 3954 3439 4012 Judteorum
3468 3957 3717 4014 codicem
3739 3957 3805 4013 il-

2215 4021 2325 4099 lum
2345 4020 2667 4099 scribebat,
2719 4039 2780 4079 re
2828 4024 3309 4099 seriusiperpensa
3360 4032 3803 4099 pronuntiarunt.

2288 4092 2317 4133 δ
2345 4092 2481 4167 Tres
2508 4108 2639 4151 mss.
2670 4096 2864 4162 nostri,
2890 4098 2980 4167 qui
2999 4092 3210 4155 timetis.

2247 4175 2264 4190 '
2291 4175 2313 4205 ο
2349 4164 2513 4220 [idem
2537 4180 2671 4221 mss.
2696 4182 2873 4222 coram
2900 4164 2961 4224 eo
2993 4184 3090 4239 pro
3113 4179 3193 4227 te:
3223 4179 3277 4227 et
3298 4185 3445 4238 mox,
3478 4169 3700 4229 Domini
3731 4180 3801 4228 est

2212 4256 2452 4297 reanum.

2270 4257 2723 4395 anzzierciensis
2742 4326 2805 4367 ac
2819 4310 3040 4383 Regium
3065 4328 3197 4371 mss.
3225 4314 3509 4371 curvabunt
3529 4330 3671 4389 genu
3691 4316 3808 4371 uni-

2216 4393 2371 4448 versi,
2396 4393 2505 4448 qui,
2532 4393 2639 4441 etc.

2293 4401 2706 4526 ξ’ἧεῗξίιᾶί
2733 4456 2996 4526 particula
3026 4456 3080 4511 in
3109 4456 3339 4514 laudatis
3372 4456 3537 4515 modo
3557 4473 3695 4514 mss.
3720 4468 3802 4516 est

2217 4529 2353 4599 ipsi:
2388 4543 2510 4599 qua:
2538 4537 2593 4583 et
2622 4530 2902 4584 meliorem
2935 4530 3095 4600 paulo
3121 4533 3453 4587 sententiam
3474 4545 3583 4585 vox
3613 4531 3808 4598 reddit,

2220 4636 2273 4682 et
2298 4631 2476 4695 potest
2496 4624 2616 4696 ipsa
2638 4623 2797 4681 etiam
2831 4640 2895 4680 ex
2915 4623 3143 4682 llebrteo
3172 4625 3455 4694 derivari;'
3481 4642 3610 4683 nam
3642 4609 3735 4693 κθ,
3757 4634 3809 4684 et

2222 4736 2349 4785 non,
2379 4702 2457 4782 πί).
2498 4718 2603 4785 illi,
2634 4716 2773 4773 idem
2808 4717 2965 4787 plane
2989 4720 3042 4773 lo
3072 4728 3269 4775 sonant
3296 4719 3350 4776 in
3382 4718 3809 4789 pronuntiando,

2222 4806 2287 4847 ac
2333 4789 2492 4862 facile
2546 4804 2714 4862 unum
2765 4804 2862 4861 pro
2908 4790 3086 4847 altero
3132 4790 3307 4862 potuit
3336 4792 3392 4849 in
3432 4792 3554 4862 ipso
3580 4789 3810 4848 Hebraeo

2148 4884 2202 4946 Ι)
2228 4871 2387 4946 tex.tu_
2404 4861 2679 4946 substitui.

2304 4932 2323 4973 ί
2356 4934 2579 5002 Aliquot
2606 4946 2761 5000 mss.,
2788 4931 3033 5004 justitias
3057 4934 3176 5005 ejus
3197 4972 3213 4988 .
3230 4972 3247 4991 .
3271 4973 3287 4988 .
3308 4973 3324 4989 .
3341 4973 3357 4988 .
3386 4948 3529 5006 quas
3558 4931 3691 4991 fecit
3714 4934 3813 4991 Do-

2230 5004 2429 5062 minus.
2457 5006 2637 5061 Mam.

2297 5078 2510 5134 -Sunt
2531 5093 2562 5134 e
2588 5076 2786 5151 nostris
2805 5092 2934 5151 mss.
2961 5075 3054 5146 qui
3084 5075 3173 5151 llic
3188 5076 3404 5147 quidem
3427 5077 3674 5151 justitias
3696 5077 3814 5151 plu-

2225 5149 2365 5222 rium
2399 5165 2648 5222 numero,
2682 5149 2734 5222 in
2757 5148 3106 5222 subsequenti
3145 5157 3325 5222 autem
3354 5148 3631 5205 versiculo
3649 5148 3806 5222 quem

2224 5221 2428 5291 legant,
2458 5219 2749 5296 referendo
2770 5219 2837 5277 ad
2866 5221 3156 5291 p0pulum:
3187 5220 3281 5277 alii
3306 5236 3459 5292 quas,
3481 5230 3531 5277 et
3541 5219 3812 5296 justitiam

2225 5301 2406 5348 tamen
2440 5295 2726 5349 retineant.

2296 5373 2323 5413 δ
2352 5363 2410 5420 In
2438 5373 2695 5422 contextu
2718 5362 2955 5419 Canonis
2981 5361 3433 5421 Carcassoneosis
3457 5363 3694 5435 positum
3733 5362 3812 5418 in-

2214 5437 2496 5492 veniemus
2539 5435 2786 5493 scbolion
2839 5435 2980 5491 istud
3033 5435 3364 5506 marginale,
3405 5444 3587 5504 pastor
3628 5448 3813 5492 meus:

2216 5508 2361 5581 quod
2391 5507 2745 5581 vitiuminfra
2776 5508 2977 5581 smptus
3007 5506 3233 5581 irrepsit
3251 5507 3376 5562 aliis
3407 5509 3467 5581 in
3491 5506 3811 5581 locis,_quo-

2220 5578 2338 5636 rum
2359 5590 2563 5636 tantum
2589 5580 2676 5636 hic
2696 5580 2995 5649 generatim
3019 5578 3329 5635 meminisse
3348 5578 3611 5637 sufﬁciat.
3632 5579 3805 5635 Itur.

2293 5650 2323 5690 ιι
2355 5653 2411 5707 ln
2445 5653 2618 5709 tribus
2641 5665 2773 5708 mss.
2803 5651 3099 5705 acclinavit.

2301 5721 2316 5760 ί
2352 5722 2410 5778 ln
2438 5723 2630 5779 iisdem
2663 5737 2794 5779 mss.
2818 5724 2872 5777 in
2909 5722 3057 5778 Valle
3078 5723 3289 5789 mortis,
3323 5721 3595 5781 vocabulo
3624 5721 3806 5786 untth

2223 5794 2365 5872 quod
2395 5802 2451 5857 et
2483 5794 2537 5853 in
2562 5795 2788 5859 Hebraeo
2814 5802 3054 5871 resonat,
3088 5793 3478 5870 prastcrmisso.
