4124 6360
484 231 625 294 1H9

483 351 566 407 Ad
599 359 668 419 te,
702 349 944 418 Domine,
977 349 1230 418 clamabo,

556 433 603 477 et
624 424 692 476 ad
725 422 1004 479 Dominum
1025 421 1358 490 deprecabor.

488 492 617 558 Qua:
647 502 719 550 est
746 495 944 550 utilitas
970 495 1021 550 in
1043 497 1294 566 sanguine
1325 509 1460 566 meo,

555 583 673 621 cum
714 567 1023 640 descendere
1051 563 1467 640 [Allridescendo]
1486 563 1539 620 in
1569 565 1960 638 corruptionem
1987 581 2006 622 :

498 636 768 711 Numquid
793 636 1114 709 con/itebitur
1137 639 1227 692 tibi
1245 636 1452 707 pulvis?

561 723 649 762 aut
681 711 1011 766 annuntiabit
1040 711 1301 765 veritatem
1327 711 1507 770 tuam?

484 781 648 844 Audi,
681 780 922 848 Domine,
956 791 1004 836 et
1040 782 1280 836 miserere
1299 782 1436 836 mei:
1509 831 1518 841 ,

553 850 797 928 Domine,
827 863 934 928 esto
965 853 1177 926 adjutor
1205 852 1331 928 mihi
1362 852 1469 928 [AL
1498 849 1685 928 meus].

482 921 788 980 Convertisti
812 921 1075 994 planctum
1105 942 1276 980 meum
1305 921 1595 980 iu'chorum
1618 921 1744 978 mihi
1769 940 1786 977 :

553 997 751 1050 solvisti
773 1013 978 1050 saccum
1007 1014 1198 1062 meum,
1222 1007 1269 1051 et
1298 998 1564 1052 accinxiin
1587 1014 1664 1052 me
1692 995 1896 1051 lwtitia.

488 1065 768 1141 Ut_laudet
902 1068 1089 1136 psallat
1118 1067 1229 1140 tibi]
1263 1079 1308 1122 te
1333 1067 1525 1139 gloria,
1557 1079 1604 1124 et
1634 1085 1736 1141 non
1763 1075 1954 1141 taceat.
2048 1124 2052 1141 ί

553 1137 773 1212 Domine
793 1136 951 1212 'Deus
969 1155 1138 1212 meus,
1176 1136 1228 1194 in
1268 1136 1636 1211 sempiternum
1667 1138 1741 1211 [h.
1798 1136 2067 1212 sa‘culum]

621 1211 897 1278 conﬁtebor
917 1211 1030 1266 tibi.

690 1298 903 1355 yicront
941 1298 1209 1355 csurtcuu
1251 1281 1330 1355 [h.
1365 1280 1848 1353 Psalniusl‘nsvm.

479 1350 741 1425 [XXXI]
769 1353 834 1407 ln
872 1363 939 1428 te,
983 1353 1224 1428 Domine,
1250 1350 1490 1428 :speravi,
1528 1350 1631 1410 non
1675 1355 1969 1428 confundor
2011 1357 2064 1411 in

613 1423 859 1498 internum
893 1423 966 1498 [Ιι.
998 1423 1317 1498 arculum]:
1410 1495 1429 1498 Α-
1769 1423 1786 1465 .'
1881 1437 1891 1442 -

473 1505 500 1570 τί
547 1493 615 1570 In
635 1497 843 1570 justitia
870 1493 956 1550 tua
987 1498 1126 1550 salva
1157 1493 1430 1570 [hs—eripe]
1464 1515 1563 1553 me.

472 1565 682 1622 Inclina
703 1569 772 1621 ad
797 1584 876 1622 me
904 1565 1244 1624 auremtuum

543 1639 805 1700 velociter,
832 1641 991 1693 libera
1022 1657 1102 1693 me
1125 1658 1143 1694 :

472 1708 602 1783 Esto
633 1713 758 1783 mihi
779 1711 832 1765 in
860 1713 1084 1783 lapidem
1113 1712 1474 1782 fortissimum,

539 1781 591 1834 in
618 1782 824 1836 domum
851 1781 1121 1849 munitam,
1153 1794 1204 1838 ut
1230 1787 1395 1840 salves
1426 1801 1523 1840 me.

471 1853 608 1918 Quia
638 1864 784 1925 petra
817 1871 927 1909 mea
957 1862 1002 1907 et
1032 1857 1252 1914 munitio
1280 1874 1389 1911 mea
1420 1867 1473 1910 tu
1502 1856 1608 1927 [ΛΙ.
1636 1855 1760 1912 add.
1797 1853 1871 1926 es]
1905 1871 1923 1910 :

538 1935 585 1977 et
618 1937 828 1996 propter
858 1943 1039 1982 nomen
1063 1935 1249 1980 tuum“
1273 1929 1491 1984 deduces
1516 1945 1614 1994 me,
1645 1939 1692 1981 et
1714 1929 1940 1982 enutries
1955 1943 2053 1996 me,

465 1992 671 2050 Educes
702 1992 778 2052 {ne
805 1997 868 2051 de
888 1998 1006 2067 reti,
1025 1999 1166 2069 quod
1206 1992 1747 2056 absconderunt‘mihi
1772 2015 1790 2055 :

535 2069 656 2138 quia
680 2076 735 2121 tu
760 2069 1011 2138 fortitudo
1045 2087 1172 2124 mea.

463 2135 724 2198 ht'tnanu
761 2135 850 2198 tua
890 2140 1254 2200 commendabo
1292 2139 1401 2214 [ΑΙ.
1452 2140 1779 2213 conmendo]
1819 2143 2056 2216 spiritum

607 2228 771 2266 meum
798 2230 817 2268 ἔ

530 2281 794 2338 redemisti
833 2301 928 2344 me.
962 2283 1182 2339 Domine
1209 2283 1347 2342 Deus
1376 2287 1628 2346 veritatis.

458 2349 489 2390 δ
520 2352 670 2408 0divi
693 2357 1035 2415 custodientes
1058 2359 1311 2414 vanitates
1337 2363 1535 2428 frustra
1566 2373 1584 2416 :

534 2442 626 2495 ego
657 2436 831 2480 autem
849 2431 900 2482 in
935 2428 1154 2481 Domino
1186 2430 1410 2498 confisus
1431 2447 1565 2483 sum.

460 2493 772 2565 Eas—ultabo,
797 2511 846 2553 et
869 2501 1083 2556 laztabor
1106 2502 1158 2554 in
1189 2493 1546 2556 misericordia
1576 2511 1689 2568 tua,

532 2573 654 2633 quia
688 2570 861 2644 vidisti
891 2572 1002 2644 [AL
1033 2572 1249 2640 audisti]
1288 2575 1624 2642 afflictionem
1651 2588 1817 2630 meam
1843 2588 1862 2628 :

531 2643 813 2711 cognovisti
843 2643 1203 2698 tribulationes
1232 2646 1420 2698 anima:
1449 2661 1592 2698 mete.

456 2708 530 2764 Et
562 2708 663 2766 non
690 2713 986 2770 conclusisti
1026 2731 1106 2768 me
1137 2715 1189 2770 in
1224 2725 1246 2755 ο
1286 2731 1443 2770 manu
1470 2716 1710 2771 inimici:

529 2786 760 2858 statuisti
798 2788 850 2840 in
889 2787 1158 2858 latitudine
1186 2790 1339 2858 pedes
1362 2803 1518 2846 meos.

458 2852 709 2928 [fisci-ere
729 2859 848 2921 mei,
880 2857 1118 2920 Domine,
1151 2852 1394 2928 quoniam
1416 2859 1656 2924 tribulor,

457 2924 706 3001 Caligarit
735 2931 788 2984 in
816 2931 991 3001 furore
1021 2924 1203 2986 oculus
1235 2947 1396 2998 meus,

526 3015 701 3053 anima
731 3017 844 3058 mea
871 3011 919 3056 et
949 3012 1122 3058 venter
1151 3019 1314 3060 meus.

461 3067 598 3136 Quia
628 3085 950 3141 consumpta:
979 3083 1096 3128 sunt
1125 3076 1175 3127 in
1199 3089 1413 3128 maerore
1436 3074 1551 3128 vita:
1573 3090 1720 3142 mete,

524 3151 572 3216 et
600 3145 725 3196 anni
758 3147 852 3216 mei
875 3145 928 3198 in
951 3147 1180 3216 gemitu:

455 3207 736 3281 Inﬁrmata
757 3211 785 3252 (ί
813 3225 887 3270 est
917 3207 974 3274 iri
1001 3218 1274 3288 iniquitate
1303 3233 1416 3273 mea
1440 3217 1694 3286 fortitudo
1713 3227 1826 3276 mea
1850 3233 1870 3272 :

522 3295 571 3338 et
591 3302 706 3339 ossa
730 3304 839 3341 mea
865 3290 1256 3344 contabuerunt.

451 3353 603 3424 Apud
634 3373 806 3433 omnes
829 3361 998 3416 hostes
1027 3379 1157 3414 meos
1190 3365 1358 3432 factus
1388 3379 1506 3416 sum
1535 3362 1889 3433 opprobrium,

524 3439 569 3480 et
598 3431 775 3483 vicinis
800 3433 922 3486 meis
952 3434 1127 3500 nimis,

521 3507 567 3552 et
596 3503 744 3554 timor
777 3503 908 3555 notis
939 3507 1102 3559 meis:

453 3567 814 3649 Quividebant
843 3591 920 3649 nte
946 3577 998 3629 itt
1019 3577 1223 3645 plateis.
1251 3576 1518 3649 fugiebant
1547 3593 1580 3632 a
1603 3593 1701 3632 me.

453 3639 709 3720 Oblivioni
736 3646 958 3720 traditus
985 3639 1098 3720 sum
1130 3639 1277 3720 quasi
1309 3639 1541 3704 mortuus
1571 3667 1603 3704 a
1629 3649 1783 3702 corde
1807 3665 1828 3705 :

520 3715 686 3793 factus
717 3733 832 3793 sum
861 3719 1004 3793 sicut
1029 3715 1331 3793 [Alfquasi]
1371 3739 1458 3775 vas
1494 3723 1772 3793 perditum.

446 3781 632 3839 Audivi
659 3790 794 3841 enim
824 3781 1155 3860 approbriutn
1173 3781 1478 3859 multorum,

517 3860 965 3931 congregationem
987 3863 1038 3915 in
1063 3864 1280 3917 circuitu
1299 3881 1319 3931 ;

446 3926 574 3981 Cum
602 3926 790 3984 inirent
822 3934 1095 3986 consilium
1120 3926 1388 3990 aduersum
1412 3951 1491 3990 me
1518 3951 1535 3989 :

515 4010 562 4053 et
586 4011 639 4080 ut
660 4005 925 4080 auferrent
949 4007 1179 4061 animam
1209 4024 1375 4062 meam
1413 4006 1760 4078 cogitaverunt
1799 4005 1906 4080 [AL
1953 4023 2038 4061 co-

586 4075 847 4147 gitarent].

441 4140 566 4221 Ego
584 4156 754 4221 autem
777 4140 829 4201 iii
861 4157 907 4202 te
936 4151 1156 4221 speravi,
1186 4150 1404 4208 Domine
1426 4166 1447 4206 :

511 4216 641 4281 diri,
678 4217 817 4273 Deus
842 4216 982 4276 meus
1010 4231 1086 4277 tu.

513 4358 536 4426 ξ
560 4347 703 4426 idem
725 4366 827 4426 ms.
858 4349 967 4426 dux
989 4370 1128 4409 meus
1152 4357 1273 4426 eris,
1302 4372 1400 4426 pro
1422 4357 1644 4412 deduces
1670 4375 1768 4412 me.

510 4418 537 4457 ι)
558 4422 770 4498 ἔοςιιεί.
797 4423 1066 4498 ac_plures
1095 4425 1238 4498 apud
1255 4418 1508 4486 Murtian.
1535 4444 1665 4484 mss.
1705 4429 1897 4485 Odisti.

511 4499 533 4527 ο
558 4489 676 4573 Duo
703 4506 834 4573 mss.
860 4489 911 4546 in
961 4489 1232 4553 inanibus:
1269 4512 1379 4556 tum
1419 4501 1772 4558 Cistcrcicns.
1807 4502 2028 4573 posuisti

438 4575 534 4628 pro
560 4565 804 4614 statuisti.
1333 4597 1337 4600 ~

507 4629 534 4668 ά
575 4635 804 4687 llursum
835 4633 1066 4696 Cistel‘c.
1119 4637 1324 4695 Corruit
1365 4641 1420 4696 iu
1463 4643 1733 4712 iniquitate
1771 4643 2027 4714 fortitudo

433 4718 565 4758 mea.

507 4785 530 4813 °
566 4779 619 4856 in
645 4781 865 4856 nostris,
899 4792 952 4836 et
977 4782 1276 4856 Martianmi
1301 4785 1506 4855 aliquot
1525 4799 1656 4840 mss.
1683 4786 1896 4842 ostende
1923 4801 2018 4856 pro

429 4847 687 4905 illumina.
724 4855 844 4912 Mox
879 4871 1020 4912 unus
1049 4847 1405 4913 Cistcrciensi
1439 4864 1586 4914 tacet
1615 4874 1716 4913 me.
1923 4847 1934 4856 ’
1997 4915 2000 4918 .

506 4921 858 5000 ίᾸιει-ρῐηηθε
904 4944 1034 5000 mss.
1063 4928 1320 5000 codices:
1351 4928 1479 4984 editi
1500 4939 1680 4986 autem
1714 4929 1894 5000 legunt
1925 4931 2022 4984 du-

428 4994 594 5070 ra._S.
630 4997 982 5070 Hieronymus
1021 4999 1108 5055 hic
1137 5012 1190 5056 et
1220 4999 1359 5057 infra
1407 5016 1486 5070 ps.
1517 5017 1636 5058 χειν
1662 5046 1677 5070 ,
1711 4994 2020 5070 bfvcrbnm

428 5065 594 5122 Hebr.
628 5079 749 5156 pm:
785 5065 937 5126 aihac
991 5073 1375 5142 interpretatur
1407 5065 1560 5128 vetus
1619 5065 1675 5128 et
1730 5065 2020 5144 antiquum.

501 5158 671 5214 Porro
698 5178 894 5218 nomen
923 5175 1045 5246 pn‘)
1073 5167 1223 5220 athac
1243 5168 1513 5239 singulare
1544 5171 1776 5240 pusilli!“
1811 5180 1892 5225 est
1922 5183 2019 5240 pro

425 5251 615 5319 plurali
665 5257 846 5310 multis
887 5258 1176 5327 Srt‘ipltlrn‘.
1229 5261 1358 5316 locis
1389 5303 1402 5325 ,
1457 5273 1509 5316 et
1550 5277 1669 5317 etim
1701 5265 1926 5319 vertitur
1968 5263 2018 5318 in

425 5329 578 5449 ﬁlum,
628 5327 850 5400 intelligi
882 5332 1076 5386 debent
1125 5332 1260 5386 dura
1283 5379 1298 5402 ,
1347 5333 1502 5410 quasi
1534 5335 1681 5391 dicas
1711 5338 2016 5391 invetarata.

480 5412 605 5450 sur.

480 5413 605 5450 ΛΒΤ.

413 5466 783 5552 :—Veriprcm
829 5454 1000 5528 multo
1033 5474 1328 5552 itselionctn
1374 5492 1497 5532 esse
1543 5475 1805 5552 arbitror,
1848 5495 2010 5552 quum

420 5537 743 5618 gistercien.
781 5560 885 5618 tus.
915 5547 1130 5610 prml‘ert
1161 5545 1327 5601 erec.-'a
1365 5564 1462 5618 pro
1497 5561 1684 5604 vetera.
1720 5537 2011 5608 Niiit'iicet

420 5608 711 5667 Hebraeum
774 5608 1150 5699 verbumth
1203 5608 1452 5689 (nou'ct
1506 5621 1755 5678 Martiali.
1814 5623 2010 5679 scribit

416 5705 564 5774 D78)
612 5707 880 5777 signiﬁcet
918 5721 1246 5775 veterascere,
1287 5716 1649 5785 metonymice
1707 5725 1892 5772 tamen
1949 5717 2002 5772 in

415 5795 712 5867 Scripturis
739 5815 884 5872 θωνα
923 5806 1184 5875 accipitur
1207 5821 1308 5878 pro
1338 5807 1604 5878 excedere,
1631 5807 1826 5880 efferri,
1883 5810 2002 5868 liis-

1782 228 1987 288 LIBER
2025 227 2465 308 PSALMORUM.

2106 353 2156 414 Α
2186 345 2430 430 Inmann
2459 356 2546 430 tua
2574 353 2799 430 tempora
2826 363 2937 429 mea
2967 363 2986 403 :

2077 3172 2124 3237 (Ξ

3639 234 3776 290 Η50

2256 421 2415 498 libera
2442 423 2504 473 de
2533 437 2688 474 manu
2711 421 3036 475 inimicorum
3065 437 3315 492 meorum,
3365 429 3411 478 et
3463 439 3775 498 persequen-

2325 502 2453 545 tium
2479 509 2577 551 me.

2181 557 2437 617 Illumina
2472 572 2494 599 ο
2521 563 2702 632 faciem
2728 574 2865 618 tuam
2889 578 3044 631 super
3072 580 3272 619 servum
3297 574 3443 620 tuum
3467 582 3488 622 :

2251 635 2393 688 salva
2423 651 2503 688 me
2530 636 2582 689 in
2605 636 2966 696 misericordia
2988 643 3095 692 tria.

2180 702 2420 779 Domine,
2445 704 2560 779 non'
2577 705 2685 779 [AL
2707 706 2790 778 ne]
2822 709 3136 778 confundor,
3159 709 3283 774 quia
3308 709 3542 768 invocavi
3573 719 3653 770 te:

2248 777 2634 852 confundantur
2656 777 2828 850 impii,
2864 777 3065 837 taceant
3092 781 3143 835 in
3161 781 3383 852 inferno.

2179 845 2328 900 Muta
2347 845 2475 918 ﬁant
2508 848 2645 904 labia
2668 845 2923 910 mendacii
2952 866 2969 904 :

2246 937 2361 988 qua:
2382 923 2660 991 loquuntur
2682 935 2861 977 contra
2894 923 3091 983 iustum
3122 920 3142 960 ί
3177 932 3371 990 vetera,

2245 992 2300 1045 in
2319 992 2557 1067 superbia
2587 1003 2634 1048 et
2656 995 2999 1067 despectione.

2178 1061 2344 1128 Quam
2368 1061 2528 1119 multa
2556 1073 2626 1119 est
2658 1061 2858 1120 bonitas
2888 1076 2980 1120 tua
3014 1081 3166 1136 quam
3197 1065 3508 1123 abscondisti
3535 1069 3762 1130 timenti-

2319 1137 2410 1190 bus
2433 1144 2499 1202 te,

2244 1218 2483 1283 apert-itus
2502 1225 2554 1262 es
2575 1210 2899 1282 sperantibus
2930 1211 2984 1266 in
3018 1217 3097 1275 te;
3135 1208 3190 1263 in
3215 1219 3490 1282 conspectu
3531 1211 3762 1283 ﬁliorum

2313 1277 2611 1334 hominum]
3034 1343 3038 1346 ,
3234 1345 3238 1348 ,

2169 1347 2462 1405 Abscondes
2485 1369 2567 1406 eos
2589 1355 2641 1406 in
2675 1354 2985 1421 protectione
3011 1351 3184 1408 vultus
3217 1347 3310 1411 tui.
3345 1353 3589 1409 aduritia
3614 1356 3710 1410 viri
3733 1373 3752 1412 :

2239 1423 2621 1498 abscondcs‘eos
2642 1427 2694 1480 in
2715 1427 2916 1497 umbra,
2950 1441 2981 1480 a
3013 1425 3418 1480 contradictione
3440 1426 3752 1498 linguarum.

2077 1557 2084 1563 .
2170 1491 2478 1550 Benedictus
2499 1495 2792 1552 Dominus:

2237 1565 2324 1636 qui
2343 1567 2642 1649 mirabilem
2659 1551 2779 1640 fecit
2800 1567 3212 1624 misericordiam
3243 1551 3388 1622 suain
3421 1568 3572 1637 mihi,
3598 1571 3652 1626 in
3683 1570 3758 1626 ci-

2306 1641 2459 1692 vitate
2481 1641 2699 1696 munita.

2167 1705 2279 1779 Ego
2306 1718 2474 1763 autem
2500 1711 2610 1765 dixi
2639 1714 2689 1767 in
2720 1721 2929 1779 stupore
2957 1727 3067 1766 meo
3096 1727 3115 1766 .'

2087 1782 2134 1842 B
2176 1777 2505 1854 _'Projectus
2534 1800 2645 1840 sum
2663 1784 2726 1840 de
2754 1777 3028 1854 conspectu
3049 1783 3315 1839 oculorum
3340 1794 3365 1833 ε
3391 1792 3614 1840 tuorum.

2164 1848 2370 1921 Ergone
2390 1853 2582 1908 audisti
2604 1872 2774 1910 vocem
2797 1848 3181 1924 deprecationis
3205 1873 3331 1911 metu
3353 1872 3372 1912 :

2233 1938 2348 1975 cttm
2379 1925 2660 1979 clamarem
2689 1925 2756 1979 ad
2774 1927 2861 1979 te?

2161 1989 2379 2074 Diligite
2399 1993 2678 2074 Dominum
2709 2013 2883 2074 omnes
2909 1995 3072 2051 sancti
3106 1995 3180 2069 [Ιι.
3203 1997 3586 2071 misericordes]
3613 2001 3749 2074 ejus,

2233 2067 2410 2133 fideles
2439 2079 2603 2121 servat
2630 2067 2883 2127 Dominus
2907 2084 2924 2120 :

2231 2134 2333 2215 eth
2361 2138 2536 2215 tribuit
2565 2140 2663 2204 his,
2688 2142 2776 2215 qui
2805 2141 2931 2195 satis
2954 2149 3234 2210 apernntur
3256 2141 3570 2215 superbiam.

2159 2205 2558 2278 Confortamini,
2575 2221 2622 2265 et
2646 2205 2920 2267 roboretur
2944 2205 3030 2265 cor
3060 2223 3300 2280 vestrum,

2232 2297 2406 2340 omnes
2429 2282 2515 2351 qui
2539 2285 2843 2353 exspectatis
2867 2281 3167 2360 Dominum.
3255 2326 3264 2328 -

2668 2371 2830 2414 DAVID
2875 2365 2890 2392 ι
2936 2370 3186 2410 ERUDITO.

2160 2420 2458 2548 [XX/UL}
2490 2423 2703 2493 Beatus,
2734 2429 2817 2480 cui
2838 2425 3052 2485 dimissa
3080 2437 3154 2482 est
3183 2427 3452 2500 iniquitas,

2230 2495 2417 2548 abscon
2465 2499 2590 2548 itum
2621 2509 2695 2548 est
2730 2507 3013 2548 peccatum.

2230 2495 2590 2568 absconditum
2621 2509 2695 2551 est
2729 2507 3013 2568 peccatum.
3269 2495 3279 2500 ⁷
3639 2551 3645 2553 ,,

2155 2563 2350 2620 Beatus
2380 2566 2556 2644 homo,
2575 2569 2676 2644 cui
2695 2563 2797 2624 non
2819 2569 3093 2639 imputabit
3112 2567 3220 2644 [AL
3248 2568 3549 2643 imputavit]
3573 2569 3756 2626 Domi-

2302 2655 2400 2691 nus
2422 2641 2742 2710 iniquitatem
2772 2658 2791 2696 :

2228 2724 2321 2785 nec
2340 2719 2414 2764 est
2437 2711 2490 2785 in
2519 2713 2705 2784 spiritu
2738 2716 2852 2785 ejus
2878 2711 3052 2770 dolus.

2163 2780 2300 2848 Quia
2321 2783 2464 2836 tacui
2485 2780 2666 2838 attrita
2697 2780 2813 2839 sunt
2844 2801 2962 2839 ossa
2985 2799 3129 2839 mea:

2229 2853 2283 2905 in
2305 2854 2480 2925 rugitu
2507 2871 2618 2909 meo
2638 2864 2743 2910 tota
2767 2857 2871 2911 die.
3178 2911 3180 2913 _

2155 2922 2255 2977 Die
2274 2922 2408 2978 enim
2427 2935 2474 2980 et
2500 2936 2648 2981 nocte
2677 2938 2919 2999 gravatur
2943 2943 3102 2999 super
3122 2943 3202 2981 me
3233 2943 3418 2982 ntanus
3441 2936 3531 2982 tua
3564 2943 3584 2982 .'

2224 3006 2457 3052 versatus
2493 3015 2607 3070 sum
2650 3001 2702 3052 in
2745 3001 2952 3055 miseria
2993 3015 3129 3070 mea,
3166 3017 3283 3054 cum
3336 3001 3738 3056 exardescereti

2298 3071 2492 3124 messis.
2519 3069 2772 3127 JL'GITEn.

2159 3137 2433 3215 Peccatum
2452 3158 2630 3215 meum
2656 3155 2833 3196 notum
2864 3141 2999 3215 facio
3019 3143 3112 3215 tibi
3140 3158 3160 3196 :

2225 3220 2276 3265 et
2298 3211 2617 3282 iniquitatem
2645 3231 2810 3272 meam
2839 3211 2941 3270 non
2960 3212 2986 3250 κ
3015 3213 3282 3269 abscondi.

2152 3280 2300 3347 Dixi,
2339 3280 2619 3355 confitebor
2648 3287 2841 3342 scelera
2869 3303 2984 3339 mea
3007 3284 3228 3355 Domino

2224 3363 2272 3408 et
2291 3362 2348 3482 tSu
2369 3354 2614 3412 dimisisti
2644 3356 2719 3430 [h.
2744 3354 3027 3428 abstulisti]
3051 3357 3372 3428 iniquitatem
3396 3357 3594 3429 peccati
3623 3359 3743 3414 mei.

2339 3443 2535 3482 aurea.

2339 3443 2535 3482 EMPER.

2155 3495 2316 3572 Prol
2347 3499 2443 3551 hac
2473 3508 2583 3554 orat
2605 3501 2768 3555 omnis
2789 3510 2999 3556 sanctus
3027 3499 3102 3572 [Ιι.
3124 3497 3440 3572 misericors]
3463 3499 3532 3554 ad
3571 3511 3653 3556 te:

2224 3569 2292 3623 ad
2313 3577 2513 3639 tempus
2535 3573 2825 3639 inveniens;

2157 3638 2226 3694 Ut
2257 3657 2378 3716 cum
2396 3638 2758 3698 inundaverint
2780 3638 2930 3716 aqua:
2956 3646 3154 3712 multat,

2222 3714 2290 3765 ad
2318 3713 2468 3767 illum
2495 3731 2595 3769 non
2620 3713 2887 3771 accedant.

2153 3781 2238 3858 Tu
2269 3783 2378 3856 [AL
2412 3784 2538 3839 add.
2564 3785 2638 3858 es]
2667 3790 2910 3854 protectio
2940 3803 3070 3850 mea,
3097 3785 3158 3840 ab
3177 3784 3323 3840 hoste
3349 3785 3611 3840 custodies
3630 3783 3745 3854 'me,

2220 3855 2336 3908 laus
2369 3873 2482 3910 mea
2505 3855 2713 3912 salvans
2746 3875 2763 3912 :
2796 3859 3141 3913 circumdabis
3161 3873 3261 3912 me.
3287 3858 3530 3925 SEMPER.

2147 3934 2187 3963 ω
2215 3925 2466 4003 Erudiam
2487 3939 2554 4003 te.
2576 3940 2621 3985 et
2635 3929 2941 3991 illuminabo
2955 3930 3187 3984 tibiviam
3202 3946 3292 4003 per
3310 3947 3467 4002 quam
3480 3929 3709 3986 ambules
3728 3945 3746 3981 :

2219 4000 2454 4072 cogitabo
2479 4001 2540 4056 de
2567 4011 2613 4055 te
2630 4003 2780 4056 oculo
2806 4021 2938 4058 meo.

2156 4068 2336 4146 Nolite
2356 4071 2470 4146 ﬁeri
2497 4074 2628 4146 sicut
2661 4092 2824 4146 equus
2852 4083 2904 4146 et
2933 4074 3105 4129 mulus

2221 4143 2403 4218 quibus
2446 4143 2554 4216 [AL
2587 4143 2639 4218 in
2668 4143 2871 4218 quibus]
2896 4157 3095 4218 nonest
3126 4145 3517 4218 intelligentia:

2151 4211 2217 4266 In
2235 4211 2419 4269 chamo
2445 4211 2492 4269 Et
2521 4224 2550 4252 ιι
2573 4211 2718 4290 freno
2755 4211 3000 4273 maiillas
3030 4221 3140 4286 eius
3170 4211 3506 4290 consiringis,
3548 4223 3604 4270 ut
3640 4231 3743 4271 non

2050 4351 2103 4412 ι)
2129 4363 2234 4420 que
2261 4349 2548 4406 similibus.
2585 4351 2717 4407 Cum
2746 4367 2938 4407 sensus
2965 4353 3032 4408 de
3062 4351 3246 4408 verbis
3275 4359 3382 4416 est,
3425 4367 3486 4407 ea
3519 4355 3739 4423 proprie
3771 4383 3780 4395 -

2137 4423 2380 4487 denotat,
2405 4438 2526 4491 qua:
2558 4425 2821 4478 terminos
2842 4423 3005 4480 ofﬁcii
3045 4434 3366 4488 excurrunt,
3418 4438 3478 4479 se
3532 4436 3739 4481 temere

2137 4493 2477 4568 extollentia,
2508 4509 2570 4549 nc
2601 4496 2854 4562 superba,
2885 4496 2973 4568 illa
3005 4495 3238 4565 denique
3265 4496 3400 4564 ipsa,
3424 4512 3545 4568 quia
3599 4513 3737 4563 prte-

2139 4564 2244 4618 fcrt
2276 4565 2518 4619 laudatus
2549 4582 2650 4620 ms.
2682 4575 2872 4620 erecta.
2924 4564 3162 4621 Possunt
3186 4577 3239 4621 et
3271 4564 3539 4621 abnorinia
3571 4570 3739 4622 inter-

2137 4635 2361 4706 prcturi,
2395 4637 2612 4706 etund
2665 4637 2775 4691 ltnli
2824 4637 3030 4705 dicunt,
3085 4656 3219 4702 cose,
3251 4655 3279 4691 ο
3311 4637 3490 4706 parole
3534 4648 3733 4694 strane.

2136 4705 2304 4760 Paulo
2324 4715 2442 4774 pos't
2464 4705 2602 4762 idem
2635 4724 2740 4763 ms.
2769 4708 2948 4777 habet,
2975 4710 3096 4778 quia
3121 4709 3283 4764 multa
3305 4705 3378 4765 est
3396 4710 3610 4776 bonitas,
3629 4722 3739 4766 etc.

2207 4778 2398 4856 _8_'|_'res
2433 4795 2531 4834 ms.
2564 4781 2835 4856 oculorum
2859 4785 2992 4856 ejus.

2144 4845 2162 4862 ‘
2200 4845 2228 4886 ιι
2258 4847 2421 4904 Iidem
2452 4866 2585 4906 mss.
2619 4845 2963 4916 retribuetfet
3001 4854 3256 4909 retribuit.

2215 4920 2227 4957 ί
2261 4920 2327 4975 Et
2362 4922 2550 4988 noscri,
2583 4932 2638 4978 et
2657 4941 2794 4992 quos
2822 4925 3004 4980 laudat
3059 4926 3312 4980 Martian.
3359 4939 3489 4980 mss.
3545 4926 3738 4982 eruditi

2131 4991 2322 5065 legunt
2356 5010 2450 5061 pro
2475 4991 2701 5050 erudito.
2927 5007 2940 5020 ί

2209 5077 2222 5115 t
2265 5065 2390 5119 Mss.
2425 5065 2554 5132 duo,
2585 5084 2702 5121 cum
2732 5067 3086 5122 exardesceret
3111 5084 3190 5122 me
3219 5077 3371 5124 testas
3401 5085 3420 5124 :
3447 5067 3536 5124 ubi
3571 5067 3730 5124 vitio-

2130 5151 2250 5212 sum
2281 5137 2412 5191 illud
2444 5156 2523 5193 me
2547 5152 2716 5212 testas,
2755 5142 2956 5195 incuria
2983 5140 3332 5196 librariorum
3359 5143 3626 5212 scriptum
3654 5143 3731 5196 vi-

2131 5208 2290 5264 detur
2313 5225 2407 5277 pro
2436 5213 2622 5266 messi.
2648 5211 2825 5268 Mser.

2205 5281 2228 5319 κ
2270 5279 2502 5355 Rursum
2532 5284 2700 5338 nostri
2734 5299 2862 5339 mss.
2899 5299 3002 5339 non
3031 5283 3308 5343 abscondo.
3341 5283 3470 5341 Dixi
3516 5286 3734 5355 confite-

2126 5352 2217 5406 bar
2246 5353 2412 5408 scelus
2445 5372 2630 5409 meum.

2199 5432 2216 5472 1
2251 5433 2422 5508 litlcni
2445 5450 2574 5488 mss.
2603 5435 2703 5508 Pro
2722 5434 2820 5508 hoc
2841 5445 2971 5501 orat,
2995 5446 3049 5496 ct
3070 5452 3215 5504 mox,
3243 5447 3443 5508 tempus
3463 5438 3739 5498 inveniens

2119 5505 2326 5574 absque
2355 5505 2422 5558 ad
2453 5507 2864 5577 pra'pos'itioue.

2188 5595 2226 5624 ιη
2249 5585 2480 5640 Cisterc.
2512 5603 2629 5659 ms._
2646 5585 2872 5659 Doceam
2902 5596 2970 5652 te,
3017 5600 3061 5642 et
3097 5589 3435 5655 monstrabo;
3467 5588 3715 5659 plerique

2113 5659 2204 5714 alii
2235 5674 2356 5712 cum
2388 5659 2566 5724 editis,
2594 5657 2796 5712 Docebo
2827 5670 2895 5727 te,
2924 5662 3220 5715 monstrabo
3242 5662 3355 5716 tibi.

2118 5764 2125 5767 ·
2184 5749 2210 5776 ⁸³
2239 5741 2416 5813 Nostri
2441 5755 2655 5813 quoque
2679 5755 2808 5813 mss.
2843 5757 2966 5795 cum
2990 5745 3113 5798 aliis
3147 5758 3315 5813 pones
3342 5743 3598 5796 Martinn.
3632 5749 3716 5796 nt-

2109 5827 2215 5890 (ιυο
2238 5812 2398 5870 editis
2419 5809 2592 5882 libris,
2637 5809 2874 5870 maxillas
2925 5831 3106 5872 eorum
3132 5809 3454 5887 constringe,
3487 5815 3581 5892 qui
3612 5829 3719 5869 non
