4124 6360
433 290 571 353 1151

577 408 965 482 appropinquat
985 407 1053 462 ad
1071 416 1140 463 te.

437 478 600 537 Multi
614 478 820 539 dolores
840 478 987 551 impii
1006 494 1025 534 :

504 554 850 624 conﬁdentem
872 545 1044 609 autem
1079 550 1133 605 in
1162 547 1389 605 Domino
1412 546 1769 603 misericordia
1806 545 2031 603 circum-

584 626 747 682 dabit.

437 694 716 753 Lcetamini
734 698 790 752 in
816 686 1060 763 Domino,
1090 702 1139 750 et
1154 692 1428 759 exsultate,
1448 691 1584 764 justi
1614 704 1637 746 :

519 778 568 825 et
590 769 803 825 laudate
830 785 1002 824 omnes
1027 767 1154 822 recti
1175 764 1350 820 corde.

662 837 996 914 [XXXllI.]_
1032 839 1311 914 lnquere,
1338 850 1506 914 ψει-ε,
1543 832 1816 914 Donuca,

512 902 681 968 rectoi
702 912 842 983 decet
870 902 1105 983 laudatio
1135 910 1244 983 [A_l.
1278 902 1638 976 collaudatio].

442 981 770 1058 Conﬁtemini
792 981 1098 1058 Dominoin
1120 979 1374 1058 cithardi
1453 1048 1502 1058 ,Δ
1524 1049 1537 1058 _
1698 1056 1703 1058 _
1752 1057 1757 1058 γ
1794 1045 1809 1058 1
1875 1046 1887 1058 .

511 1045 567 1109 in
594 1055 837 1123 psalterio
864 1054 1187 1110 decachordo
1219 1050 1424 1124 psallite
1453 1048 1563 1123 [AL
1586 1045 1812 1119 cantate]
1838 1046 1910 1102 ei.

442 1124 657 1182 Cantale
682 1128 728 1182 ei
756 1127 1015 1182 canticum
1037 1141 1225 1179 novum
1246 1139 1266 1179 :

515 1199 546 1271 ἦ
567 1197 687 1253 bene
705 1197 915 1271 psallite
935 1199 989 1253 in
1004 1194 1180 1271 jubilg
1201 1211 1217 1248 :

447 1266 583 1336 Quia
605 1264 796 1324 rectum
815 1283 889 1324 est
913 1264 1118 1325 verbum
1137 1264 1347 1321 Domini
1372 1281 1392 1320 :

514 1349 563 1395 et
592 1356 742 1396 omne
764 1357 895 1409 opus
920 1341 1035 1411 ejus
1056 1340 1110 1394 in
1133 1339 1253 1407 ﬁde.

441 1408 981 1486 Diligitjustitiamﬁet
993 1411 1253 1486 judicium
1273 1425 1294 1465 :

516 1483 871 1539 misericordia
896 1483 1102 1539 Domini
1128 1483 1279 1539 plena
1300 1487 1375 1535 est
1401 1487 1556 1533 terra.

442 1549 512 1608 In
542 1553 783 1630 [Al.tac.
812 1554 902 1630 In]
928 1555 1074 1610 verbo
1105 1549 1317 1630 Domini
1337 1550 1450 1606 cwli
1478 1549 1606 1620 [acti
1630 1553 1748 1603 sunt
1779 1561 1801 1602 :

513 1625 562 1680 et
581 1628 771 1695 spiritu
795 1625 902 1682 orii
917 1631 1033 1700 ej‘us
1055 1625 1220 1682 omnis
1243 1632 1453 1678 ornatus
1475 1636 1671 1700 eorum.

442 1694 771 1770 Congregans
797 1694 1018 1770 quasi'in
1046 1707 1158 1770 utre
1178 1711 1339 1767 aquas
1362 1694 1518 1747 maris
1542 1706 1562 1749 .‘

514 1769 707 1838 ponens
726 1769 782 1825 in
805 1769 1058 1826 thesauris
1085 1769 1316 1839 abyssos.

445 1833 647 1916 Timeat
674 1841 955 1916 Dominum
994 1841 1102 1916 [AL
1132 1833 1172 1889 ᾱ
1194 1833 1437 1916 Domino]
1460 1834 1626 1891 omnis
1651 1842 1786 1916 terra
1807 1847 1829 1888 :

512 1912 684 1980 ipsum
708 1905 1232 1982 formident'universi
1256 1905 1568 1964 habitatores
1589 1905 1744 1962 orbis.

445 1981 585 2056 Quia
611 1983 722 2053 ipse
741 1985 893 2053 dixit,
923 1993 970 2039 et
991 1988 1159 2056 factus
1178 1991 1253 2037 est
1275 1997 1294 2035 :

511 2053 625 2129 ipso
649 2053 1002 2129 praecipiente,
1019 2055 1177 2129 stetit.

442 2123 699 2182 Dominus
719 2123 869 2182 soluit
890 2128 1156 2183 consilium
1178 2125 1405 2197 gentium
1429 2138 1448 2178 :

514 2197 689 2271 irritas
711 2198 830 2271 fecit
850 2199 1183 2271 cogitationes
1205 2197 1533 2271 populorum.

438 2265 729 2324 Consilium
754 2265 963 2324 Domini
987 2271 1042 2324 iu
1066 2265 1320 2324 internum
1348 2266 1497 2321 stabit
1525 2280 1544 2318 :

511 2340 848 2413 cogitationes
869 2342 1039 2413 cordis
1061 2343 1171 2413 ejus
1189 2339 1241 2392 in
1254 2339 1581 2413 generatione
1602 2342 1649 2389 et
1666 2333 2028 2407 generatione:

441 2409 605 2466 Beata
624 2428 772 2486 gens,
798 2416 950 2486 cujus
976 2409 1230 2486 Dominus
1261 2410 1398 2486 Deus
1416 2411 1565 2486 ejus,

511 2476 737 2555 populus
759 2476 911 2555 que'm
939 2483 1088 2555 elegit
1115 2481 1141 2520 δ
1170 2481 1222 2535 in
1253 2476 1600 2537 hwrediiatent
1628 2476 1747 2533 sibi.

438 2550 520 2608 De
544 2550 671 2628 ctelo
693 2550 952 2628 prospexit
973 2550 1248 2628 Dominus.

509 2625 635 2679 vidit
659 2625 834 2683 omnes
870 2626 1008 2696 ﬁlios
1039 2626 1224 2680 Adam.

438 2693 520 2751 De
544 2696 846 2770 firmissima
871 2693 992 2770 sede
1020 2714 1116 2751 sua
1139 2694 1403 2770 prospexit

510 2766 580 2822 ad
610 2770 874 2826 universos
893 2766 1203 2824 habitatores
1231 2776 1401 2822 terrce.

441 2835 673 2913 Fingens
702 2841 899 2913 pariter
927 2858 1017 2896 cor
1038 2856 1215 2896 eorum
1241 2856 1261 2892 :

517 2910 805 2985 intelligens
827 2914 999 2968 omnia
1026 2928 1185 2985 opera
1204 2926 1401 2985 eorum.

445 2979 574 3036 Non
597 2992 621 3021 ο
643 2979 927 3039 salvabimr
947 3000 1039 3039 res:
1059 2979 1129 3038 'in
1153 2982 1480 3038 multitudine
1507 2980 1784 3045 exercitus,

516 3067 609 3126 nec
632 3054 786 3125 fortis
805 3055 1106 3111 liberabitur
1130 3056 1182 3109 in
1205 3052 1635 3126 multiplicatione
1660 3049 1883 3106 virtutis.

443 3120 644 3180 Fallaai
668 3142 827 3198 equus
855 3128 925 3182 ad
954 3126 1179 3183 salutem

515 3204 567 3250 et
590 3197 644 3252 in
665 3196 995 3255 multitudine
1022 3198 1219 3253 roboris
1239 3198 1321 3252 sui
1341 3212 1443 3251 non
1464 3196 1702 3252 salvabit.

444 3264 581 3323 Ecce
596 3270 777 3326 oculus
802 3269 1011 3325 Domini
1035 3286 1189 3338 super
1209 3272 1443 3324 timentes
1472 3283 1591 3323 eum
1619 3282 1637 3321 :

519 3340 590 3394 ad
610 3338 816 3415 [al.et]
841 3350 1196 3415 exspectantes
1218 3340 1628 3396 misericordiam
1648 3341 1779 3413 ejus.

451 3407 523 3466 Ut
543 3407 769 3467 eruatde
793 3407 955 3469 inerte
977 3415 1179 3469 animas
1203 3427 1405 3480 eorum,

518 3492 563 3557 et
590 3484 807 3555 viviﬁcet
823 3502 909 3541 eos
929 3486 985 3540 in
1001 3486 1159 3557 fante.

445 3552 637 3610 Anima
666 3552 842 3611 nostra
872 3552 1180 3627 exspectavit
1201 3553 1485 3610 Dominum
1517 3571 1539 3609 :

517 3627 777 3700 auxilium
801 3638 1034 3683 nostrum
1058 3637 1106 3684 et
1129 3628 1336 3700 clypeus
1362 3636 1530 3683 noster
1557 3636 1655 3681 est.

440 3694 508 3750 In
530 3696 644 3765 ipso
666 3700 806 3753 enim
826 3700 1083 3755 ltetabitur
1102 3694 1435 3754 cor'uostrum
1465 3712 1485 3751 :

521 3768 646 3836 quia
666 3770 721 3824 in
749 3773 955 3827 nomine
982 3781 1159 3841 sancto
1190 3770 1302 3840 ejus
1324 3768 1661 3841 speravimus.

454 3835 541 3903 Sit
558 3841 923 3921 misericordia
948 3852 1060 3921 tua,
1084 3835 1331 3910 Domine,
1350 3835 1509 3913 super
1539 3857 1654 3913 nos,

523 3915 655 3963 sicut
676 3915 1087 3985 exspectavimus.
1101 3923 1170 3968 te.

448 3990 611 4039 tum
652 3982 860 4045 ousuno
891 3999 1235 4042 conuunvrr
1278 3999 1341 4040 os
1367 3983 1444 4055 [Ιι.
1472 3982 1733 4056 saporem]
1763 3997 1901 4040 suuu
1949 3995 2043 4038 co-
2102 4000 2106 4005 '

629 4070 734 4111 BAII
764 4072 1087 4124 Αιδιιιεωεειι,
1119 4071 1186 4111 ΕΤ
1208 4069 1389 4110 EJECIT
1436 4067 1565 4122 EUI,
1596 4071 1663 4111 ΕΤ
1693 4070 1855 4112 ΔΒΠΤ.

452 4122 479 4162 ἀ
504 4124 719 4200 [XXXI
735 4122 1154 4200 V.JABenedicam
1209 4124 1491 4181 Dominum
1532 4128 1586 4182 in
1611 4128 1751 4183 omni
1774 4136 2002 4198 tempore
2023 4139 2045 4182 .'

595 4198 939 4272 semperflaus
960 4202 1072 4272 ejus
1104 4200 1157 4253 in
1185 4214 1272 4272 ore
1297 4214 1431 4252 meo.

451 4265 519 4322 In
548 4265 768 4324 Domino
796 4280 819 4309 ο
843 4265 1143 4325 laudabitur
1170 4270 1348 4324 anima
1378 4285 1490 4326 utea
1516 4286 1537 4325 :

522 4342 740 4394 audiant
762 4343 907 4397 mites
932 4350 979 4397 et
1001 4343 1258 4400 la'tentur.

454 4410 511 4466 Μ
515 4413 789 4484 agniﬁca’e
806 4413 1085 4470 Dominum
1102 4430 1323 4481 mecum,

524 4497 572 4537 et
603 4484 890 4560 exaltemus
917 4502 1101 4542 nomen
1132 4491 1244 4560 ejus
1274 4486 1489 4560 pariter.

457 4554 681 4625 Quwsivi
704 4555 1009 4627 Dominum,
1043 4568 1089 4614 ct
1112 4554 1372 4612 eiuudivit
1395 4573 1474 4611 me
1502 4600 1516 4613 .

522 4636 567 4680 et
596 4644 661 4702 ea;
687 4632 921 4702 omnibus
947 4632 1201 4702 angustiis
1228 4631 1352 4685 meis
1383 4629 1614 4686 liberavit
1638 4644 1738 4684 me.

450 4695 712 4767 Respicite
732 4700 802 4756 ad
827 4718 964 4771 cum,
991 4695 1041 4757 et
1068 4703 1331 4773 con/(uite,

446 4902 697 4978 accedunt
710 4904 788 4978 ad
810 4914 877 4962 te.
905 4906 950 4962 A
968 4904 1166 4978 quibus
1190 4905 1380 4962 alludit
1403 4902 1756 4961 Cistercicns.
1784 4919 1892 4959 uno
1909 4917 2038 4961 ver—

441 4970 535 5040 bo,
562 4977 781 5032 accedit.

523 5050 548 5122 ff
575 5048 775 5104 lterum
804 5050 997 5115 nostri,
1026 5050 1316 5122 pluresque
1336 5047 1426 5103 alii
1459 5047 1603 5121 apud
1625 5046 1870 5103 Martian.
1900 5060 2033 5103 mss.

448 5115 725 5192 diligenter
752 5121 953 5176 habent
980 5115 1076 5192 pro
1094 5115 1236 5177 bene;

520 5188 563 5264 ιοξ
579 5192 747 5246 Addit
774 5188 993 5264 Reginus
1026 5211 1128 5249 ms.
1158 5193 1245 5248 hic
1274 5190 1571 5247 Dominus:
1606 5190 1842 5264 legitque
1873 5190 2039 5247 tertio

451 5259 523 5317 ab
553 5259 879 5336 liocversu:
884 5264 976 5336 De
1003 5264 1302 5336 ﬁrmissimo
1325 5263 1456 5318 solio
1482 5279 1579 5317 suo
1615 5259 1714 5330 pro
1750 5259 1891 5335 sede,
1924 5275 2034 5319 etc.

525 5344 549 5372 ο
584 5335 638 5388 In
667 5334 851 5390 istanti
881 5334 1083 5392 habent
1110 5336 1280 5391 nostri
1306 5351 1435 5389 mss.
1462 5337 1714 5390 salivatur.

522 5402 963 5480 {Alphabeticus
985 5408 1071 5480 hic
1094 5423 1314 5480 quoque
1348 5408 1585 5477 psalmus
1618 5418 1724 5472 est,
1753 5415 1808 5463 et
1846 5407 1900 5462 in
1931 5419 2042 5480 uno

448 5478 666 5550 quidem
696 5478 1046 5534 Cisterciensi
1072 5478 1172 5534 nis.
1211 5478 1326 5535 suis
1365 5482 1596 5549 quisque
1628 5480 1824 5534 litteris
1863 5479 2039 5534 versi-

446 5552 603 5607 culus
620 5566 684 5606 ex
713 5551 904 5606 ordine
936 5561 1293 5619 prmuutatur,
1326 5566 1393 5606 ne
1424 5567 1524 5621 van
1552 5551 1773 5621 quidem
1817 5558 2040 5619 praster-

446 5623 640 5689 misso,
672 5626 847 5693 inquo
879 5618 1066 5677 uotum
1091 5631 1268 5677 tamen
1292 5633 1373 5676 est
1398 5624 1449 5677 in
1479 5618 1710 5676 Hebraeo
1736 5618 2034 5692 orelietypo

448 5696 646 5750 seriem
699 5693 1054 5763 interrumpi;
1102 5708 1201 5749 nec
1244 5694 1401 5748 facile
1452 5702 1650 5763 potest,
1699 5703 1760 5749 ut
1800 5708 2038 5764 nuperos

443 5767 743 5836 Scriptura:
774 5765 1052 5833 Interpres
1076 5772 1249 5833 putat,
1275 5767 1540 5835 suppleri,
1574 5765 1843 5836 versiculo
1869 5765 2039 5833 septi-

442 5853 534 5896 mo
576 5835 652 5900 δι)
696 5840 765 5898 iis
801 5839 985 5898 verbis
1043 5839 1249 5897 ducto:
1302 5847 1445 5905 vix:
1472 5846 1646 5905 rrrm,
1695 5845 1742 5894 et
1780 5835 2040 5895 Dominus

1430 288 1489 348 S.
1529 286 1917 347 HlERONYMl
1954 286 2191 347 DIVINA
2226 283 2708 351 BIBLIOTII‘ECA.

1424 416 1425 419 ‘
2047 407 2101 469 Δ
2147 475 2186 478 _
2200 413 2249 461 et
2264 405 2435 463 vultus
2454 408 2607 463 vestri
2626 423 2729 462 non
2753 407 3154 478 confundentur.

3591 297 3735 362 1153

2135 475 2241 533 Hic
2267 495 2463 551 pauper
2483 478 2747 547 clamauit,
2773 488 2819 533 et
2851 475 3106 536 Dominus
3129 482 3393 538 exaudivit
3416 497 3437 536 :

2208 559 2255 605 et
2280 550 2344 605 de
2366 550 2598 607 omnibus
2629 551 3047 608 tribulationibus
3072 551 3093 592 ί
3125 556 3240 616 eius
3267 554 3486 611 saluauit
3510 571 3652 612 eum.

2134 619 2487 678 Circumdabit
2514 622 2726 696 angelus
2756 622 2966 679 Domini
2983 624 3039 679 in
3063 615 3191 698 gyro
3212 627 3445 682 timentes
3465 643 3613 698 eum,

2186 702 2253 747 'et
2275 704 2417 750 eruet
2444 712 2555 750 808.

2134 762 2350 837 Gustate
2377 776 2426 821 et
2450 766 2615 823 videte
2639 768 2885 837 quoniam
2914 766 3078 822 bonus
3098 764 3357 823 Dominus
3389 783 3411 824 .·

2205 835 2391 910 beatus
2408 840 2485 893 vir
2510 839 2596 908 qui
2624 835 2797 910 sperat
2822 839 2878 894 in
2909 855 2988 895 eo.

2136 905 2332 964 Timete
2352 905 2635 964 Dominum
2652 905 2821 965 sancti
2850 910 2963 981 ejus
2986 926 3005 964 :

2203 982 2449 1054 quoniam
2472 998 2576 1036 non
2605 992 2678 1037 est
2703 982 2881 1054 inopia
2903 982 3198 1038 timentibus
3219 1000 3359 1041 eum.

2132 1050 2328 1107 Leones
2358 1051 2689 1126 indiguerunt
2711 1065 2758 1107 et
2780 1050 3070 1126 esurierunt
3094 1071 3114 1110 .'

2202 1123 2545 1195 quaerentibus
2582 1136 2755 1181 autem
2785 1123 3064 1180 Dominum
3103 1143 3208 1182 non
3253 1127 3415 1183 deerit
3451 1143 3602 1186 omne
3635 1130 3725 1185 bo-

2277 1210 2422 1252 num.

2211 1265 2395 1341 Venite
2566 1264 2881 1341 Ambulate],
2917 1261 3035 1338 ﬁlii,
3067 1269 3244 1325 audite
3269 1286 3373 1341 me,

2206 1337 2444 1393 timorem
2463 1338 2671 1393 Domini
2691 1337 2886 1394 docebo
2906 1355 3015 1396 vos.

2135 1407 2265 1476 Quis
2290 1418 2367 1464 est
2389 1411 2468 1464 vir
2491 1410 2582 1481 qui
2608 1410 2730 1465 velit
2750 1412 2930 1478 vitam,

2205 1481 2427 1551 diligens
2447 1480 2559 1537 dies
2587 1480 2761 1535 uidere
2784 1482 2966 1537 bonos.

2094 1588 2099 1593 η
2135 1550 2350 1625 Custodi
2375 1553 2605 1625 linguam
2630 1563 2771 1625 tuam
2792 1571 2825 1607 a
2851 1553 2990 1608 malo
3013 1568 3033 1606 .'

2206 1632 2253 1677 et
2285 1624 2425 1679 labia
2450 1623 2539 1679 tua
2565 1641 2628 1679 ne
2649 1623 2931 1695 loquantur
2956 1624 3156 1682 dolum.

2136 1692 2334 1750 Recede
2354 1713 2387 1751 a
2414 1696 2577 1764 malo,
2602 1706 2650 1750 et
2672 1692 2758 1764 {ac
2783 1698 2971 1751 bonum
2997 1712 3015 1751 :

2058 1808 2108 1871 Β
2205 1782 2378 1835 qurere
2404 1784 2605 1838 pacem,
2636 1778 2686 1823 et
2717 1784 3016 1840 persequere
3038 1783 3172 1824 eam.

2139 1836 2292 1894 Oculi
2313 1837 2526 1895 Domini
2545 1839 2615 1895 ad
2645 1843 2831 1895 iustos.

2203 1861 2291 1894 :uu
2313 1861 2525 1895 υοηιιηι
2545 1861 2615 1895 aa
2632 1861 2831 1913 JUIIOI,

2203 1919 2250 1984 et
2273 1926 2425 1984 aures
2453 1913 2569 1984 ejus
2594 1910 2666 1965 ad
2686 1910 3165 1984 clamores_eoruns.

2142 1978 2330 2069 Vultus
2365 1978 2571 2069 Domini
2588 2000 2750 2069 super
2777 1981 2857 2056 [h.
2886 1981 2965 2069 in]
2991 1984 3239 2055 facientes
3259 1983 3458 2041 malum
3481 2000 3502 2041 :

2205 2062 2259 2106 ut
2283 2057 2464 2126 perdat
2491 2055 2556 2108 de
2582 2062 2728 2126 terra
2737 2055 3044 2111 memoriam
3071 2071 3268 2109 eorum.

2132 2122 2521 2190 Clamauerunt,
2556 2134 2583 2173 8
2612 2136 2661 2179 et
2691 2123 2952 2181 Dominus
2979 2126 3264 2195 exaudivit,

2202 2206 2251 2252 et
2280 2211 2347 2251 ex
2372 2197 2606 2252 omnibus
2633 2197 3057 2256 tribulationibus
3082 2213 3264 2254 eorum
3283 2197 3521 2254 liberavit
3544 2215 3654 2256 eos.

2130 2263 2298 2324 Juxta
2322 2277 2397 2324 est
2421 2266 2680 2341 Dominus
2708 2270 2945 2341 contritis
2968 2268 3155 2341 corde,

2204 2348 2253 2394 et
2281 2344 2579 2408 confractus
2599 2338 2791 2409 spiritu
2813 2340 3052 2409 salvabit.

2205 2409 2771 2555 Multtertfibulationes
2820 2408 2906 2484 [h.
2953 2410 3125 2467 Multa
3173 2410 3352 2485 mala]
3393 2416 3547 2490 justo
3598 2411 3731 2485 [AL

2276 2500 2535 2555 λαειμ
2669 2553 2677 2555 ξ
2801 2554 2829 2555 η
3386 2553 3439 2555 η
3630 2553 3643 2555 _

2298 2483 2446 2550 iusti]
2469 2523 2484 2550 ,

2205 2563 2255 2608 et
2276 2504 2612 2638 hzsh'rhhibus
2637 2553 2744 2610 illis
2771 2554 3007 2611 liberabit
3035 2552 3148 2627 [AL
3181 2553 3443 2629 liberavit]
3469 2570 3591 2610 eum
3621 2553 3736 2611 Do-

2280 2642 2472 2681 "unus.

2132 2694 2365 2753 Custodit
2395 2697 2572 2754 omnia
2600 2713 2719 2753 ossa
2738 2697 2855 2768 ejus
2886 2713 2906 2752 :

2209 2785 2371 2843 unum
2389 2784 2464 2843 ex,
2483 2769 2556 2824 eis
2565 2785 2682 2843 [non
2707 2770 3091 2843 confringetur.

2135 2836 2422 2911 Interﬁciet
2447 2840 2665 2909 impium
2695 2836 2924 2908 malitia,

2204 2922 2265 2985 et
2281 2912 2510 2985 odientes
2530 2914 2736 2985 justum
2758 2912 2793 2985 7h
2826 2912 3205 2982 culpabuntur.

2133 2982 2369 3039 Redimet
2398 2981 2651 3038 Dominus
2679 2984 2881 3039 animas
2909 2981 3172 3039 servorum
3201 2999 3422 3040 suorum
3439 3027 3457 3053 ,

2203 3064 2254 3111 et
2283 3071 2388 3138 non
2414 3054 2700 3127 peccabunt
2732 3054 2808 3130 [h.
2844 3054 3218 3129 culpabuntur]
3249 3072 3426 3114 omnes
3460 3064 3731 3130 sperantes

2276 3143 2332 3181 sn
2358 3142 2439 3183 εο.

2383 3255 2392 3265 ,
2843 3215 3025 3256 ωηο.
3472 3230 3475 3231 ν

2136 3268 2319 3344 [XXX
2335 3268 2421 3343 γλ
2450 3269 2667 3339 Iudico,
2694 3270 2933 3336 Domine,
2967 3270 3292 3327 aduersarios
3319 3287 3464 3328 meos
3483 3286 3505 3328 :

2209 3359 2382 3416 pugna
2403 3352 2583 3416 contra
2604 3344 2974 3416 impugnantes
3000 3359 3105 3416 me.

2137 3412 2479 3487 Apprehettde
2498 3412 2704 3487 scutum
2719 3412 2771 3468 ei
2794 3412 2997 3468 hastam
3019 3412 3129 3487 [AL
3154 3412 3406 3487 contum],

2211 3492 2258 3539 et
2284 3501 2440 3561 surge
2454 3485 2797 3561 inauditium
2822 3501 2992 3539 meum
3016 3484 3126 3558 [AL
3157 3484 3327 3561 mihi].

2145 3553 2397 3629 Evagina'
2409 3556 2664 3629 gladium.
2690 3565 2738 3611 et
2755 3553 3068 3628 prteoccupa

2207 3642 2275 3683 ea:
2300 3628 2514 3683 adverso
2546 3636 2907 3699 persequentes
2937 3643 3017 3682 me
3037 3643 3057 3682 :

2211 3700 2295 3771 dic
2317 3700 2506 3766 animus
2524 3715 2641 3764 mw,
2664 3695 2810 3755 salus
2832 3709 2923 3754 tua
2943 3714 3040 3771 ego
3063 3697 3175 3771 [AL
3203 3696 3292 3755 ad.
3316 3695 3478 3771 sum].

2141 3770 2537 3842 Confundantur
2575 3779 2627 3826 et
2672 3768 3023 3839 reoereautur,
3065 3768 3159 3843 qui
3209 3768 3454 3843 quaerunt
3500 3768 3740 3824 animans

2281 3857 2448 3897 meam
2470 3858 2491 3899 ἔ

2211 3923 2578 3969 convertantur
2604 3924 2905 3977 retrorsum,
2932 3921 2981 3969 et
3009 3912 3425 3984 confundantur,

2211 3985 2299 4053 qui
2327 3986 2555 4057 cogitant
2583 3986 2777 4040 malum
2805 3985 2953 4039 mihi.

2143 4053 2304 4111 Fiant
2329 4053 2460 4111 sicut
2487 4057 2655 4128 puluis
2684 4066 2804 4117 ante
2834 4057 3020 4128 faciem
3042 4056 3212 4127 venti,

2211 4136 2261 4182 et
2284 4128 2496 4201 angelus
2527 4127 2737 4201 Domini
2759 4127 3013 4198 impellat,

2145 4198 2229 4255 Sit
2248 4199 2329 4253 via
2353 4198 2535 4255 eorum
2568 4200 2786 4255 tenebrat
2813 4208 2861 4253 et
2892 4200 3177 4269 lubricum,

2215 4282 2263 4326 et
2293 4270 2511 4341 angelus
2542 4270 2756 4342 Domini
2780 4283 3119 4342 persequatur
3139 4288 3251 4327 eos.

2148 4341 2284 4409 Quia
2309 4342 2507 4412 [rustra
2527 4341 2906 4398 absconderant
2932 4341 3055 4397 mihi
3082 4343 3297 4399 insidias
3317 4341 3442 4398 retis
3465 4342 3551 4396 sui
3572 4356 3593 4397 :

2217 4415 2328 4468 sine
2348 4430 2507 4486 causa
2534 4413 2784 4486 foderunt
2807 4414 2998 4469 anima:
3025 4430 3143 4470 me.
3330 4428 3339 4436 ‘

2155 4484 2340 4541 Veniat
2361 4487 2408 4540 ei
2430 4484 2542 4559 [AL
2572 4484 2670 4558 eis]
2700 4486 3155 4559 calamitasguam
3177 4487 3418 4559 ignorat,

2070 4577 2127 4640 Β
2221 4566 2269 4640 et
2290 4568 2397 4640 rete
2424 4554 2578 4640 Suum
2601 4554 2740 4629 quod
2763 4554 3053 4640 abscondit,
3073 4554 3476 4640 comprehendat
3495 4570 3639 4624 eum,

2221 4639 2267 4683 et
2292 4629 2446 4683 cadat
2469 4631 2520 4683 in
2543 4626 2785 4699 laqueum
2817 4627 2895 4701 [ξι.
2924 4629 2977 4701 in
3007 4626 3407 4701 calamitatem].

2150 4702 2338 4758 Anima
2367 4711 2540 4756 autem
2568 4698 2684 4756 mea
2712 4698 2991 4756 exsultabit
3015 4701 3071 4756 in
3098 4699 3349 4766 Dcm‘ino,

2057 3208 2105 3273 C

2146 4903 2408 4958 exaudiuit
2428 4918 2567 4958 eum.
2594 4902 2750 4958 'l‘unc
2769 4903 2915 4959 enim
2944 4904 3173 4973 septima
3211 4902 3430 4959 deficiet
3468 4909 3498 4963 τ
3533 4899 3754 4973 Ζαὶίιῑιο

2149 4984 2284 5042 tera,
2316 4975 2431 5030 sive
2461 4975 2551 5046 qui
2571 4975 2622 5031 ei
2647 4975 2920 5031 tribuatur
2950 4972 3252 5032 versiculus
3284 4992 3297 5028 :
3332 4975 3436 5031 nisi
3483 4975 3589 5046 tria
3632 4972 3753 5046 lucc

2147 5046 2330 5131 γει-ιν,
2353 5048 2450 5131 iste
2474 5044 2675 5131 pauper
2698 5046 3086 5131 clarnaoitapro
3130 5046 3309 5102 solido
3342 5044 3751 5131 repsiculouha-

2147 5120 2277 5175 bere
2299 5120 2455 5181 velis.
2472 5115 2761 5189 ipsumque
2787 5120 3302 5175 invertilitterarum
3324 5117 3600 5174 ordinem.
3620 5115 3752 5171 Haec

2144 5189 2653 5256 animadvertimus,
2697 5199 2757 5245 ut
2802 5190 3196 5261 signiﬁcemus,
3252 5204 3351 5246 eas
3391 5190 3613 5261 litteras
3638 5202 3748 5242 non

2144 5261 2312 5316 fuisse
2377 5264 2431 5317 in
2468 5262 2691 5345 Latina
2748 5259 3201 5332 interpretatione
3243 5262 3343 5319 ista
3395 5261 3497 5319 abs
3555 5259 3752 5315 Hiero-

2149 5349 2311 5405 nymo
2338 5342 2627 5404 ascriptus.

2167 5474 2186 5476 _
2223 5413 2247 5442 °
2292 5405 2639 5476 Exetnplaria
2662 5404 2899 5461 Canonis
2921 5413 2977 5461 et
3003 5404 3216 5474 aliquot
3241 5419 3371 5463 mss.
3390 5403 3613 5461 codices
3637 5417 3656 5458 :
3681 5398 3750 5457 In

2152 5474 2379 5530 Domino
2402 5474 2665 5532 tretabitur
2695 5479 2869 5532 anima
2896 5493 3031 5531 mea.
3065 5477 3244 5533 Msn'r.

2224 5552 2237 5587 ί
2290 5548 2424 5602 Illud
2452 5551 2564 5617 ejus
2602 5550 2774 5604 nostri
2806 5564 2935 5604 mss.
2968 5565 3079 5606 non
3105 5549 3349 5618 addunt,
3377 5554 3435 5604 et
3470 5562 3597 5603 mox
3646 5544 3754 5601 cir-

2146 5620 2378 5687 cumdat,
2407 5636 2504 5689 pro
2527 5621 2865 5675 circumdabit
2891 5622 3098 5691 legunt.

2217 5701 2244 5767 ιξ
2286 5691 2573 5767 [merserit
2599 5708 2736 5748 unus
2764 5693 2995 5749 Cisterc.
3021 5708 3135 5767 ins.
3156 5694 3317 5767 justi.

2220 5759 2249 5800 ιι
2288 5762 2474 5839 Nostri
2512 5780 2705 5821 omnes
2753 5780 2885 5823 mss.
2917 5766 3034 5837 pari
3065 5759 3340 5823 cou'seusu
3366 5762 3755 5839 superabantur

2148 5851 2245 5909 pro
2276 5833 2647 5908 culpabuutur.
