4082 6354
367 327 507 388 1183

439 446 695 503 ltztabitur
716 445 770 501 in
790 444 961 501 salute
985 460 1080 500 sua
1100 443 1212 517 [AL
1236 441 1370 517 tua].
1446 516 1449 517 ν
1654 466 1659 467 ν

374 520 560 575 Omnia
584 536 701 575 ossa
726 535 838 573 mea
866 519 1057 586 dicent,
1092 516 1345 584 Domine,
1363 516 1479 587 quis
1508 517 1694 574 similis
1722 520 1799 574 tui
1826 536 1845 575 .'

437 608 621 647 erueus
646 592 851 663 inopem
875 607 906 643 a
934 590 1203 663 validiore,

439 674 488 718 et
510 661 790 733 pauperem
811 678 871 716 ae
893 662 1181 716 mendicum
1202 677 1233 714 a
1254 661 1493 718 violento.

366 733 652 808 Surgentes
682 744 832 808 testes
855 735 1017 808 iniqui
1046 750 1063 786 :

438 804 552 877 qua:
571 805 856 878 nesciebam
881 804 1266 878 interrogabant
1287 820 1388 860 me.

369 876 672 934 Reddebant
702 876 827 932 mihi
858 877 998 930 mala
1028 876 1121 946 pro
1142 878 1271 932 bono
1297 894 1319 933 :

441 952 759 1006 sterilitatem
786 949 973 1004 animae
996 965 1141 1003 mete.

369 1021 486 1095 Ego
508 1033 683 1095 autem
700 1038 823 1095 cum
846 1030 871 1058 ⁸
894 1022 1305 1095 infirmarentur,
1337 1019 1589 1074 induebar
1621 1018 1794 1075 cilicio
1825 1035 1845 1074 :

446 1093 783 1148 humiliabam
808 1093 862 1146 in
882 1094 1093 1165 jejunio
1118 1094 1346 1165 animam
1372 1108 1558 1157 meam,

440 1178 489 1220 et
518 1166 683 1221 oratio
710 1181 823 1218 mea
923 1162 1034 1238 [AL
1058 1162 1152 1238 ad]
1180 1165 1354 1238 sinum
1384 1179 1551 1238 meum
1581 1172 1878 1217 revertetur.

368 1238 533 1306 Quasi
558 1239 626 1292 ad
644 1238 865 1309 amicum
890 1234 1255 1309 [h.sodolem],
1286 1236 1433 1304 quasi
1454 1236 1521 1289 ad
1545 1238 1757 1307 fratrem
1784 1250 1952 1289 meum

504 1311 578 1365 sic
606 1308 929 1363 ambulabant
960 1324 979 1361 :

435 1382 585 1453 quasi
616 1382 795 1453 lugens
825 1390 988 1434 mater
1004 1379 1175 1453 tristis
1204 1377 1533 1432 incurvabar.

364 1449 517 1509 Et—in
536 1449 835 1523 inﬁrmitate
856 1468 967 1505 mea
994 1452 1303 1507 ltetabantur
1323 1460 1368 1504 et
1396 1449 1839 1523 congregabantur
1862 1465 1883 1503 :

434 1522 637 1579 collecti
656 1534 773 1578 sunt
796 1525 1041 1578 adversus
1062 1539 1143 1577 me
1164 1524 1526 1595 percutientes,
1552 1522 1600 1576 et
1625 1522 1909 1576 nesciebam
1932 1538 1952 1575 :

434 1595 726 1653 scindentes
751 1595 778 1634 δ
810 1605 855 1650 et
884 1612 986 1649 non
1026 1604 1272 1649 tacentes.

362 1664 433 1722 In
454 1668 788 1722 simulatione
814 1667 1080 1721 verborum
1109 1666 1367 1736 lictorum.

435 1740 741 1811 frendebant
769 1748 947 1811 contra
972 1754 1049 1792 me
1077 1740 1315 1811 dentibus
1337 1739 1464 1793 suis.

365 1808 613 1879 Domine,
638 1820 831 1882 quanta
858 1810 1045 1863 videbis
1076 1808 1184 1880 [AL
1211 1810 1471 1881 aspicies].

432 1846 589 1866 νηυησ
673 1846 831 1864 ...υηυ
859 1846 1045 1863 “ww...
1211 1846 1267 1863 υσ
1309 1846 1427 1864 mc.
1458 1850 1471 1861 .

432 1846 669 1937 conectit:
696 1883 923 1937 animam
951 1846 1115 1936 meain
1143 1898 1175 1935 a
1199 1846 1592 1948 ,ca’lamittitibus
1628 1895 1803 1934 eorum
1834 1876 1943 1951 [AL
1979 1846 2029 1906 Β

504 1970 635 2009 ut!“
659 1970 678 2008 ἔ

504 1971 612 2009 suis
659 1970 678 2008 :

434 2042 467 2080 ο
486 1953 717 2081 leoninus
738 2024 1030 2080 solitariam
1061 2042 1245 2079 meam.

361 2093 655 2165 Conﬁtebor
686 2098 774 2152 tibi
804 2100 857 2151 in
885 2099 1095 2153 ecclesia
1116 2096 1302 2168 grandi
1338 2095 1446 2169 [AL
1480 2093 1731 2168 magna]?

433 2171 485 2224 in
513 2172 702 2241 populo
724 2171 847 2240 forti
878 2169 1102 2223 laudabo
1124 2178 1192 2223 te.

362 2238 417 2295 Ν
424 2238 753 2313 οηνιωιεηιιιῒ
781 2257 939 2313 super
965 2258 1043 2295 me
1069 2241 1269 2295 inimici
1295 2240 1393 2293 mei
1425 2242 1733 2313 mendaces;

433 2312 663 2367 odientes
708 2328 789 2367 me
834 2306 1031 2383 [rustra
1083 2316 1406 2367 conniventes
1463 2310 1580 2383 [AL
1624 2306 1947 2379 cohibentes]

504 2386 654 2439 oculo
685 2401 705 2439 :

361 2454 485 2511 Non
516 2458 651 2510 enim
681 2471 861 2525 pacem
892 2456 1194 2526 loquuntur,
1228 2455 1317 2509 sed
1342 2456 1393 2508 in
1414 2454 1597 2525 rapina
1625 2463 1772 2508 terra:

433 2527 584 2583 verba
614 2527 945 2599 fraudulenta
977 2528 1308 2583 concinnant.

362 2597 435 2654 Et
457 2597 806 2654 dilatarerunt
832 2616 988 2664 super
1014 2614 1097 2653 me
1123 2615 1179 2653 os
1204 2615 1380 2653 suum.

436 2674 673 2727 dixerunt
697 2669 791 2725 vah
823 2669 921 2725 volt
950 2689 968 2728 :
1000 2671 1127 2723 vidit
1158 2669 1335 2726 oculus
1363 2680 1550 2726 noster.

366 2742 583 2810 Vidisti,
616 2742 858 2807 Domine,
890 2759 955 2795 ne
983 2751 1153 2795 taceas
1176 2758 1195 2796 :

436 2813 679 2887 Domine,
704 2831 768 2868 ne
795 2814 1049 2887 elo_ngeris
1077 2830 1107 2866 a
1132 2830 1231 2887 me.

432 2886 696 2959 Consurgo
727 2886 802 2959 [h.
838 2883 1260 2959 Expergiseerc],
1311 2894 1358 2938 et
1404 2883 1561 2957 vigila
1604 2886 1656 2939 in
1687 2884 1796 2959 [AL
1844 2894 1949 2940 tae.

500 2956 576 3030 in]
599 2956 863 3030 judicium
888 2956 1079 3030 meum,
1106 2956 1242 3011 Deus
1265 2974 1428 3030 meus,

433 3038 481 3083 et
507 3028 727 3083 Domine
752 3028 860 3101 [AL
891 3028 1140 3082 Dominus
1170 3028 1333 3099 meus]
1355 3030 1407 3081 in
1430 3045 1639 3101 causam
1668 3044 1856 3101 meam.

358 3100 553 3156 Indica
572 3117 652 3155 me
671 3098 947 3165 secundum
970 3100 1223 3169 justitiam
1236 3112 1396 3169 tuam,
1417 3099 1634 3155 Domine
1656 3098 1796 3153 Deus
1812 3115 1953 3153 meus

433 3182 481 3226 et
510 3190 574 3226 ne
596 3174 839 3225 insultent
870 3172 1017 3225 mihi.

364 3241 479 3299 Nec
507 3245 681 3298 dicant
704 3245 757 3296 in
787 3244 944 3295 corde
972 3258 1087 3309 suo,
1115 3242 1210 3295 vah
1233 3244 1420 3296 anima:
1440 3253 1627 3298 nostra:
1650 3260 1668 3296 :

443 3327 464 3353 ε
497 3326 547 3369 et
575 3332 640 3369 ne
668 3314 863 3375 dicunt.
890 3313 1243 3367 absorbuimns
1266 3332 1400 3368 cum.

361 3385 789 3455 Confundantur,
822 3394 870 3439 et
900 3396 1226 3439 revereantur
1252 3388 1443 3458 pariter

435 3458 525 3528 qui
550 3458 789 3511 laetantur
820 3458 871 3510 in
901 3457 1189 3527 afﬂictione
1213 3457 1326 3511 mea
1356 3474 1373 3509 :

365 3526 665 3584 Indnantnr
694 3526 997 3599 confusione
1024 3538 1071 3581 et
1101 3529 1431 3596 rerecundia,

435 3601 523 3671 qui
552 3601 959 3671 magnificantur
983 3617 1139 3670 super
1161 3616 1262 3653 me.

363 3670 626 3738 Laudent,
644 3670 698 3726 et
724 3673 960 3726 ltetentur
988 3673 1077 3742 qui
1103 3673 1279 3725 volunt
1300 3672 1564 3744 justitiam
1598 3688 1761 3726 meam
1789 3687 1809 3727 .'

432 3753 483 3798 et
502 3745 677 3797 dicant
697 3760 919 3814 semper,
942 3744 1300 3815 magniﬁcetur
1318 3744 1593 3808 Dominus,

434 3816 527 3887 qui
548 3816 655 3869 vult
676 3831 851 3887 pacem
874 3817 1001 3869 servi
1026 3816 1126 3870 sui.

371 3884 455 3942 Et,
485 3884 685 3959 lingua
708 3903 823 3942 mea
862 3888 1192 3942 meditabitur
1228 3884 1337 3959 [AL
1375 3884 1667 3959 meditetur]
1688 3889 1955 3961 justitiam

508 3967 656 4013 tuam
684 3974 704 4015 ἔ

437 4040 542 4085 tota
570 4031 654 4085 die
684 4030 894 4085 laudem
925 4039 1090 4086 tuam.

689 4100 717 4139 ἀ
746 4116 962 4157 vtc'ront
1001 4117 1173 4158 snuvo
1211 4117 1417 4171 DOIIINI,
1460 4120 1639 4159 pawn.

366 4171 556 4246 [XXX
570 4171 705 4250 VL]
728 4173 1060 4250 Dixit_sc_elus
1087 4176 1235 4250 impii
1255 4177 1309 4229 in
1337 4178 1505 4231 medio
1533 4177 1705 4231 cordis
1740 4188 1763 4215 θ
1795 4178 1909 4250 ejus
1937 4193 1957 4233 :

436 4262 541 4300 non
568 4256 641 4300 est
672 4244 823 4300 timor
844 4244 941 4301 Dei
971 4257 1091 4302 ante
1118 4244 1293 4301 oculos
1318 4250 1452 4316 ejus.

369 4317 507 4384 Quia
537 4318 713 4372 dolose
740 4318 843 4389 egit
872 4317 1116 4372 adversus
1138 4334 1255 4371 eum
1282 4320 1334 4373 in
1364 4320 1527 4374 oculis
1553 4321 1662 4375 suis
1688 4337 1707 4375 :

439 4398 493 4443 ut
518 4389 763 4443 inveniret
793 4390 1119 4459 iniquitatem
1148 4393 1258 4461 ejus
1290 4390 1358 4443 ad
1388 4392 1690 4446 adiendum.

373 4459 543 4515 Verba
569 4462 673 4517 oris
701 4462 813 4532 ejus
840 4462 1086 4532 iniquitas
1108 4471 1153 4515 et
1169 4459 1328 4517 [dolus
1350 4479 1369 4517 .'

441 4584 466 4650 ξ
508 4575 626 4632 Duo
657 4593 687 4632 e.
722 4575 925 4650 nostris
960 4591 1090 4650 mss.
1130 4577 1329 4646 aliique
1360 4593 1526 4650 penes
1551 4579 1799 4636 Martian.
1838 4600 1956 4638 cum

366 4647 660 4716 inﬁrmarer
688 4648 751 4702 ab
779 4650 875 4716 eis,
909 4648 1178 4714 induebar,
1203 4659 1311 4705 etc.

440 4719 466 4758 ⁵
506 4718 693 4795 Quaen
717 4719 1070 4795 parcassouq
1113 4722 1402 4795 scindentes
1449 4730 1497 4795 et
1541 4738 1642 4795 non
1687 4724 1959 4795 fundentes

367 4791 864 4865 sanguinedeem
890 4792 1116 4865 habetur
1144 4791 1197 4846 in
1221 4794 1442 4848 Cauone
1465 4791 1957 4851 San-Germauensi

368 4864 580 4933 nostra,
616 4864 712 4920 sed
752 4864 988 4919 secunda
1030 4880 1213 4918 manu.
1252 4865 1383 4920 lluic
1429 4866 1646 4920 lcetioui
1690 4875 1960 4922 consonat

367 4935 653 5006 Chaldazus
681 4934 1083 5006 paraphrastes.
1127 4936 1303 4992 ΜΑιιτ.

446 5018 468 5046 ε
510 5005 947 5082 Ιῃιετίὲοιὶσιιοιη
978 5010 1076 5061 vah
1106 5007 1189 5063 bis
1217 5009 1592 5077 Cistereiensi,
1621 5019 1703 5065 ter
1734 5010 1957 5082 Regium

371 5093 476 5150 ius.
503 5080 703 5150 aliique
733 5090 1003 5149 repetunt.

438 5149 573 5225 dita
619 5149 728 5206 ’ms.
761 5150 1109 5225 Car_nutensis
1152 5151 1470 5208 emendatus
1520 5170 1534 5205 :
1584 5153 1780 5225 Regius
1828 5168 1957 5209 vero

370 5220 715 5295 corbeiensis
753 5234 807 5277 et
850 5223 1178 5295 Soibuuieus
1210 5226 1349 5279 hunc
1374 5220 1908 5295 prteferunt'titulutu
1940 5243 1953 5280 :

372 5293 479 5367 ζ)νο
505 5295 725 5367 victoria
747 5296 876 5349 serri
907 5293 1117 5348 Domini
1158 5293 1386 5367 [Davidu
1414 5296 1590 5367 Ambo
1633 5296 1957 5367 exemplaria

368 5364 625 5437 Cimonis.
686 5366 881 5437 Victori
931 5382 1105 5437 servus
1146 5364 1357 5420 Domini
1400 5365 1608 5435 David;
1634 5368 1754 5424 Alia
1793 5364 1913 5424 'duo
1939 5413 1954 5437 ,

378 5436 611 5492 Victoria
640 5439 769 5492 servi
798 5435 1013 5491 Domini
1036 5436 1222 5492 David.
1257 5438 1434 5493 MART.

446 5520 470 5547 ι’
495 5509 761 5591 Hebraeus
778 5508 1169 5591 nﬁpq_bekereb
1197 5509 1342 5591 libbi,
1446 5521 1550 5576 est,
1574 5512 1627 5566 in
1659 5512 1826 5567 medio
1849 5527 1965 5568 cor-

374 5580 455 5636 dis
482 5583 599 5653 mei,
628 5597 725 5651 pro
745 5583 798 5635 in
822 5580 989 5653 niedio
1018 5583 1188 5635 cordis
1212 5585 1347 5653 ejus.
1384 5583 1561 5637 MART.

449 5682 517 5693 —-
542 5652 755 5724 Legerit
778 5654 832 5707 S.
862 5652 1019 5707 Pater
1042 5653 1094 5707 in
1118 5668 1216 5707 suo
1236 5652 1512 5709 ’Ilebraico
1534 5654 1828 5724 exemplari
1849 5652 1962 5718 πώ.

383 5736 442 5780 ut
480 5734 537 5781 et
576 5726 963 5798 Septuaginta,
1002 5734 1057 5779 et
1085 5735 1296 5781 veteres
1332 5726 1422 5780 alii
1469 5726 1835 5796 Interpretes,
1867 5742 1964 5797 pro

387 5835 492 5889 quo
522 5820 841 5876 hodiernum
870 5819 1088 5891 prtefert
1119 5803 1231 5887 ’15,
1266 5820 1315 5875 itl
1354 5829 1472 5889 est,
1515 5822 1683 5876 cordis
1710 5822 1826 5876 mei.
1860 5820 1965 5878 Se-

386 5893 566 5971 quitur
592 5892 644 5949 in
677 5895 878 5953 nostris
906 5908 1037 5952 mss.
1062 5909 1165 5951 non
1194 5909 1298 5950 esse
1324 5893 1554 5950 timorem
1582 5891 1699 5963 Dei,
1736 5908 1831 5968 pro
1860 5909 1961 5951 non

1656 324 1859 388 LIBER
1898 329 1962 388 PE

2064 326 2347 387 .MOBUM.
3502 343 3643 411 “54

1978 3245 2025 3309 C

3572 376 3603 408 ὓ

1978 452 2034 512 Α
2072 516 2088 521 _
2128 446 2343 521 cessarit
2369 446 2615 519 coqitare,
2649 440 2666 486 ί
2699 456 2754 502 ut
2793 448 3131 521 benefaceret.

2060 516 2397 588 lniquitatem
2420 516 2610 589 cogitat
2634 525 2685 573 in
2714 522 2870 576 cubili
2892 516 2985 580 sub

2130 589 2285 643 stabit
2312 592 2364 643 in
2388 591 2467 643 via
2489 607 2589 644 non
2616 591 2748 646 bona
2768 608 2788 647 :

2132 662 2321 715 malum
2344 677 2445 716 non
2467 663 2691 735 objiciet.

2058 728 2301 799 Domine,
2331 735 2384 787 in
2410 728 2541 789 coelo
2558 737 2915 793 misericordia
2947 750 3036 795 tua

2128 805 2255 871 fides
2290 816 2377 858 tua
2404 822 2563 875 usque
2591 810 2660 859 ad
2688 810 2863 865 nubes.

2051 871 2383 964 Justitiatua
2405 871 2553 964 quasi
2582 892 2802 964 montes,
2836 882 2974 964 Deus
3003 883 3111 958 [AL
3149 885 3414 964 Domine],

2118 948 2383 1022 judicium
2410 957 2555 1002 tuum
2583 951 2795 1022 abyssus
2823 958 2986 1010 multa
3005 948 3039 1012 δε

2127 1019 2357 1074 homines
2382 1030 2429 1097 et
2445 1019 2685 1097 jumenta
2710 1025 2876 1079 salvos
2902 1029 3083 1097 facies,
3113 1029 3353 1087 Domine.

2057 1088 2493 1184 Quanzlpretilosa
2522 1095 2873 1184 misericordia
2902 1088 3022 1164 tua,
3056 1088 3193 1156 Deus
3226 1106 3332 1174 [AL
3379 1106 3643 1184 Domine],

2126 1172 2174 1248 et
2203 1162 2303 1248 lilii
2330 1164 2573 1248 Adam‘in
2599 1162 3017 1248 umbra-alarum
3042 1162 3248 1228 tuarum
3272 1162 3569 1248 sperabunt.

2057 1229 2549 1315 Inebriabuntur-de
2571 1240 2881 1315 pinguedine
2906 1242 3087 1297 domus
3110 1256 3229 1315 ltttl’,

2126 1318 2175 1359 et
2202 1316 2421 1387 torrente
2448 1307 2747 1387 deliciarum
2778 1321 2987 1387 tuarum
3018 1307 3227 1387 potabis,
3248 1335 3352 1375 eos.

2059 1376 2327 1451 Quoniam
2348 1389 2510 1433 tecum
2540 1392 2609 1434 est
2637 1383 2753 1451 [ous
2776 1386 2891 1439 rita:
2914 1402 2932 1439 :

2127 1450 2179 1502 in
2203 1450 2395 1503 lumine
2417 1459 2504 1503 tuo
2532 1452 2812 1509 ridebimus
2839 1459 3033 1512 lttttlcn.

2055 1517 2269 1575 Attrahe
2292 1522 2699 1577 misericordiam
2727 1537 2867 1581 tuam
2895 1532 3165 1588 scientibus
3190 1542 3257 1590 te.

2124 1604 2172 1646 et
2190 1593 2449 1665 justitiam
2472 1606 2611 1647 tuam
2634 1598 2782 1651 rectis
2804 1602 2981 1655 corde.

2057 1660 2143 1717 Ne
2170 1660 2331 1719 ueniat
2362 1666 2486 1718 mihi
2519 1683 2604 1732 pes
2632 1670 2886 1737 superbia:
2907 1689 2927 1726 :

2125 1745 2174 1790 et
2201 1753 2382 1790 manus
2408 1739 2679 1808 impiorum
2711 1759 2810 1795 non
2843 1760 2921 1797 me
2949 1759 3286 1806 commoveat.

2057 1803 2085 1859 Ι
2092 1805 2140 1859 bi
2165 1808 2455 1884 ceciderunt
2478 1803 2746 1881 operantes
2773 1816 3094 1884 iniquitatem
3125 1836 3143 1872 :

2125 1880 2329 1950 expulsi
2349 1890 2487 1946 sunt,
2510 1880 2560 1935 et
2581 1899 2683 1937 non
2714 1880 2991 1953 potuerunt
3015 1909 3244 1963 surgere.

2417 2022 2462 2033 ,,
2540 2022 2554 2033 ,
2600 2022 2617 2033 ,
2699 1973 2920 2033 “Bavio.

2054 2015 2125 2094 [Χ
2132 2020 2234 2076 XX
2250 2021 2323 2077 Vl
2333 2021 2381 2077 l.
2401 2022 2618 2112 A]epli
2643 2035 2667 2070 π
2683 2025 2819 2112 .Noli
2842 2032 3148 2112 contendere
3169 2053 3285 2091 cum
3308 2040 3569 2112 malignis.

2126 2111 2285 2174 neque
2309 2097 2566 2174 teruuleris
2587 2100 2833 2174 [acientes
2862 2103 3207 2174 iniquitatem.

2056 2164 2316 2248 Quoniam
2343 2168 2473 2248 sicut
2495 2164 2657 2248 herba
2680 2171 2919 2227 uelociter
2948 2164 3302 2248 conterentur,

2125 2247 2174 2291 et
2198 2239 2328 2291 sicut
2360 2240 2471 2294 olus
2500 2242 2663 2296 viride
2689 2256 3022 2301 marcescent.

2053 2306 2262 2380 [88th.]
2292 2308 2460 2386 Spera
2489 2312 2543 2386 in
2575 2310 2821 2386 Domino,
2852 2328 2898 2371 et
2928 2320 3012 2386 [ac
3034 2320 3224 2377 bonum

2124 2381 2454 2471 peregrinare
2488 2384 2557 2471 [Ιεἑ
2597 2381 2855 2466 habitare]
2892 2381 2942 2443 in
2975 2401 3130 2462 terra,
3174 2405 3223 2450 et
3254 2414 3465 2466 pascere
3497 2400 3600 2471 ﬁde
3628 2416 3640 2429 '

2055 2449 2133 2505 Et
2151 2449 2403 2506 delectare
2430 2449 2493 2505 in
2516 2454 2755 2522 Domino,

2125 2535 2173 2576 et
2196 2524 2337 2596 dabit
2359 2524 2459 2596 tibi
2485 2528 2753 2596 petitiones
2781 2532 2951 2585 cordis
2977 2534 3072 2588 tui.
3188 2541 3202 2575 ο

2056 2594 2300 2719 [Cinis-.1]
2355 2594 2513 2720 γοιυε
2551 2615 2706 2667 super
2748 2600 3031 2659 Dominum
3058 2607 3133 2680 [h.
3168 2606 3359 2666 Revela
3386 2610 3637 2684 Domino]

2231 2684 2330 2720 iam
2385 2684 2523 2720 nam.

2231 2684 2330 2720 tam
2362 2684 2523 2734 tuam,

2128 2748 2175 2793 et
2203 2740 2403 2813 con/ide
2430 2741 2482 2793 in
2509 2757 2591 2806 eo,
2622 2751 2663 2795 et
2688 2742 2797 2812 ipse
2826 2746 2997 2813 faciet,

2063 2809 2131 2866 Et
2158 2809 2493 2890 educ-et..icut
2525 2815 2695 2890 lumen
2711 2809 2975 2890 justitiam
3005 2831 3165 2890 tuam,

2128 2894 2176 2965 et
2189 2883 2394 2965 judicig
2424 2883 2931 2965 tua_[AL_judicinm
2959 2892 3125 2965 tuum]
3152 2883 3289 2949 sicut
3314 2896 3601 2955 meridiem.

2059 2953 2320 3034 [Dalétlnl
2354 2954 2483 3034 Tace
2517 2953 2756 3034 Domino,
2786 2969 2831 3011 et
2853 2977 3088 3033 exspecta
3108 2953 3253 3034 eum,

2128 3026 2235 3108 noli
2259 3027 2564 3108 contendere
2581 3026 2983 3108 adversuseum,
3004 3038 3094 3105 qui
3120 3026 3320 3108 pro/icit
3344 3041 3395 3096 in
3420 3043 3499 3097 uia
3516 3059 3609 3097 sua
3625 3085 3638 3099 .

2128 3099 2381 3178 adpersus
2396 3100 2581 3178 virum,
2613 3103 2702 3171 qui
2733 3104 2872 3178 facit
2886 3099 3001 3178 qua:
3016 3099 3229 3178 cogitat:

2063 3166 2455 3250 [He.]nDimitte
2481 3166 2633 3250 iram,
2660 3183 2706 3226 et
2733 3166 3027 3250 derelinque
3053 3166 3283 3250 furorem
3308 3200 3328 3239 :

2127 3242 2233 3317 noli
2261 3239 2287 3277 ιι
2319 3241 2626 3317 contendere
2652 3253 2706 3296 ut
2730 3239 3048 3317 malefacias.

2060 3312 2317 3379 Quoniam
2339 3314 2426 3381 qui
2450 3314 2807 3383 malefaciunt,
2839 3312 3118 3378 interibunt
3144 3341 3163 3378 :

2123 3393 2471 3453 exspectantes
2503 3395 2676 3440 autem
2707 3385 2988 3446 Dominum
3011 3396 3107 3465 ipsi
3134 3395 3509 3456 hazreditabunt
3540 3410 3645 3457 ter-

2198 3472 2257 3508 ra
2264 3472 2311 3508 m
2319 3496 2333 3509 ι

2055 3525 2238 3614 [Vav.]
2278 3526 2461 3614 Adhuc
2486 3529 2619 3614 enim
2648 3532 2929 3614 modicum,
2964 3547 3007 3589 et
3036 3540 3261 3614 nouerit
3288 3542 3501 3614 impius,

2124 3609 2172 3676 et
2197 3600 2449 3676 coqitabis
2468 3602 2532 3653 de
2557 3603 2669 3676 loco
2691 3607 2832 3676 ejus,
2866 3616 2912 3659 et
2943 3625 3043 3661 non
3071 3611 3333 3671 subsistet.

2054 3668 2208 3725 Mites
2229 3668 2400 3724 autem
2429 3668 3023 3733 hwreditabitnt'terram
3057 3696 3076 3735 :

2126 3752 2174 3823 et
2202 3741 2591 3823 delectabantur
2619 3748 2671 3823 in
2700 3748 3030 3823 multitudine
3053 3754 3217 3823 pacis.

2056 3812 2261 3893 [Zainz]
2292 3814 2503 3893 cogitat
2526 3817 2715 3885 impius
2736 3820 2801 3873 de
2816 3823 2986 3893 justo,

2131 3896 2176 3939 et
2207 3886 2406 3955 [rendet
2436 3888 2680 3943 adversus
2706 3886 3082 3949 eum'dentibus
3103 3898 3233 3955 suis.

2058 3955 2311 4011 Dominus
2333 3958 2584 4012 deridebit
2616 3977 2733 4014 eum
2758 3977 2777 4015 :

2136 4028 2151 4066 ί
2186 4031 2457 4112 φηῂξρὶάίι
2487 4034 2728 4112 quoniam
2761 4035 2892 4089 venit
2919 4036 3029 4112 dies
3050 4042 3184 4112 ejus.

2060 4100 2267 4175 [lletlL]
2288 4100 2537 4157 Gladium
2554 4106 2951 4177 evaginaverunt
2983 4100 3131 4183 impii
3154 4130 3173 4168 :
3204 4117 3533 4174 tetenderunt
3562 4138 3652 4177 ar-

2198 4190 2313 4227 cum
2342 4190 2515 4240 suum,

2132 4258 2189 4333 ut
2208 4248 2513 4333 percutiant
2541 4246 2618 4321 [h.
2637 4258 2701 4333 ut
2732 4248 2998 4333 dejiciant]
3028 4271 3243 4326 egenum
3267 4269 3315 4315 et
3341 4277 3622 4333 pauperem

2133 4327 2178 4371 et
2202 4312 2515 4384 interﬁciant
2542 4312 2746 4373 rectos!"
2786 4312 2837 4375 in
2866 4312 2997 4376 viaf
3058 4312 3081 4326 ν
3271 4312 3307 4315 ﬂ
3341 4312 3643 4337 rmr'wm’

2064 4388 2275 4463 [IletlL]
2303 4389 2524 4444 Gladius
2546 4406 2735 4477 eorum
2754 4394 3071 4462 ingrediatur
3095 4397 3147 4450 in
3177 4415 3267 4453 cor
3296 4416 3475 4460 eorum
3494 4451 3509 4477 ,

2133 4472 2179 4515 ct
2199 4479 2347 4515 arcus
2374 4478 2548 4515 eorum
2570 4464 2983 4535 conjringantur.

2064 4586 2138 4630 est
2167 4576 2339 4643 timor,
2367 4584 2471 4630 etc.

2142 4648 2160 4686 ι
2194 4646 2370 4725 iidem
2400 4647 2571 4700 nostri
2600 4661 2731 4725 mss.
2758 4648 2983 4725 cogitare
3012 4651 3328 4725 benefacere.

2136 4729 2161 4766 ες
2192 4720 2252 4773 S.
2286 4719 2644 4788 Hieronymus
2675 4718 2727 4772 iu
2754 4723 2975 4795 prologo
3005 4718 3404 4795 Scripturarum
3427 4730 3654 4790 Galeato

2064 4792 2959 4876 recensetprementem..psaluuun
2993 4792 3139 4851 inter
3160 4812 3255 4853 eos
3280 4844 3294 4867 ,
3347 4803 3438 4876 qui
3470 4807 3657 4876 viginti

2063 4861 2291 4943 duarum
2316 4862 2620 4943 litterarum
2649 4862 3037 4943 llebraicarutn
3058 4861 3315 4927 texuntur
3334 4861 3655 4943 aiplialivetoi

2063 4933 2291 5003 ideoque
2316 4934 2397 4986 hic
2425 4933 2666 5003 apposita
2703 4946 2825 4988 sunt
2854 4950 2884 4990 a
2916 4938 3073 4993 nobis
3099 4943 3315 4996 nomina
3340 4933 3653 5006 earumdem

2061 5005 2359 5095 litterarum
2388 5020 2419 5059 e
2450 5006 2669 5095 regipue
2697 5008 3088 5089 versiculorum
3110 5052 3124 5075 ,
3184 5014 3381 5082 quibus
3428 5005 3653 5095 respon;

2064 5078 2212 5164 dent.
2240 5075 2615 5164 Etl‘inemptip
2636 5077 2797 5164 etiam
2830 5079 3029 5149 scripta
3056 5075 3405 5154 reperiuntur
3450 5075 3657 5164 in'plu-

2067 5150 2218 5203 rimis
2241 5161 2369 5201 mss.
2399 5147 2694 5203 codicibus.
2726 5149 2907 5204 ΜΑῐιτ.

2137 5248 2209 5259 -
2234 5220 2351 5274 Biui
2383 5220 2583 5290 quique
2613 5221 2775 5288 hujus
2801 5222 3005 5278 Psalmi
3046 5226 3302 5283 versiculi
3333 5246 3439 5286 una
3480 5234 3548 5289 ab
3578 5236 3658 5291 al-

2069 5291 2483 5377 pliabeti‘juxta
2531 5292 2777 5373 ordinem
2829 5294 3011 5377 littera
3064 5298 3327 5377 incipiunt
3359 5321 3372 5356 :
3408 5304 3657 5377 hancque

2070 5365 2240 5443 ipsam
2267 5364 2570 5443 litterarum
2602 5365 2795 5417 seriem
2823 5364 3213 5443 pestbiartiati.
3242 5376 3541 5443 appositam
3567 5364 3660 5434 ie-

2073 5433 2307 5508 tincmus
2341 5433 2570 5508 adtlibri
2621 5450 2773 5489 oram
2803 5433 2871 5491 ex
2915 5439 3121 5508 aliquot
3155 5433 3470 5501 Latinorum
3511 5433 3664 5504 codi-

2072 5522 2195 5561 eum
2228 5506 2351 5578 lidc.
2388 5505 2601 5561 Videsis
2634 5518 2810 5562 tamen
2847 5526 2968 5578 qua:
3009 5505 3244 5568 inferius
3288 5518 3354 5571 ad
3388 5533 3529 5573 vers.
3563 5521 3655 5577 28.

2072 5580 2188 5633 sive
2216 5577 2320 5631 ΙΙαὶ
2345 5580 2576 5632 litteram
2606 5577 2950 5637 animamus.

2144 5647 2534 5725 ijste_t‘cietis.
2554 5668 2656 5725 IIIS].
2675 5652 2780 5704 noli
2804 5654 3068 5723 festinare,
3088 5672 3185 5725 pro
3204 5659 3313 5712 noli
3330 5660 3658 5720 contendere.

2151 5720 2165 5759 ί
2214 5720 2429 5791 Regina:
2460 5737 2564 5776 ms.
2596 5720 2812 5788 videns,
2834 5739 2933 5794 p20
2966 5720 3100 5795 quia
3126 5729 3270 5783 vidit.
3304 5732 3659 5795 Cisterciens.

2072 5803 2338 5867 prmtcrea
2368 5794 2506 5863 quod
2536 5795 2704 5849 veniat
2736 5810 2831 5866 pro
2861 5794 3107 5868 quoniam
3131 5802 3284 5855 venit.

2146 5892 2160 5943 t
2208 5888 2494 5949 lnterserit
2518 5888 2604 5949 hic
2626 5888 2975 5950 Cistereiens.
3003 5893 3177 5949 corde.
