4124 6360
299 358 438 416 1157

393 483 416 507 ³·
451 488 660 528 νιοτοιιι
693 487 939 540 inimus,
970 469 1236 528 esuriem
1266 469 1342 542 ιιι.
1376 466 1616 541 Psalm.]
1646 483 1829 524 nam.

303 541 616 616 [XXXIX]
644 545 788 605 Dixi.
824 545 1127 600 Custodiam
1152 541 1427 599 viasmcas

375 632 437 669 ne
468 632 671 688 peccem
693 618 744 670 in
769 617 948 687 lingua
971 633 1103 688 mea,

304 685 611 741 Custodiam
639 704 695 742 os
723 685 894 742 meum
919 686 1148 752 silentio,
1423 699 1466 740 χ

378 759 542 812 donec
566 769 639 814 est
669 760 859 830 impius
882 771 1060 813 contra
1091 775 1193 813 me.

310 830 559 884 Obmutui
589 830 812 898 silentio,
846 832 978 884 tacui
1010 830 1073 884 de
1102 831 1256 897 bono,

379 911 426 956 et
453 901 604 956 άοιον
634 920 774 956 meus
801 902 1135 956 conturbatus
1169 911 1264 956 εδι.

307 972 540 1027 Incaluit
562 990 650 1029 cor
678 990 850 1027 meum
878 975 930 1027 in
961 973 1130 1028 medio
1157 975 1278 1039 mei,
1599 1001 1624 1008 ε

377 1045 430 1098 in
463 1046 796 1100 meditatione
813 1062 927 1100 mea
946 1046 1188 1100 incensus
1210 1061 1324 1099 sum
1344 1046 1462 1116 igne
1493 1057 1512 1098 :

377 1117 582 1172 locutus
603 1135 719 1172 sum
746 1117 800 1188 in
827 1117 1010 1188 lingua
1034 1134 1165 1171 mea.

311 1187 538 1242 Ostende
565 1189 714 1255 mihi,
743 1187 985 1254 Domine,
1013 1189 1170 1258 ﬁnem
1198 1204 1401 1250 neeum,

375 1270 424 1315 et
456 1254 747 1316 mensuram
774 1261 975 1332 dierum
998 1254 1237 1332 meorum
1265 1276 1381 1332 quae
1403 1259 1493 1326 sit,
1522 1259 1683 1312 sciam
1714 1254 1820 1327 [Αι.
1849 1263 1904 1308 ut

451 1332 633 1405 sciam]
663 1332 788 1404 quid
809 1331 940 1405 mihi
971 1331 1126 1386 desit.

303 1402 439 1459 Ecce
468 1402 637 1460 breves
668 1402 883 1474 posuisti
905 1405 1012 1458 dies
1038 1419 1194 1470 meos,

374 1486 419 1531 et
450 1475 550 1528 vita
579 1492 690 1530 utea
714 1477 865 1547 quasi
895 1491 998 1547 non
1025 1476 1090 1529 sit
1123 1476 1176 1528 in
1207 1483 1496 1547 conspectu
1517 1482 1604 1526 tuo
1632 1486 1649 1526 :

377 1552 548 1602 omnia
570 1549 706 1602 enim
727 1541 982 1601 'vanitasb
1013 1549 1180 1600 omnis
1221 1541 1374 1600 homo
1415 1546 1716 1601 subsistens.
1764 1541 1906 1598 Seu-

449 1634 567 1674 Ρειι.
1161 1635 1168 1642 “

306 1689 535 1748 Tantum
565 1693 618 1745 in
649 1690 874 1761 imagine
898 1689 1124 1743 ambulat
1152 1688 1307 1744 homo
1337 1688 1410 1761 [Ιι.
1445 1687 1578 1759 vir],

376 1773 579 1816 tantum
600 1763 796 1830 frustra
825 1763 1160 1816 conturbatur
1182 1778 1200 1814 :

377 1829 651 1906 congregat
680 1844 736 1917 et.
758 1836 956 1920 ignorat
987 1835 1072 1887 cui
1104 1832 1436 1920 iititibld‘J/b.
1466 1829 1764 1902 congregat]
1795 1845 1876 1889 ea.
1934 1859 1982 1920 Β

306 1904 618 1980 Νιιεῖῑετρο
647 1904 786 1977 quid,
803 1914 1070 1980 exspecto,
1099 1904 1361 1980 Domine?

376 1975 694 2050 prtestolatio
721 1993 833 2030 mea
859 1975 922 2050 tu
952 1992 1004 2050 es
1030 1977 1118 2050 ]h._
1138 1977 1209 2050 ad
1234 1985 1282 2030 te
1309 1975 1427 2050 est].

305 2045 386 2102 Ab
419 2050 657 2104 omnibus
706 2045 1062 2119 iniquitatibus
1103 2048 1184 2121 [ἡ.
1234 2045 1514 2119 erroribus]
1563 2050 1694 2105 meis
1743 2045 1904 2102 libera

448 2137 578 2174 me:

377 2193 712 2261 approbrium
743 2190 900 2245 stulto
928 2207 992 2244 ne
1013 2208 1176 2262 pontu
1199 2207 1298 2247 me.

309 2262 588 2332 Obmutui,
625 2275 646 2302 ε
680 2280 782 2318 non
809 2264 988 2335 aperui
1021 2264 1128 2335 [ΑΙ.
1159 2263 1410 2335 aperiam]
1437 2279 1494 2318 os
1523 2279 1694 2320 meum
1719 2280 1735 2316 :

375 2339 496 2405 quia
527 2348 580 2389 tu
606 2336 797 2407 fecisti.

304 2404 456 2460 Tolle
479 2425 510 2462 a
539 2404 619 2461 me
646 2404 828 2480 plagas
857 2405 933 2476 [Ιι.
966 2405 1158 2476 lepras]
1191 2415 1304 2460 tuas
1333 2422 1354 2461 :

375 2495 410 2532 a
433 2479 768 2550 contentione
785 2494 964 2532 manus
990 2486 1092 2533 tute
1118 2494 1211 2550 ego
1241 2486 1574 2550 consumptus
1594 2495 1730 2532 sum.

306 2547 373 2603 In
404 2549 846 2615 increpationibus
1149 2547 1166 2566 τ

378 2637 473 2691 pro
523 2623 787 2694 iniquitate
819 2621 928 2693 [AL
970 2631 1179 2694 propter
1223 2621 1570 2693 iniquitatem]
1609 2621 1907 2694 corripuisti

449 2709 612 2747 turum
631 2712 648 2747 Σ

307 2764 374 2819 Et
403 2738 790 2838 ptisuis't'iOquasi
822 2767 1013 2818 tineam
1039 2765 1406 2820 desiderabilia
1437 2768 1549 2833 eius
1583 2781 1601 2818 :

378 2849 720 2891 verumtamen
754 2839 951 2890 vanitas
979 2837 1146 2890 omnis
1174 2837 1346 2892 homo.
1377 2837 1617 2894 Sumen.

306 2909 445 2963 Audi
465 2911 750 2962 orationem
778 2925 947 2963 meam
966 2949 982 2972 ,
1017 2908 1265 2970 Domine,

377 2991 427 3035 et
455 2981 729 3034 cltunorem
759 2997 962 3044 meum,
991 2979 1181 3033 exaudi
1204 2980 1278 3050 ]It.
1312 2979 1528 3034 auribus
1556 2980 1781 3051 percipe]
1814 2995 1834 3034 :

309 3053 388 3107 Ad
417 3052 705 3123 lacrymaut
731 3068 894 3106 meam
924 3068 988 3104 ne
1010 3052 1347 3106 obsurdescas
1367 3095 1381 3121 ,

379 3125 501 3193 quia
528 3125 724 3178 advena
750 3139 845 3192 ego
874 3138 990 3176 sum
1018 3123 1158 3194 apud
1187 3133 1233 3175 te
1252 3163 1268 3188 ,

384 3196 683 3267 peregrinus
708 3197 840 3249 sicut
872 3211 1048 3248 omnes
1078 3205 1252 3263 patres
1281 3195 1402 3250 mei.

311 3265 479 3320 Parce
504 3265 630 3320 mihi
652 3307 671 3333 ,
697 3277 750 3320 ut
777 3268 972 3320 rideam
990 3307 1006 3331 ,

381 3349 658 3410 antequam
684 3341 867 3392 vadam
885 3380 899 3403 ,
933 3347 981 3391 et
1008 3354 1110 3391 non
1135 3337 1436 3392 subsistam.

559 3408 585 3483 ει
613 3425 821 3466 vncrom
849 3425 1009 3465 usus)
1035 3413 1306 3483 csnrigou
1338 3410 1414 3480 Ut.
1449 3408 1648 3483 Psal.].

321 3481 484 3554 [Πη]
517 3480 837 3551 Exspectans
862 3483 1153 3551 exspectavi
1185 3479 1464 3536 Dominum
1495 3499 1514 3535 :

383 3565 432 3610 et
488 3556 766 3608 inclinatus
827 3563 904 3608 est
955 3555 1022 3608 ad
1085 3569 1194 3614 me,
1261 3564 1310 3606 et
1375 3555 1572 3608 audivit

454 3642 641 3679 meum.

317 3697 384 3752 Et
407 3698 586 3752 eduxit
616 3714 692 3751 tne
717 3697 782 3751 de
809 3697 931 3751 lacu
961 3693 979 3734 ί
1012 3699 1212 3750 sonitus
1236 3739 1250 3764 ,
1283 3697 1349 3751 de
1379 3698 1490 3752 luto
1519 3701 1650 3754 (ani
1677 3715 1698 3752 :

385 3780 431 3824 et
451 3769 629 3824 statuit
659 3785 812 3835 super
834 3778 1034 3839 petram
1056 3768 1209 3839 pedes
1232 3785 1392 3834 meos,

385 3841 630 3895 stabilivit
658 3857 864 3911 gressus
891 3856 1050 3893 meos.

318 3911 384 3968 Et
407 3912 546 3967 dedit
568 3914 624 3966 in
648 3928 736 3966 ore
765 3927 876 3966 meo
906 3913 1166 3965 canticum
1188 3927 1376 3966 novum
1393 3955 1409 3980 ,

390 3984 594 4039 laudem
621 3984 726 4037 Deo
746 3993 946 4038 nostro.

326 4055 582 4111 Videbunt
626 4055 811 4122 multi,
863 4063 908 4109 et
955 4054 1232 4120 timebunt,
1289 4065 1340 4110 et
1384 4055 1668 4127 sperabunt
1705 4057 1761 4111 in
1806 4055 1914 4112 Do-

463 4145 625 4183 mino.

320 4199 509 4255 Beatus
537 4201 633 4262 vir,
667 4199 754 4270 qui
783 4200 952 4268 posuit
976 4197 1263 4253 Dominum.
1283 4198 1653 4267 conﬁdentiam
1680 4217 1830 4254 suam
1851 4243 1865 4265 ,

393 4281 442 4325 et
463 4288 567 4325 non
590 4283 664 4326 est
693 4271 999 4342 aversusiad
1024 4271 1294 4341 superbius
1335 4287 1653 4342 pompasque
1702 4275 1916 4328 menda-

393 4345 459 4396 cii
490 4344 553 4415 [Α
565 4344 574 4395 Ι
587 4384 600 4397 .
641 4341 953 4415 mendaces]:

323 4412 509 4469 Multa
553 4415 722 4483 fecisti
780 4422 874 4480 tu,
925 4412 1145 4469 Domine
1212 4415 1350 4470 Deus
1420 4432 1600 4482 meus,
1656 4417 1919 4472 mirabilia

467 4495 585 4548 tua,

396 4565 442 4609 et
468 4555 804 4625 cogitationes
832 4565 947 4610 tuas
977 4573 1070 4627 pro
1103 4557 1272 4612 nobis.

1635 3555 1910 3610 clamorem

401 4739 424 4766 α
456 4728 658 4797 Regius
688 4727 857 4783 codex
887 4728 966 4782 sic
1001 4727 1162 4784 habet
1195 4747 1206 4781 :
1247 4727 1312 4782 In
1345 4731 1500 4800 finem
1531 4729 1750 4784 [dit/tun
1786 4731 1923 4788 Con-

329 4805 483 4858 ticum
508 4800 710 4874 David;
741 4802 834 4853 sed
859 4801 1144 4855 manifesto
1173 4804 1522 4874 exscriptoris
1549 4818 1734 4856 errore
1759 4844 1773 4867 ,
1831 4807 1922 4874 qui

330 4877 512 4946 plures
543 4873 735 4946 psalm.
773 4874 956 4946 titulos
983 4888 1013 4927 e
1047 4874 1294 4926 versione
1339 4872 1478 4926 LXX
1513 4876 1804 4946 trans-ferre
1834 4872 1929 4930 tiu.

329 4944 422 5001 ius
453 4957 538 5001 est
575 4945 629 4998 in
659 4944 798 4998 hanc
828 4944 1142 5016 Hieronymi
1195 4946 1487 4999 editionem
1537 4945 1701 4999 Hebr.
1740 4947 1929 5004 Docet

330 5021 491 5089 igitur
510 5016 1206 5088 Hieronymusprwlutione
1223 5017 1529 5071 Comment.
1554 5021 1604 5070 in
1624 5018 1923 5088 ltauielem,

330 5112 554 5166 verbum
602 5093 794 5168 mliti)
822 5106 1200 5174 lamnatsealtlt,
1235 5119 1292 5164 ut
1335 5109 1494 5163 ltodie
1548 5108 1763 5178 legitur,
1808 5127 1923 5165 mu-

329 5183 413 5255 εἰς
443 5199 536 5255 pro
566 5182 800 5255 victoria,
837 5197 993 5251 qttutlt
1027 5181 1090 5255 in
1111 5180 1265 5255 ﬁnem
1289 5183 1660 5255 interpretari.
1684 5179 1848 5255 Unde
1877 5192 1924 5236 et

334 5251 517 5321 psalmi
550 5253 781 5320 plurimi,
813 5256 994 5322 inquit,
1030 5252 1165 5305 illud
1191 5251 1508 5323 Heln‘aicam
1553 5253 1692 5323 quod
1724 5255 1774 5305 in
1805 5255 1929 5307 titu-

331 5329 395 5382 lis
425 5326 634 5398 ponitur
673 5321 1014 5390 LAIANASSE,
1069 5339 1162 5392 pro
1211 5342 1308 5398 quo
1350 5321 1501 5398 LXX
1550 5321 1930 5398 transmlerunt

331 5403 384 5450 in
421 5396 570 5466 finem
595 5399 758 5467 magis
789 5412 883 5468 pro
905 5398 1112 5448 victoria
1143 5396 1400 5451 continent
1426 5412 1442 5450 :
1470 5396 1656 5463 Aquila
1686 5398 1818 5449 enim
1844 5400 1928 5450 in-

334 5479 637 5542 terpretatus
675 5478 765 5542 est
792 5467 795 5468 ⁷
826 5475 898 5541 τῷ
923 5475 1197 5542 νικοποιῷ,
1255 5470 1349 5521 hoc
1386 5478 1491 5542 est,
1538 5469 1583 5520 ei
1605 5467 1690 5537 qui
1741 5468 1931 5538 pratbet

333 5539 618 5596 victoriam.
664 5539 1006 5608 Symmachus
1044 5539 1294 5598 emam.
1320 5541 1454 5610 quod
1487 5556 1692 5610 pr0prte
1749 5543 1933 5593 trium-

336 5615 490 5683 phum
521 5614 842 5682 palmam/ue
865 5612 1142 5683 significat.
1173 5611 1328 5665 l’lura
1354 5617 1419 5665 de
1441 5614 1630 5664 eodem
1659 5610 1929 5666 lleliruico

337 5680 719 5740 lamanassevcl
747 5680 1129 5746 tttmnatsealih,
1149 5696 1270 5736 cum
1290 5683 1355 5736 ad
1397 5683 1607 5736 ti:ulum
1647 5685 1782 5752 psal.
1811 5700 1932 5739 XLIV

336 5772 432 5813 seu
460 5771 562 5810 XLV
592 5757 744 5825 justo
779 5755 940 5808 llebr.
965 5765 1180 5808 ventum
1213 5758 1331 5808 erit.
1371 5753 1546 5808 illum.

410 5827 436 5866 ι)
463 5825 680 5897 Regina:
704 5841 807 5880 ms.
848 5825 1064 5880 Vanitas
1088 5826 1240 5879 homo
1263 5835 1423 5879 stans.
1460 5826 1780 5897 Diapsttlma.

415 5911 439 5937 ο
473 5897 528 5954 lu
560 5898 742 5954 futuro
775 5909 1018 5970 tempore
1045 5898 1229 5968 legunt
1251 5899 1382 5954 editi
1415 5897 1560 5965 libri,
1595 5909 1650 5957 et
1675 5914 1781 5957 uis.
1807 5899 1945 5958 Sor-

1581 351 1788 409 LIBER
1828 346 2268 408 PSALMORUM.

3459 343 3602 415 ηδε

1934 470 1983 528 Λ
2019 466 2137 520 Non
2161 467 2362 521 invcnio
2385 467 2618 521 ordinem
2649 483 2822 522 coram
2846 478 2891 523 te
2919 482 2937 523 :

2078 541 2122 594 si
2155 555 2369 592 narrare
2398 539 2626 604 voluero,
2659 550 2706 594 et
2737 555 3026 605 numerare,

2074 611 2228 684 plura
2251 619 2555 684 suntquam
2581 620 2637 664 ut
2659 615 2863 684 narrari
2889 624 3096 684 queant.

2010 679 2236 740 Victima
2257 693 2304 736 et
2330 679 2590 757 oblatione
2611 697 2714 738 non
2738 679 2936 756 indiges
2961 683 3037 756 [Ιι.
3061 701 3161 740 non
3184 685 3416 757 voluisti]
3434 731 3449 756 ,

2077 771 2228 810 aures
2251 753 2428 823 [odisti
2453 753 2576 808 mihi
2601 770 2621 808 :

2078 825 2434 900 hoiocaustum
2465 835 2512 879 et
2541 841 2635 898 pro
2665 837 2872 895 peccato
2898 844 3001 884 non
3034 831 3239 900 petisti,

2005 899 2154 954 Tunc
2177 897 2290 952 dixi
2311 939 2324 962 ,
2353 914 2464 951 ecce
2484 900 2630 951 venio
2656 913 2676 952 .°

2078 972 2130 1023 in
2154 967 2416 1023 volumine
2441 969 2558 1023 libri
2585 972 2838 1037 scriptum
2866 980 2942 1026 est
2971 974 3035 1028 de
3053 989 3153 1030 me.

2009 1041 2078 1099 Ut
2107 1042 2330 1166 [altorem
2376 1038 2627 1112 placitum
2667 1043 2755 1096 tibi
2786 1042 2893 1114 [AL
2925 1046 3127 1117 tuum],
3173 1043 3312 1102 Deus
3354 1063 3494 1103 meus
3514 1061 3579 1103 so

2174 1129 2225 1165 ut
2251 1153 2264 1166 .

2077 1193 2124 1238 et
2150 1129 2486 1261 ‘lggem‘tuam
2507 1184 2559 1261 in
2582 1187 2753 1261 medio
2770 1185 2958 1261 ventris
2987 1187 3096 1261 [ΑΙ.
3131 1189 3324 1261 cordis]
3353 1195 3474 1250 mei.

2011 1257 2332 1330 Annuntiavi
2353 1257 2616 1330 justitiam
2643 1259 2697 1312 iu
2729 1258 2945 1314 ecclesia
2971 1257 3134 1330 multa
3158 1303 3173 1326 ,

2079 1345 2191 1400 ecce
2212 1327 2494 1382 labia'mea
2520 1342 2620 1383 non
2655 1331 2934 1400 prohibebo
2958 1347 2976 1385 :
2999 1329 3255 1399 Domine,
3291 1342 3347 1390 tu
3375 1337 3532 1392 nosti.

2006 1397 2280 1476 Justitiam
2309 1410 2453 1453 tuam
2478 1415 2583 1476 non
2611 1397 2859 1457 abscondi
2887 1404 3136 1476 inmedio
3162 1397 3335 1462 cordis
3366 1410 3494 1476 mei,

2081 1471 2119 1542 fi
2138 1472 2235 1526 ient
2264 1482 2404 1525 tuam
2432 1483 2478 1526 et
2503 1472 2731 1527 salutare
2759 1483 2902 1528 tuum
2923 1475 3033 1529 dixi
3062 1492 3081 1530 :

2083 1561 2183 1596 non
2212 1543 2461 1598 abscondi
2483 1543 2890 1600 misericordiam
2920 1554 3064 1600 tuam
3083 1590 3097 1612 ,

2079 1625 2125 1669 et
2151 1615 2413 1669 veritatem
2437 1624 2578 1669 tuam
2604 1618 2656 1670 in
2679 1618 2892 1672 ecclesia
2921 1621 3104 1674 multa.

2011 1685 2125 1754 Tu,
2154 1684 2553 1764 Domine_.lnon‘
2590 1688 2865 1764 prohibeas
2897 1687 3004 1762 [AL
3049 1690 3368 1764 prohibebis]
3410 1695 3613 1750 miseri-

2153 1759 2360 1812 cordias
2390 1757 2465 1829 Ut.
2501 1757 2732 1830 pietates]
2766 1757 2940 1814 tunsa
2959 1757 3087 1817 me:

2082 1830 2436 1883 misericordia
2483 1841 2572 1885 tua
2619 1842 2668 1886 et
2719 1834 2908 1887 veritas
2957 1843 3047 1888 tua
3085 1837 3287 1908 jugiter
3335 1839 3608 1894 servabunt

2080 1915 2179 1954 me.

2009 1969 2474 2027 Circumdederunt
2503 1975 2642 2029 enim
2679 1991 2760 2031 me
2799 1977 2966 2044 mala,
2994 1993 3213 2046 quorum
3257 1996 3359 2035 non
3401 1987 3478 2037 est
3509 1999 3608 2038 nu-

2163 2061 2330 2097 merus
2340 2086 2352 2108 ,

2079 2118 2574 2183 comprehenderunt
2602 2135 2680 2173 me
2707 2119 3003 2190 iniquitates
3023 2137 3150 2178 mea:
3169 2165 3182 2190 ,

2081 2196 2129 2240 et
2153 2204 2255 2242 non
2278 2191 2424 2254 potui
2453 2191 2622 2244 videre
2645 2207 2664 2246 ,ο

2010 2258 2202 2314 Plures
2223 2260 2379 2330 facta:
2405 2273 2558 2340 sunt,
2589 2279 2742 2340 quam
2762 2265 2942 2334 capilli
2969 2267 3160 2334 capitis
3189 2269 3318 2340 mei,

2085 2343 2132 2385 et
2158 2348 2248 2384 cor
2274 2349 2441 2387 meum
2464 2335 2738 2404 dereliquit
2768 2352 2868 2390 me.

2013 2403 2233 2458 Placeat
2260 2403 2349 2457 tibi
2371 2447 2384 2469 ,
2424 2403 2673 2472 Domine,
2708 2419 2761 2459 ut
2793 2408 2979 2463 liberes
3009 2425 3089 2462 me
3111 2425 3132 2464 .·

2086 2473 2307 2548 Domine
2335 2517 2350 2540 ,
2381 2477 2449 2528 ad
2474 2478 2832 2548 adjuvandum
2862 2497 2939 2533 me
2967 2481 3178 2548 festina.

2023 2545 2429 2616 confundantur
2459 2559 2506 2601 et
2529 2545 2852 2603 revererentur
2880 2545 3038 2604 simul

2081 2627 2364 2688 qumrentes
2393 2621 2620 2672 animam
2647 2638 2812 2674 meam
2833 2667 2847 2688 ,
2879 2636 2932 2676 ut
2959 2625 3202 2696 auferant
3233 2643 3348 2683 eam
3379 2644 3395 2660 °

2008 2689 2384 2765 Convertuntur
2406 2701 2702 2765 retrorsum,
2736 2703 2786 2747 et
2813 2689 3219 2765 confundantur.

2087 2761 2176 2827 qui
2209 2762 2387 2815 volunt
2416 2764 2557 2816 mala
2587 2765 2732 2818 milii.

2013 2831 2241 2888 Pereunt
2275 2843 2389 2904 post
2415 2835 2773 2905 confusionem
2803 2853 2949 2892 suam
2977 2856 2996 2895 :

2083 2906 2171 2974 qui
2202 2906 2383 2958 dicunt
2415 2908 2540 2960 mihi
2572 2908 2666 2960 vait
2687 2907 2708 2960 !
2735 2910 2864 2964 vati!

2012 2974 2310 3042 Gaudeant,
2341 2988 2388 3030 et
2416 2977 2653 3032 [tutentur
2679 2983 2730 3033 in
2762 2991 2811 3035 te

2086 3064 2262 3102 omnes
2285 3049 2375 3118 qui
2401 3067 2536 3120 quati
2551 3060 2640 3104 unt
2666 3060 2713 3104 te
2739 3067 2756 3105 :

2012 3119 2205 3199 Dicant
2225 3119 2441 3199 iugiter,
2470 3123 2828 3199 inagni/icetur
2854 3126 3128 3199 Dominus,

2087 3191 2175 3260 qui
2206 3191 2438 3260 diligunt
2458 3195 2691 3248 salutare
2720 3204 2888 3251 tuum.

1935 3262 1982 3322 (3,
2015 3261 2130 3338 Ego
2162 3274 2333 3338 autem
2359 3281 2475 3338 sum
2504 3283 2692 3338 egenus
2721 3278 2767 3321 et
2797 3287 2995 3338 pauper
3025 3288 3043 3325 :

2091 3334 2346 3413 Dominus
2376 3325 2634 3392 sollicitus
2657 3340 2752 3413 erit
2781 3325 2874 3413 pro
2905 3325 2984 3395 ine
3015 3359 3032 3396 :

1987 3406 2285 3464 ,Auxilium
2315 3423 2482 3483 meum
2507 3420 2552 3462 et
2585 3406 2813 3483 salutare
2840 3429 3010 3468 meum
3041 3421 3121 3483 tu,

2307 3477 2446 3534 Deus
2470 3497 2632 3548 meus,
2668 3479 2686 3517 ί
2718 3500 2781 3538 ne
2809 3487 3042 3539 moreris.

2242 3563 2454 3631 vlc't'om
2491 3567 2758 3631 csurlcou
2792 3558 2866 3631 ]lt.
2907 3555 3173 3631 Psalmns]
3214 3575 3393 3617 DM‘ID.

2019 3617 2170 3701 [Χρι
2259 3621 2556 3701 Beatusqui
2582 3627 2770 3701 cogitat
2784 3617 2858 3701 tte
2882 3645 3107 3701 paupere
3135 3647 3150 3685 :

2087 3695 2141 3772 in
2171 3694 2254 3772 die
2281 3693 2416 3747 malo
2445 3693 2680 3772 liberabit
2711 3698 2821 3769 [AL
2855 3693 3094 3772 salvtibit]
3126 3719 3238 3756 eum
3268 3701 3547 3760 Dominus.

2089 3763 2344 3841 Dominus
2372 3768 2624 3841 custodiet
2655 3763 2771 3822 eum
2796 3782 2848 3825 et
2876 3763 3152 3841 viviﬁ-cabit
3179 3792 3294 3828 eum
3328 3792 3347 3831 :

2089 3846 2138 3890 et
2161 3835 2338 3892 beatus
2359 3840 2458 3892 erit
2476 3841 2530 3892 in
2555 3849 2710 3901 terra.

2087 3917 2136 3961 et
2170 3925 2272 3962 non
2314 3910 2483 3964 tradet
2513 3910 2622 3983 [ΑΙ.
2669 3913 2865 3986 tradat]
2903 3930 3021 3969 eum
3060 3919 3250 3973 anima:
3299 3920 3623 3978 inimicorum

2162 3993 2371 4035 suorum
2380 4021 2394 4035 .

2021 4050 2276 4106 Dominus
2304 4053 2616 4133 confortavit
2644 4069 2760 4110 eum
2779 4059 2840 4133 in
2868 4059 3000 4114 lecto
3029 4061 3351 4133 infirmitatis
3374 4080 3394 4118 :

2093 4133 2508 4205 totumstraturn
2524 4128 2636 4193 ejus
2661 4131 2856 4205 periisti
2878 4134 2928 4184 in
2949 4128 3284 4205 tugroiatione
3307 4152 3424 4191 sua.

2022 4194 2138 4268 Ego
2167 4195 2298 4262 dixi,
2335 4197 2572 4266 Domine,
2603 4201 2840 4256 miserere
2863 4206 2982 4269 mei,

2085 4283 2210 4347 sana
2225 4269 2464 4347 animam
2497 4278 2956 4347 meam,_quoniam
2981 4279 3187 4347 peccavi
3219 4279 3329 4331 tibi.

2025 4325 2234 4392 Inimici
2263 4343 2366 4417 mei
2395 4325 3137 4417 laqueum/[li].loquimini]
3169 4352 3367 4403 malum
3399 4349 3524 4404 mihi
3547 4366 3567 4404 :

2095 4411 2305 4492 quando
2338 4417 2606 4492 morietur,
2626 4411 2712 4492 ’δι’
2722 4420 2830 4484 peri
2838 4411 2909 4471 bit
2933 4435 3116 4492 nomen
3133 4411 3272 4492 ejus.

2026 4481 2094 4536 Et
2127 4484 2172 4536 si
2203 4486 2396 4539 venerit
2420 4496 2472 4538 ut
2497 4496 2521 4533 ε
2553 4481 2741 4560 videat,
2772 4503 2900 4543 vana
2929 4481 3205 4560 loquetuf;

2099 4571 2188 4608 cor
2215 4559 2332 4626 ejus
2361 4559 2693 4631 coagregabit
2722 4559 3044 4624 iniquitatem
3072 4565 3192 4630 sibi,

1953 4766 2006 4827 Β
2033 4744 2258 4827 bouieus
2289 4768 2303 4808 :
2338 4752 2603 4818 Obmutui,
2637 4771 2738 4808 non
2765 4757 2994 4827 aperiam
3021 4776 3077 4813 os
3108 4777 3295 4816 meum.
3331 4763 3502 4822 MAn't‘.

2109 4819 2134 4856 ἀ
2165 4821 2362 4878 lterum
2382 4842 2534 4902 iuss.
2556 4827 2747 4892 nostri,
2772 4819 2881 4882 Pro
2908 4830 3142 4898 vit-toria,
3167 4835 3386 4902 quodet
3403 4819 3625 4893 tuleritis

2035 4905 2352 4970 censtzuiter
2382 4899 2448 4970 iri
2463 4899 2792 4970 reliquorum
2824 4903 3158 4970 pSaIniorum
3186 4899 3362 4961 titulis
3395 4909 3631 4966 retinent

2036 4982 2134 5034 pro
2165 4965 2383 5024 Victori.
2414 4968 2546 5024 Vide
2569 4965 2689 5041 oua:
2709 4972 2774 5026 ad
2809 4965 3054 5043 proxime
3081 4977 3418 5046 supciiorem
3450 4965 3628 5036 locum

2032 5051 2375 5096 allltltlillllus.

2033 5190 2050 5234 ι
2109 5121 2130 5147 υ
2159 5111 2509 5170 Cistercieus.
2544 5129 2674 5181 nis.,
2704 5115 2767 5170 de
2797 5118 2917 5172 lacn
2947 5123 3142 5191 famose
3167 5162 3184 5188 ,
3215 5138 3312 5191 pro
3334 5123 3450 5177 lacu
3490 5127 3627 5179 soni-

2056 5197 2140 5234 us.

2056 5197 2140 5238 us.

2113 5253 2131 5292 τ
2158 5257 2212 5311 lu
2248 5257 2448 5328 Regina
2481 5273 2584 5314 ms.
2619 5275 2680 5312 ne
2708 5263 2942 5318 moreris.
2965 5263 3126 5320 Juxta
3155 5265 3317 5322 llelir.
3343 5277 3490 5328 nun.

2108 5337 2132 5374 ε
2169 5332 2354 5405 (Zenon
2382 5328 2852 5405 Carcassoucusis,
2887 5351 2949 5390 ac
2990 5340 3169 5405 plures
3219 5353 3351 5392 mss.
3408 5341 3495 5395 hic
3545 5340 3626 5394 le-

2037 5412 2191 5469 gunt,
2238 5400 2304 5478 Et
2325 5405 2395 5455 sic
2416 5404 2602 5478 venerit
2630 5415 2681 5478 ut
2711 5403 2914 5470 visitet,
2947 5400 3088 5478 quod
3122 5421 3290 5464 secuti
3319 5423 3445 5466 sunt
3473 5414 3633 5467 Eros-

2038 5482 2237 5553 tiiiiset
2260 5473 2525 5553 lilariauus
2555 5476 2609 5528 iu
2638 5475 2740 5553 hoc
2767 5473 3025 5553 psalterio
3057 5481 3367 5553 Hieropymi
3395 5497 3412 5547 ς
3445 5500 3634 5551 quam-

2039 5545 2122 5598 vis
2169 5543 2228 5602 S.
2281 5547 2476 5601 Det-tor
2516 5549 2572 5601 iu
2619 5539 2780 5614 epist:
2829 5551 2894 5603 ad
2953 5539 3240 5607 Suuniaun‘
3259 5539 3312 5607 et
3365 5539 3633 5609 F'rv'telam

2043 5632 2299 5685 expresse
2333 5620 2624 5685 uiuum-rit,
2657 5621 2725 5672 itu
2759 5623 3138 5688 interpretatos
3173 5625 3334 5679 luisse
3367 5626 3510 5680 LXX
3535 5630 3632 5681 Su-

2048 5688 2270 5771 uioresnz
2298 5693 2384 5746 καὶ
2410 5694 2453 5747 εἰ
2479 5693 2832 5771 εξοςεπορειξετρ
2861 5703 2948 5771 τοῦ
2975 5696 3101 5752 ἰδεῖν
3119 5739 3133 5761 ,
3159 5697 3211 5771 id
3249 5705 3357 5771 est,
3394 5696 3462 5752 Et
3485 5699 3530 5752 si
3562 5699 3642 5752 in—

2049 5762 2373 5840 gretliebtttur
2401 5773 2453 5817 ut
2475 5762 2682 5840 videret.
2717 5768 2821 5820 Sed
2850 5767 3017 5840 ridere
3051 5774 3151 5823 hoc
3195 5769 3312 5824 loco
3341 5770 3482 5826 idem
3531 5780 3644 5840 est,

2052 5833 2156 5890 uisi
2181 5833 2330 5890 fallat
2358 5850 2458 5893 nos
2483 5835 2689 5908 Opinio,
2721 5839 2860 5908 quod
2891 5841 3118 5895 visitare.
3148 5840 3326 5897 ΜΑιιτ.
