4124 6360
511 311 651 376 “59

579 438 845 510 egrediens
875 434 1017 510 foras
1040 433 1292 492 detrahet.

509 504 684 567 Siniul
705 504 977 565 adversum
1000 526 1076 563 me
1097 504 1487 562 murmurabant
1514 519 1688 559 omnes
1720 505 1947 561 odientes
1977 520 2056 559 me
2082 519 2100 558 :

579 593 761 637 contra
789 599 868 636 me
895 581 1000 650 [AL
1034 588 1135 633 tae.
1160 577 1262 650 me]
1293 577 1589 650 cogitabant
1617 579 1814 650 malum
1845 577 1993 647 mihi,

514 651 738 708 Verbum
770 648 1092 726 [h.Belial.[
1121 648 1316 726 diaboli
1340 648 1681 720 infundebant
1713 649 1808 704 sibi
1836 665 1856 708 ε

577 727 668 796 qui
697 722 934 796 dormivit
958 739 1058 796 non
1083 722 1238 776 addet
1264 729 1321 776 ut
1347 729 1605 796 resurgat.

507 790 617 852 Sed
645 806 692 850 et
718 795 874 850 homo
901 793 1151 865 paciﬁcus
1172 809 1312 848 meus
1336 809 1356 849 :
1380 794 1434 848 in
1461 790 1562 862 quo
1591 790 1746 846 habui
1775 790 2024 863 fiduciam
2048 806 2070 847 :

615 869 669 922 ui
688 867 1030 922 manducabat
1049 881 1231 938 panem
1259 881 1456 934 meum,

615 886 668 922 ui
688 886 1030 922 manaucaoat
1049 886 1231 938 panem
1259 886 1353 921 me:

578 886 766 994 Ywavit
790 947 967 1011 contra
983 953 1074 1011 me
1092 938 1353 1011 plantam.

511 1008 591 1066 Tu
617 1021 812 1076 autem,
833 1005 1349 1080 Dominefmiserere
1375 1009 1472 1065 mei
1497 1025 1516 1066 :
1542 1015 1590 1064 et
1615 1005 1728 1064 leva
1750 1024 1850 1079 me,

580 1091 630 1137 et
653 1083 867 1138 reddam
889 1083 984 1136 eis.

510 1151 577 1208 In
606 1155 702 1209 hoc
727 1154 942 1226 cognovi
971 1149 1109 1226 quod
1136 1151 1262 1226 velis
1291 1167 1370 1226 me
1399 1166 1417 1204 :

577 1227 702 1296 quia
729 1222 833 1280 non
864 1222 1130 1278 insultabit
1159 1223 1399 1278 inimicus
1426 1239 1568 1296 meus
1594 1223 1742 1279 mihi.

508 1295 623 1368 Ego
641 1305 814 1352 autem
833 1298 886 1350 in
914 1297 1244 1368 simplicitate
1270 1311 1384 1349 mea
1408 1295 1624 1368 adjutus
1643 1311 1761 1350 sum
1781 1311 1812 1347 a
1839 1301 1913 1368 te,

512 1424 517 1429 _
558 1363 626 1423 ἐι
653 1379 847 1513 ἲιαιῗεδ
869 1383 948 1422 me
972 1363 1089 1422 ante
1110 1367 1297 1440 faciem
1324 1363 1545 1422 tuam'in
1565 1375 1870 1439 perpetuum
1897 1363 1977 1438 [h.
1999 1378 2102 1419 sa:-

677 1457 762 1494 um
789 1478 807 1496 .

677 1457 762 1494 um
774 1457 807 1496 1ο

508 1505 815 1568 Benedictus
842 1505 1097 1566 Dominus
1127 1507 1268 1564 Deus
1301 1507 1466 1564 Israel

579 1602 614 1639 a
639 1583 848 1650 sarculo,
877 1593 925 1638 et
947 1599 1105 1654 usque
1126 1583 1179 1636 in
1207 1582 1478 1654 saeculum,
1507 1598 1658 1654 amen
1680 1591 1728 1636 et
1756 1596 1928 1634 amen.

594 1663 620 1693 ι
650 1670 865 1712 νιοτοιιι
892 1651 1201 1711 vocrissmo
1224 1652 1298 1724 [h.
1328 1651 1554 1724 erudito]
1582 1668 1832 1710 FlLlORUI
1860 1665 2020 1708 cons.

503 1723 691 1801 [XLII
701 1726 743 1798 ,Ἰ
773 1727 923 1784 Sicut
949 1727 1125 1781 areola
1151 1723 1455 1798 prteparata
1477 1723 1549 1779 ad
1569 1726 1898 1798 irrigationes
1939 1739 2104 1796 aqua-

649 1815 765 1854 rum
795 1815 815 1854 .'

1483 311 1537 372 S.
1584 308 1967 373 IlIERONYMl
2006 308 2240 374 DIVINA
2279 308 2756 374 BlBLIOTllECA.

3671 310 3813 372 ιιθο

2126 437 2182 501 Α
2278 449 2312 486 a
2336 433 2446 486 viro
2472 431 2656 486 doloso
2684 441 2732 485 et
2761 429 2942 500 iniquo
2966 428 3108 486 salva
3134 443 3236 488 me.

2211 504 2291 561 Tu
2311 505 2446 559 enim
2466 520 2541 572 es,
2571 503 2735 570 Deus,
2763 503 3013 575 fortitudo
3043 519 3156 558 mea
3179 517 3340 574 quare
3360 500 3726 574 projecistime
3747 520 3766 560 :
3787 562 3807 575 ,

2278 591 2442 648 quare
2471 577 2630 630 tristis
2654 574 2856 641 incedo,
2890 575 3161 648 afﬂigente
3186 575 3436 648 inimico?

2208 644 2356 703 Mitte
2378 647 2543 702 lucem
2572 654 2784 701 tuam‘et
2811 644 3075 701 veritatem
3096 657 3258 712 tuam,
3286 644 3306 684 ί
3328 647 3445 718 ipsa
3465 655 3654 705 ducent
3679 665 3761 703 me
3781 664 3804 704 :

2278 720 2604 774 introducent
2633 735 2710 773 me
2734 718 2804 772 ad
2832 726 3062 774 montem
3091 729 3325 774 sanctum
3345 729 3513 789 tuum,

2280 801 2328 846 et
2353 792 2423 844 ad
2453 789 2784 845 tabernacula
2811 799 2918 845 tua.

2215 861 2285 916 Et
2310 863 2532 917 introibo
2552 863 2621 916 ad
2645 863 2808 917 altare
2832 862 2948 927 Dei,

2277 935 2347 987 ad
2375 935 2541 988 Deum
2569 934 2762 989 laetitia:
2785 934 3146 990 exsultationis
3166 949 3312 1000 mete,

2277 1015 2324 1061 et
2353 1005 2633 1076 conﬁtebor
2655 1007 2747 1061 tibi
2766 1008 2819 1060 in
2843 1006 3064 1074 cithara,
3085 1007 3256 1073 Deus,
3289 1007 3428 1063 Deus
3453 1021 3617 1063 meus.

2210 1075 2387 1146 Quare
2414 1075 2722 1151 incuryaris,
2753 1081 2926 1151 anima
2955 1095 3092 1151 mea.
3119 1088 3168 1134 et
3197 1095 3357 1151 quare
3378 1079 3654 1136 conturbas
3677 1097 3761 1136 me
3781 1097 3808 1137 :

2275 1159 2521 1220 exspecta
2549 1148 2718 1204 Deum
2739 1150 2984 1220 quoniam
3013 1150 3187 1205 adhuc
3208 1148 3500 1221 confitebor
3527 1153 3596 1219 ei,

2276 1221 2593 1277 salutaribus
2622 1221 2733 1294 [AL
2756 1221 3038 1294 salutibus]
3067 1223 3240 1278 vultus
3261 1224 3360 1278 mei
3382 1234 3430 1278 et
3461 1222 3571 1279 Deo
3600 1241 3734 1281 meo.

2493 1346 2519 1385 8
2549 1350 2764 1394 νιοτοῐιι
2790 1351 3049 1393 FILIORUI
3078 1351 3217 1393 CORE
3238 1352 3508 1395 ERUDITIO.

2211 1427 2467 1506 [XLIVJ
2497 1431 2658 1506 Deus,
2681 1431 2896 1487 auribus
2927 1433 3128 1506 nostris
3144 1432 3438 1506 audivimus
3464 1448 3485 1489 :

2278 1503 2459 1575 patres
2480 1504 2644 1564 nostri
2670 1515 3010 1559 narraverant
3039 1503 3189 1575 nobis

2276 1574 2406 1660 Opus
2425 1577 2564 1660 quod
2592 1584 2832 1648 operatus
2851 1593 2904 1630 es
2925 1577 2978 1630 in
2999 1574 3182 1630 diebus
3203 1591 3401 1644 eorum,
3434 1576 3489 1631 in
3513 1574 3691 1632 diebus
3709 1592 3811 1630 an-

2207 1717 2286 1775 Tu
2315 1658 2586 1775 3tua
2605 1727 2785 1794 gentes
2816 1718 2996 1794 delesti
3033 1717 3110 1792 [h.
3139 1715 3526 1790 exhtzredasti],
3563 1727 3610 1774 et
3648 1717 3805 1790 plan-

2351 1793 2474 1846 tasti
2495 1807 2579 1848 eos
2605 1789 2714 1862 [ΑΙ.
2743 1789 2852 1862 eas]
2875 1807 2895 1845 :

579 1835 851 1925 sic'dr'tlinia
873 1888 987 1926 mea
1005 1878 1299 1941 prtcparata
1324 1866 1444 1941 θυι,
1463 1867 1744 1940 desiderat]
1763 1867 1841 1941 ad,
1856 1875 1920 1934 te,
1938 1865 2094 1920 Deus.
2133 1835 2182 1898 Β
2218 1835 2926 1941 “amisisti;
2959 1862 3174 1941 plebes],
3213 1873 3264 1918 et
3298 1863 3516 1918 emisisti
3547 1879 3660 1918 eos.

510 1940 685 1998 Sitivit
713 1946 886 1996 anima
910 1947 976 1996 ad
1005 1938 1175 1997 Deum
1197 1938 1389 2010 forteni
1414 1939 1524 2011 [AL
1558 1938 1772 2011 fontem]
1795 1939 2062 2007 viventem,

578 2014 784 2085 quando
815 2015 1034 2085 veniam,
1060 2023 1107 2067 et
1135 2011 1322 2081 parebo
1349 2021 1470 2064 ante
1491 2013 1676 2083 faciem
1703 2011 1819 2066 Dei.

509 2082 746 2139 Fuerunt
771 2084 900 2138 mihi
921 2084 1164 2154 lacrgma:
1185 2099 1308 2136 mea:
1331 2082 1595 2154 panes’per
1617 2085 1753 2154 diem
1775 2098 1836 2136 ac
1857 2088 2055 2135 noctem
2080 2095 2100 2136 :

579 2172 696 2210 cum
724 2156 979 2210 diceretur
1005 2152 1131 2209 mihi
1156 2163 1262 2208 tota
1285 2155 1401 2207 die:
1437 2152 1538 2210 Ubi
1565 2166 1637 2209 est
1663 2153 1806 2208 Deus
1836 2154 1994 2207 tuus?

507 2224 714 2281 Horum
739 2228 1036 2282 recordatus
1054 2242 1189 2294 sum,
1214 2235 1262 2279 et
1283 2224 1449 2293 effudi
1474 2227 1528 2281 in
1548 2242 1628 2282 me
1648 2232 1875 2280 animum
1898 2239 2060 2280 meam
2078 2238 2100 2280 :

578 2299 704 2369 quia
729 2300 932 2354 veniam
957 2297 1026 2352 ad
1055 2298 1448 2369 umbraculum;

508 2366 705 2426 Tacebo
735 2386 896 2435 usque
920 2369 989 2423 ad
1014 2369 1225 2424 domum
1250 2366 1348 2422 Dei

574 2442 632 2497 in
659 2458 779 2496 voce
807 2442 980 2496 laudis
1006 2449 1053 2495 et
1083 2440 1443 2511 confessionis,

576 2512 924 2568 multitudinis
952 2513 1083 2584 festa
1107 2512 1432 2567 celebrantis.

507 2582 684 2653 Quare
712 2579 1027 2652 incurvaris,
1050 2584 1227 2638 anima
1254 2599 1392 2648 mea,
1419 2588 1468 2638 et
1495 2579 1773 2636 conturbas
1801 2597 1902 2636 me.

573 2653 812 2728 exspecta
844 2655 1030 2726 Deum,
1056 2657 1179 2726 quia
1205 2653 1376 2709 adhuc
1407 2653 1691 2723 conﬁtebor

573 2729 621 2782 ei
648 2728 965 2783 salutaribus
991 2731 1162 2783 vultus
1189 2730 1324 2800 ejus.

503 2795 646 2855 Deus
675 2815 816 2856 meus
842 2800 895 2853 in
925 2802 1120 2872 meipso
1145 2795 1319 2854 anima
1337 2813 1461 2872 mea
1487 2797 1796 2872 incuri-titur
1814 2812 1834 2852 :

574 2881 846 2942 propterea
873 2866 1182 2926 recordabar
1208 2873 1285 2923 tui
1310 2871 1540 2942 deterra
1568 2866 1846 2934 Iordanis,

570 2940 616 2996 ἐξ
648 2940 956 2998 Hermonim
982 2943 1046 2996 de
1073 2953 1244 2996 monte
1270 2940 1504 2996 minimo.

498 3012 728 3086 Abyssus
753 3014 996 3085 abyssum
1021 3016 1250 3080 invocat,
1273 3016 1325 3068 in
1357 3012 1432 3086 [h.
1462 3008 1576 3085 ad.]
1598 3026 1771 3066 vocem
1795 3018 2086 3067 cataracta-

569 3146 572 3148 ν
645 3103 762 3140 runt
787 3095 996 3140 tuarum
1021 3101 1039 3138 :
1531 3125 1534 3128 .

568 3173 746 3213 omnes
775 3161 1004 3230 gurgites
1031 3158 1103 3212 tui
1133 3164 1180 3212 et
1203 3157 1398 3227 ﬂuctus
1424 3157 1500 3210 tui
1527 3172 1682 3229 super
1707 3170 1789 3210 me
1817 3165 1840 3196 ε
1869 3155 2096 3210 transie-

635 3238 780 3286 runt.

497 3297 607 3356 Per
633 3301 774 3356 diem
796 3301 1058 3356 mandavit
1084 3299 1336 3356 Dominus
1366 3298 1781 3356 miscricordiam
1807 3314 1981 3369 suam,

561 3381 611 3428 et
631 3373 684 3427 in
709 3383 854 3445 no_cte
873 3374 1130 3427 canticum
1155 3375 1268 3445 ejus
1293 3387 1493 3427 mecum
1516 3387 1535 3426 .'

565 3445 736 3500 oratio
756 3443 870 3500 Deo
890 3446 1008 3500 vita:
1028 3461 1169 3500 meat.

493 3511 678 3589 Dicam
701 3515 812 3572 Deo
828 3533 846 3571 :
861 3514 1021 3571 Petra
1041 3533 1151 3570 mea
1174 3515 1229 3589 [h
1238 3515 1356 3588 ςΕι.
1375 3514 1531 3579 zelai,
1550 3516 1689 3589 quod
1701 3515 2091 3589 interpretatur,

637 3586 781 3644 Deus
811 3598 957 3659 petra
982 3605 1095 3642 mea
1133 3586 1284 3661 etest
1318 3603 1480 3643 unum
1509 3586 1572 3644 de
1613 3586 1906 3644 nominibus
1950 3587 2090 3661 Dei],

634 3677 797 3732 quare
815 3661 1006 3714 oblitus
1024 3677 1082 3714 es
1103 3660 1202 3715 mei
1222 3676 1240 3714 :

561 3731 725 3803 quare
752 3732 913 3788 tristis
939 3733 1142 3804 incedo,
1174 3732 1233 3802 af
1233 3733 1440 3804 ﬂigente
1463 3731 1673 3786 inimico
1688 3732 1725 3797 2,

492 3802 623 3858 Cum
645 3820 724 3858 me
742 3804 1087 3876 interﬁcerent
1105 3803 1220 3876 [AL
1243 3802 1605 3876 in‘terﬁcerintl
1625 3804 1914 3873 in,ossibus
1937 3802 2084 3872 meis,

566 3875 1002 3947 exprobrauerunt
1023 3873 1150 3930 mihi
1170 3873 1347 3947 hostes
1366 3873 1464 3947 inci
1485 3890 1506 3930 :

562 3945 788 4002 dicentes
809 3945 837 3985 ἀ
866 3947 935 4000 ad
958 3964 1036 4001 me
1062 3955 1168 4001 tota
1192 3947 1304 4019 diez:
1329 3946 1431 4002 Ubi
1452 3957 1524 4012 est
1551 3947 1688 4002 Deus
1719 3948 1877 4002 tuus?

494 4017 668 4086 Quare
693 4019 1000 4086 incurvaris,
1035 4020 1212 4072 anima
1242 4017 1375 4084 mea,
1401 4026 1448 4072 et
1470 4021 1750 4074 conturbas
1781 4035 1860 4072 me
1882 4034 1902 4074 :

561 4101 800 4164 exspecta
821 4089 1009 4164 Deum,
1036 4091 1280 4164 quoniam
1305 4088 1478 4164 adhuc
1497 4090 1779 4159 conﬁtebor
1803 4090 1872 4158 ei,

563 4171 587 4200 θ
617 4159 936 4232 salutaribus
965 4159 1262 4232 vultusytei
1283 4173 1332 4218 et
1358 4159 1469 4232 Deo
1497 4168 1652 4232 meo.3

489 4231 710 4309 [XLIII
719 4234 758 4306 ,ξι
791 4233 986 4288 Judica
1022 4248 1099 4286 me
1129 4231 1290 4309 Deus,
1329 4241 1376 4309 et
1407 4231 1637 4309 discerne
1665 4249 1879 4309 causam
1917 4249 2085 4300 meam

632 4309 697 4362 de
719 4303 866 4378 gente
890 4321 993 4360 non
1021 4314 1198 4360 sancta
1225 4303 1300 4377 [h.
1323 4305 1377 4359 in
1396 4303 1800 4378 misericordr].[

485 4499 558 4512 —
585 4467 764 4525 Nostri
790 4483 923 4525 mss.
946 4467 1238 4539 pluresque
1254 4465 1343 4522 alii
1367 4467 1506 4539 apud
1537 4465 1786 4523 Martian.
1811 4473 1924 4521 tum
1953 4464 2084 4522 editi

486 4556 705 4613 quoque
745 4541 870 4597 libri
901 4542 1064 4596 visitet
1103 4538 1204 4613 pro
1238 4538 1651 4613 videat’legunt.
1693 4538 1828 4594 Vide
1870 4554 1991 4613 quin
2030 4539 2083 4594 in

485 4611 648 4684 épist.
675 4612 742 4668 ad
763 4613 1022 4670 Sunniam
1050 4625 1103 4667 et
1135 4611 1402 4667 Fretelam
1428 4612 1527 4667 hac
1549 4613 1615 4667 de
1641 4611 1874 4667 lectione
1897 4611 2088 4668 obser-

492 4701 705 4741 vamns.

561 4766 588 4794 ⁸
615 4757 820 4814 Omnes
843 4770 973 4812 mss.
1005 4754 1220 4813 codices
1250 4762 1450 4826 praeter
1481 4753 1724 4811 Canonis
1751 4753 2086 4825 exemplaria

490 4826 696 4885 habent
717 4828 772 4884 in
794 4828 952 4883 titulo
977 4828 1111 4894 isto,
1141 4838 1200 4884 ut
1224 4835 1281 4884 et
1315 4828 1367 4882 in
1400 4827 1519 4882 aliis
1551 4829 1776 4897 smpius,
1806 4843 1900 4894 pro
1930 4827 2088 4880 victo-

485 4901 589 4955 ria.
617 4905 690 4956 De
708 4916 775 4957 eo
797 4901 994 4955 dicturi
1014 4915 1201 4954 sumus
1224 4900 1360 4954 intra
1375 4897 1440 4953 ad
1459 4900 1729 4954 I’SnImum
1752 4914 1880 4952 sev.
1902 4898 2083 4953 Msn'r.

558 4971 586 5010 δ
613 4971 914 5041 Corruptus
963 4971 1156 5041 legitur
1200 4971 1304 5027 iste
1349 4970 1657 5026 versiculus
1705 4972 1758 5024 in
1801 4972 2084 5039 exempla-

485 5043 641 5098 ribus
669 5042 927 5109 Cannttis,
959 5056 1119 5114 atque
1161 5043 1214 5098 in
1256 5043 1473 5114 duobus
1516 5043 1634 5097 aliis
1665 5055 1797 5096 mss.
1828 5041 1916 5095 ubi
1953 5042 2083 5095 Vul-

489 5125 611 5185 gata
661 5114 844 5179 lectio,
898 5113 1043 5168 sicut
1084 5130 1259 5169 cervus
1305 5113 1565 5167 desiderat
1619 5116 1688 5185 ad
1717 5117 1884 5184 fontes
1913 5127 2082 5184 aqua-

487 5183 628 5249 rum,
655 5201 787 5251 etc.,
811 5185 1097 5240 snbstituta
1120 5198 1201 5242 est
1221 5200 1318 5256 pro
1336 5183 1782 5256 Hieronymiatia,
1803 5199 1963 5256 quam
1985 5199 2083 5240 nos

487 5257 827 5324 retiuuimus,
844 5273 1117 5328 quamque
1134 5255 1319 5314 Uanon
1345 5255 1878 5312 Sun-Germanensis
1898 5255 2084 5312 habuit

490 5331 663 5400 prima
691 5346 874 5386 manu.
902 5332 1075 5383 illum

483 5399 556 5444 ἐ·-
579 5403 924 5458 Cistereicns.
950 5416 1054 5455 ms.
1079 5415 1147 5456 ex
1167 5399 1273 5456 alia
1295 5400 1546 5472 versione
1567 5399 1776 5472 priores
1799 5399 1934 5456 duos
1957 5415 2084 5472 ver-

485 5489 600 5540 sus,
658 5474 1114 5544 Hieronymianze,
1143 5487 1327 5544 [quam
1358 5471 1596 5544 subdit,
1651 5471 2080 5543 interpretationi

485 5549 750 5618 praeponit
777 5563 792 5601 :
823 5542 913 5615 qui
953 5543 1034 5618 sic
1066 5543 1268 5618 habent
1297 5562 1312 5600 :
1343 5542 1492 5599 Sicut
1532 5560 1708 5618 cervus
1749 5542 1980 5618 mugiens
2012 5546 2082 5600 ad

488 5613 652 5690 fontes
683 5613 960 5688 aquarum,
992 5616 1066 5668 ita
1096 5615 1270 5669 anima
1297 5632 1410 5670 mea
1432 5617 1585 5690 rugit
1608 5613 1689 5690 ad,
1707 5625 1776 5690 te,
1811 5613 1971 5690 Dens.

561 5689 673 5744 cIta
695 5700 1055 5754 m.-.s.omnes,
1087 5697 1317 5755 excepto
1343 5688 1530 5742 codice
1556 5688 1908 5742 Bibliotheca:
1922 5689 2080 5743 Mem-

494 5760 690 5818 miana:
737 5768 795 5817 et
820 5760 1042 5814 Cauone
1068 5756 1514 5831 Carcassonensi,
1547 5760 1638 5830 qui
1666 5759 1795 5831 legit
1830 5758 1884 5815 in
1921 5773 2078 5815 sacro

483 5842 761 5899 contextu,
795 5847 950 5904 super
970 5846 1049 5888 me
1077 5830 1298 5906 ingressi
1326 5838 1470 5904 sunt,
1487 5831 1693 5890 addens
1712 5830 1813 5891 hoc
1832 5831 2078 5892 scliolion

2207 1934 2331 1990 Non
2362 1935 2501 1990 enim
2525 1937 2580 1990 in
2606 1934 2785 2007 gladio
2812 1934 2906 1990 suo
2929 1936 3262 2006 possederunt
3291 1945 3506 2003 terram,

2275 2023 2439 2079 neque
2463 2007 2732 2062 brachium
2761 2022 2938 2079 eorum
2971 2008 3189 2063 salvavit
3211 2023 3298 2063 eos
3319 2022 3338 2060 :

2207 2077 2315 2135 Sed
2337 2077 2548 2134 dextera
2574 2091 2665 2134 tua
2687 2088 2732 2133 et
2752 2077 3024 2134 brachium
3046 2088 3195 2134 tuum

2275 2161 2324 2206 et
2352 2153 2445 2206 lus:
2464 2150 2636 2206 vultus
2657 2152 2752 2218 tui,
2777 2152 2902 2225 quia
2927 2151 3292 2225 complacuisti
3319 2147 3346 2188 δ
3373 2151 3428 2206 in
3456 2150 3550 2205 eis.

2207 2220 2287 2278 Tu
2317 2240 2369 2279 es
2391 2225 2500 2293 ipse
2523 2239 2616 2279 rea:
2643 2220 2950 2278 meusDeus
2978 2239 2999 2278 :

2273 2296 2497 2367 pracipe
2524 2295 2540 2334 ί
2576 2295 2829 2351 salutibus
2857 2293 3046 2367 Iacob.

2203 2363 2234 2421 I
2241 2363 2284 2420 n
2299 2377 2347 2421 te
2372 2363 2543 2422 hostes
2568 2378 2772 2422 nostros
2800 2366 3162 2423 ventilabintus
3183 2382 3204 2422 :

2273 2438 2328 2492 in
2359 2439 2567 2496 nomine
2587 2450 2676 2494 tuo
2700 2437 3123 2495 conculcabimus
3150 2438 3473 2495 adversarios
3504 2445 3729 2493 nostros.

2205 2508 2331 2565 Non
2354 2511 2490 2564 enim
2510 2513 2564 2566 in
2589 2528 2713 2566 arcu
2739 2527 2852 2566 meo
2877 2511 3139 2583 conﬁdam
3162 2528 3182 2566 .'

2274 2598 2437 2654 neque
2461 2583 2668 2654 gladius
2695 2599 2840 2638 meus
2865 2583 3086 2638 salvabit
3112 2599 3212 2651 me,

2205 2652 2342 2719 Quia
2370 2652 2583 2710 salvasti
2607 2672 2701 2710 nos
2725 2655 2789 2708 de
2809 2655 3040 2710 hostibus
3065 2657 3282 2722 nostris,

2273 2733 2336 2798 et_
2352 2742 2438 2780 eos
2454 2729 2556 2798 qui
2585 2728 2804 2781 oderant
2829 2743 2944 2795 nos,
2969 2727 3275 2798 confudisti.

2202 2794 2270 2852 In
2303 2796 2411 2852 Deo
2445 2794 2827 2853 {laudabimus
2855 2807 2962 2853 tota
2986 2794 3091 2866 die,

2271 2878 2318 2923 et
2347 2871 2546 2924 nomini
2573 2881 2660 2925 tuo
2688 2871 2742 2924 in
2765 2879 3013 2924 internum
3036 2869 3416 2939 conﬁtebimur.
3447 2869 3687 2926 Sum-2n.

2209 2937 2402 2996 Verum
2426 2952 2482 2996 tu
2503 2942 2789 3016 proiecisti,
2822 2953 2867 3016 et
2893 2937 3179 3016 confudisti
3206 2958 3300 2996 nos
3325 2959 3346 2996 :

2271 3023 2452 3086 etnon
2475 3013 2750 3086 egredieris
2773 3013 2798 3052 ¹ί
2819 3014 2873 3086 in
2897 3013 3204 3068 exercitibus
3227 3013 3438 3070 nostris.

2208 3081 2416 3139 Vertisti
2437 3081 2583 3156 ter'ga
2607 3094 2782 3142 nostra
2809 3083 2945 3140 hosti
2968 3100 2986 3138 :

2269 3165 2317 3210 et
2345 3158 2433 3227 qui
2465 3159 2683 3211 oderunt
2714 3174 2830 3222 nos,
2861 3157 3192 3227 diripuerunt
3219 3157 3340 3214 sibi.

2117 3233 2164 3298 ρ
2197 3226 2398 3300 Dedisti
2423 3246 2518 3284 nos
2545 3240 2805 3300 tamquam
2825 3226 3030 3300 gregem
3051 3229 3120 3284 ad
3141 3228 3453 3297 vorandum,

2269 3309 2316 3354 et
2343 3299 2396 3372 in
2416 3299 2975 3372 gentihus’dispersisti
3000 3317 3113 3356 nos.

2203 3370 2496 3428 Vendidisti
2518 3370 2777 3443 populum
2801 3381 2947 3427 tuum
2965 3373 3078 3428 sine
3094 3373 3260 3443 pretio
3283 3389 3304 3428 :

2375 3460 2467 3499 nec
2487 3445 2703 3519 grandis
2730 3444 2829 3515 fuit
2849 3446 3181 3519 commutatio
3211 3460 3388 3519 eorum
3407 3444 3484 3519 [h.
3512 3452 3686 3501 etnon
3718 3444 3799 3515 [ες

2377 3517 2569 3590 nerasti
2596 3517 2651 3572 in
2673 3518 3074 3590 commutatione
3101 3517 3320 3590 eorum].

2199 3586 2434 3644 Posuisti
2461 3605 2556 3642 nos
2583 3587 2915 3660 opprobrium
2944 3589 3124 3644 ricinis
3144 3586 3357 3644 nostris.

2270 3660 2723 3716 subsannationem
2749 3669 2796 3716 et
2826 3660 3037 3715 irrisum
3067 3661 3147 3716 his
3179 3663 3268 3733 qui
3296 3669 3446 3717 erant
3481 3660 3538 3715 in
3573 3660 3794 3715 circuitu

2338 3742 2538 3787 nostro.

2195 3802 2432 3861 Posuisti
2454 3820 2545 3859 nos
2564 3803 2956 3861 similitudinem
2977 3803 3054 3876 [h.
3079 3803 3402 3877 parabolam]
3431 3802 3450 3845 ι
3475 3804 3528 3859 in
3555 3803 3794 3874 gentibus

2269 3878 2660 3932 commotionem
2681 3879 2870 3945 capitis
2899 3879 2953 3931 in
2977 3875 3211 3932 tribubus
3233 3875 3312 3949 [h.
3335 3877 3607 3947 plebibus].

2197 3945 2329 4004 Tota
2344 3949 2432 4023 die
2457 3949 2695 4021 confusio
2717 3949 2828 4023 [AL
2854 3945 3530 4023 verecundiajmea'contra
3555 3945 3659 4016 me,

2268 4031 2316 4076 et
2335 4021 2620 4092 ignominia
2642 4021 2795 4091 faciei
2819 4037 2944 4076 mete
2961 4021 3226 4091 cat-peruit
3249 4037 3351 4078 me.

2195 4092 2239 4149 Α
2261 4109 2379 4148 voce
2405 4093 2761 4163 exprobrantis
2781 4102 2831 4148 et
2859 4093 3258 4164 blasphemantis
3279 4108 3298 4147 :

2263 4181 2296 4219 α
2325 4165 2460 4237 facie
2483 4165 2683 4219 inimici
2707 4173 2754 4219 et
2775 4165 2978 4220 ultoris.

2197 4233 2532 4321 Omniajiaec
2564 4247 2809 4294 venerunt
2849 4253 3007 4311 super
3046 4254 3162 4305 nos,
3194 4245 3244 4293 et
3277 4253 3379 4294 non
3420 4251 3602 4292 sumus
3641 4233 3794 4291 obliti

2336 4319 2408 4363 ιιη
2432 4323 2451 4362 ,⁸

2193 4471 2491 4542 marginale
2522 4490 2534 4527 :
2569 4473 2624 4528 h.
2661 4473 2999 4530 transierunt.
3031 4473 3211 4532 ΜΑιιτ.

2117 4576 2169 4641 D
2189 4570 2264 4583 -—
2287 4543 2516 4600 Cisterc.
2543 4561 2645 4599 ms.
2674 4545 3170 4616 supertransierum,
3195 4547 3313 4602 sine
3336 4561 3415 4600 me
3441 4543 3788 4603 intermedio.

2262 4613 2289 4652 d
2321 4617 2414 4652 llin
2444 4631 2658 4652 nnnmm
2689 4619 2908 4652 unm-Inc
2935 4618 3001 4652 ηΑ
3029 4635 3108 4652 mn
3153 4617 3358 4652 Picenum
3412 4634 3491 4652 una
3548 4626 3688 4652 suam

2321 4617 2414 4688 l_lic
2444 4631 2658 4688 quoque
2689 4619 2910 4673 voculas
2934 4618 3001 4672 ad
3029 4635 3129 4673 me.
3153 4617 3377 4674 Cisterc.
3412 4634 3513 4673 ms.
3548 4626 3713 4674 tacet.

2264 4695 2289 4725 ε
2319 4685 2593 4757 Ρτωβοιιὶῐ
2623 4688 2763 4745 idem
2787 4705 2890 4743 ms.
2921 4689 3062 4744 hunc
3085 4690 3317 4755 titulum,
3350 4688 3592 4744 Psalmus
3611 4693 3682 4744 ad
3701 4707 3790 4744 eos

2187 4758 2460 4884 q‘tgt'bfgzzt
2486 4763 2747 4816 consecuti
2785 4770 2927 4816 sunt.
2958 4765 3304 4841 Δίτένγραφος
3324 4769 3502 4817 autem
3530 4771 3615 4818 est
3643 4763 3788 4832 apud

2241 4845 2472 4886 θυι·ωοε.

2269 4899 2286 4940 τ
2315 4903 2532 4974 lteginte
2557 4919 2660 4959 ms.
2683 4904 2812 4974 ipsa:
2826 4903 3017 4960 ducent
3037 4915 3193 4974 me,et
3211 4904 3537 4960 introducent
3557 4906 3628 4958 ad
3649 4921 3790 4959 mon-

2190 4980 2311 5039 tem,
2339 4976 2456 5030 sine
2484 4978 2658 5032 altero
2687 4992 2767 5048 me
2797 4977 3135 5044 intermedio,
3169 4977 3310 5048 quod
3341 4987 3396 5032 et
3418 4976 3649 5033 Cisterc.
3697 4977 3787 5031 hic

2191 5052 2350 5101 tacet.
2386 5048 2520 5102 'l‘nm
2548 5048 2618 5100 ad
2640 5047 3030 5103 tabernaculum
3058 5047 3227 5115 tuum,
3252 5057 3300 5104 et
3327 5047 3396 5103 ad
3423 5049 3593 5104 altare
3614 5059 3783 5115 tuum,

2189 5131 2287 5188 pro
2320 5116 2415 5171 Dei
2438 5133 2459 5172 :
2480 5118 2827 5176 Cistcrciens.
2856 5121 2925 5174 ad
2949 5121 3114 5174 altare
3141 5131 3307 5189 tuum,
3342 5119 3582 5175 Domine.

2261 5197 2286 5235 8
2315 5189 2494 5244 Nostri
2527 5205 2658 5244 mss.
2683 5199 2737 5244 et
2764 5205 2900 5262 quos
2923 5191 3175 5250 Martian.
3204 5192 3404 5248 laudat.
3435 5191 3546 5247 Pro
3567 5191 3786 5247 victoria

2183 5257 2414 5330 ﬁliorum
2443 5277 2560 5316 core
2578 5257 2903 5317 eruditionis.

2257 5329 2285 5368 ¹ι
2318 5333 2416 5386 Ms.
2452 5333 2695 5404 Regina},
2723 5334 3079 5406 complacuisti
3101 5335 3218 5406 tibi,
3244 5351 3344 5406 pro
3366 5336 3420 5390 in
3445 5337 3518 5391 eis
3547 5351 3567 5391 :
3592 5343 3704 5392 tum
3728 5353 3784 5392 es

2183 5418 2276 5476 rea;
2302 5421 2462 5474 tneus,
2484 5407 2697 5476 absque
2726 5405 2856 5476 ipse,
2881 5407 3023 5476 quod
3051 5418 3107 5463 et
3134 5405 3486 5464 Cisterciens.
3520 5417 3685 5464 tacet.

2263 5473 2276 5552 ξ
2316 5475 2494 5552 ﬁostri
2524 5488 2578 5532 et
2606 5473 2911 5552 Martianaei
2937 5478 3120 5552 plures
3149 5495 3284 5534 mss.
3310 5496 3406 5552 pro
3427 5477 3704 5535 salutibus.

2260 5544 2275 5622 ᾗ
2316 5546 2481 5622 iidem
2513 5564 2634 5622 cum
2665 5549 2843 5622 editis,
2874 5544 3178 5604 in‘Domino
3205 5544 3562 5622 gaudebimus.

2254 5615 2280 5655 ¹ί
2313 5619 2592 5690 lutcrserit
2633 5615 2980 5678 CisterCiens.
3029 5637 3131 5677 ηις.
3177 5615 3372 5678 ηἶπηεη
3402 5619 3541 5677 Deus
3569 5638 3590 5677 :
3621 5621 3782 5690 paulo

2181 5697 2451 5764 posticum
2472 5684 2681 5746 duobus
2705 5693 2924 5761 [legium
2953 5694 3278 5758 diripuerunt
3309 5712 3425 5760 nos,
3461 5710 3558 5764 pro
3578 5684 3703 5748 sibi.

2261 5760 2276 5798 ι
2318 5763 2392 5818 De
2419 5766 2678 5838 prrgsenti
2703 5760 2977 5838 versiculo
3023 5765 3389 5838 Hieronymus
3421 5760 3474 5821 in
3502 5766 3664 5837 epist.
3705 5765 3777 5822 ad

2181 5831 2356 5894 Sunn.
2390 5831 2452 5893 et
2501 5833 2704 5895 Fretel.
2736 5833 2981 5911 Alioquin
3025 5837 3081 5894 in
3130 5831 3410 5911 llebraico,
3459 5831 3656 5915 inquit,
3704 5839 3780 5900 ita
