4124 6360
331 286 362 348 1
374 287 471 353 161

404 422 498 464 nec
524 405 723 463 mentiti
746 422 924 463 sumus
945 404 998 461 in
1018 412 1173 480 pacto
1193 410 1302 459 tuo.

337 480 464 537 Non
493 491 568 534 est
600 495 896 534 conversum
926 488 1065 534 retro
1092 494 1180 532 cor
1210 484 1483 531 nostrum:

405 569 497 607 nec
523 550 911 607 declinaverunt
936 568 1139 622 gressus
1167 550 1329 622 nostri
1359 565 1391 601 a
1419 547 1601 603 semita
1631 556 1741 606 tua.

335 624 593 692 Quoniam
622 623 853 693 dejecisti
876 621 967 677 nos
992 625 1044 676 in
1069 623 1182 677 loco
1204 621 1509 689 draconum,

336 744 350 758 ,
404 706 452 751 et
485 704 511 733 ι
546 696 795 762 operuisti
825 712 920 749 nos
948 694 1131 748 umbra
1160 695 1362 749 mortis.

333 767 399 825 Si
423 767 567 823 obliti
595 783 774 821 sumus
797 769 1019 821 nominis
1045 764 1143 821 Dei
1163 767 1351 829 nostri,

403 850 452 895 et
474 839 820 907 expandimus
847 856 1030 893 manus
1052 850 1257 892 nostras
1282 837 1351 891 ad
1372 833 1539 891 Deum
1570 836 1819 894 alienum.

335 910 611 983 Numquid
641 927 742 965 non
779 911 916 967 Deus
944 909 1270 982 investigabit
1294 910 1453 983 istud,

404 982 516 1057 ipse
540 983 676 1037 enim
706 984 840 1036 novit
872 982 1425 1057 cogitationesdcordis.

338 1054 601 1124 Quoniam
626 1064 834 1126 propter
855 1062 901 1108 te
929 1054 1225 1125 inortificati
1252 1071 1430 1109 sumus
1453 1063 1562 1110 tota
1585 1056 1669 1111 die
1690 1071 1712 1112 :

407 1128 829 1199 reputati_sum_us
850 1136 905 1179 ut
933 1142 1059 1197 great
1083 1126 1355 1199 occisionis

338 1195 602 1271 Consurge
630 1196 707 1271 [ἡ.
738 1195 1151 1271 Expergiscere],
1181 1214 1341 1270 quare
1364 1199 1638 1271 dormitas,
1669 1196 1931 1271 Domine:

410 1268 588 1342 vigila,
622 1268 782 1345 quare
826 1268 1041 1345 projicis
1064 1268 1171 1341 [AL
1194 1268 1491 1345 'projecisti]
1524 1287 1618 1327 nos
1656 1272 1711 1326 in
1743 1270 1934 1343 sempi-

482 1343 724 1398 ternum?

332 1414 507 1482 Quare
534 1414 721 1485 faciem
750 1422 895 1468 tuam
915 1412 1230 1470 abscondis:

401 1485 716 1560 oblivisceris
744 1486 772 1527 ι)
799 1486 1103 1557 afﬂictionis
1135 1499 1326 1560 nostrte
1351 1496 1398 1541 et
1420 1486 1617 1560 inopia:
1646 1492 1856 1543 nostrte.

333 1558 593 1626 Quoniam
616 1559 981 1629 incurvataiest
1004 1560 1057 1613 in
1080 1558 1289 1629 pulvere
1311 1560 1485 1614 anima
1512 1558 1690 1615 nostra
1711 1576 1730 1615 :

401 1630 620 1685 adha’sit
647 1630 864 1705 interra
890 1628 1000 1705 [AL
1032 1628 1206 1705 terra]
1237 1641 1409 1687 venter
1439 1641 1633 1688 noster.

330 1701 518 1775 Surge,
551 1703 808 1775 auxiliare
832 1703 997 1769 nobis,

398 1774 453 1828 et
467 1774 660 1829 redime
683 1790 778 1828 nos
807 1784 1015 1847 propter
1042 1776 1451 1831 misericordiam
1478 1784 1644 1831 tuam.

331 1898 356 1929 ⁸
383 1903 595 1946 νιοτοιὶι
621 1903 723 1946 PRO
745 1904 899 1947 LILIIS
923 1905 1177 1947 FILIORUII
1204 1907 1365 1956 CORE.
1388 1905 1732 1949 ERUDITIONIS
1755 1905 1937 1949 CANTI‘

883 1977 990 2018 CUI!
1021 1978 1381 2019 AMANTISSIII.

329 2075 550 2150 [XLV.]
578 2078 846 2135 Eructavit
867 2096 955 2135 cor
982 2098 1152 2135 nteum
1181 2081 1391 2137 verbum
1414 2081 1641 2150 bonum;

401 2152 517 2224 dico
542 2167 635 2223 ego
664 2167 825 2222 opera
842 2168 966 2224 mea
988 2153 1098 2224 regi
1122 2170 1142 2207 :

404 2222 585 2296 lingua
613 2240 725 2296 mea
749 2222 917 2295 stglus
946 2222 1128 2279 scriba:
1156 2226 1369 2281 velocis.

330 2292 528 2367 Decore
548 2292 819 2365 pulchrior
839 2312 890 2350 es
912 2296 1036 2367 filiis
1057 2296 1349 2364 hominum,

400 2364 568 2433 eﬂ’usa
596 2376 672 2421 est
700 2368 870 2439 gratia
894 2364 947 2421 in
977 2367 1132 2421 labiis
1161 2371 1262 2423 tuis
1289 2385 1307 2423 :

398 2449 667 2510 propterea
691 2439 945 2494 benedixit
976 2439 1068 2494 tibi
1092 2439 1234 2495 Deus
1256 2442 1307 2494 in
1332 2448 1607 2496 aeternum.

326 2509 603 2585 Accingere
623 2510 903 2585 gladiatuo
923 2528 1077 2583 super
1104 2512 1214 2585 [ΑΙ.
1239 2511 1399 2585 circa]
1418 2516 1606 2583 femur,
1625 2510 1903 2585 fortissime
1917 2528 1938 2571 :

403 2583 571 2653 gloria
592 2582 680 2635 tua
706 2590 754 2636 et
780 2582 965 2637 decore
988 2582 1105 2639 tuo.

325 2651 526 2710 Decore
554 2658 908 2726 tuo_prosper'e
932 2655 1173 2724 ascende,

400 2736 612 2796 propter
632 2722 662 2762 ἀ
696 2722 981 2792 veritatem,

398 2807 447 2851 et
474 2796 921 2870 mansuetudinem
934 2798 1180 2870 justitiat,

402 2876 427 2906 ο
447 2880 495 2923 et
526 2869 726 2923 docebit
752 2880 798 2924 te
821 2869 1073 2925 terribilia
1090 2872 1311 2928 dextera
1333 2881 1439 2928 tua.

328 2939 681 3014 Sagittazdtute
701 2950 887 3007 acutae,

398 3012 581 3086 populi
601 3012 693 3067 sub
719 3022 766 3068 te
786 3015 972 3068 cadent
1004 3030 1024 3069 :

1631 280 1837 346 LIBER
1878 283 2328 347 PSALMORUM.

1953 411 2007 471 Δ

3494 292 3633 353 1162

2105 408 2160 462 in
2188 408 2343 462 corde
2372 405 2704 479 inimicorum
2728 405 2883 479 regis.

2035 478 2279 535 Tltronus
2305 488 2424 533 tuus
2449 478 2588 532 Deus
2620 480 2673 533 in
2696 478 2961 544 sceculum,
2987 487 3033 533 et
3060 479 3112 535 in
3140 488 3389 536 telernum
3422 498 3440 535 :

2106 552 2364 625 sceptrum
2392 552 2672 625 (equitatis,
2701 558 2958 625 sceptrum
2984 554 3127 625 regni
3150 554 3243 607 tui.

2035 620 2639 700 Dilexistijustitiam,'et
2661 622 2814 700 odisti
2829 620 3151 700 iniquitatem
3164 626 3238 699 [Ιι.
3254 626 3587 700 impietatem]
3607 644 3623 684 :

2106 705 2382 767 prapterea
2405 696 2555 749 unxit
2585 705 2630 748 te
2655 693 2819 761 Deus,
2852 694 2988 749 Deus
3011 704 3127 751 tuus
3146 739 3161 764 ,

2106 767 2217 820 oleo
2241 767 2602 822 exsultationis
2626 782 2733 836 pra:
2755 768 3098 837 participibus
3122 769 3248 823 tuis.

2039 835 2060 876 ί
2090 837 2311 913 Myrrha
2335 847 2565 913 etstacte
2584 835 2632 892 et
2650 835 2820 913 cassia
2851 840 2900 913 in
2926 842 3123 913 cunctis
3148 843 3462 900 vestimentis
3493 847 3621 913 tuis,

2106 911 2170 965 de
2203 920 2227 958 κ
2254 910 2491 963 domibus
2520 910 2594 982 Ut.
2626 910 2689 964 de
2719 909 2947 984 templis]
2972 913 3205 968 eburneis
3229 915 3413 985 quibus
3443 909 3624 989 lwtiﬁL

2177 991 2419 1036 caverunt
2451 990 2497 1035 te

2107 1053 2233 1123 ﬁlice
2260 1070 2439 1125 regum
2460 1054 2513 1125 in
2542 1052 2738 1109 honore
2761 1063 2870 1109 tuo.

2036 1124 2194 1201 Stetit
2218 1124 2411 1201 conjua:
2434 1124 2511 1197 ιιι.
2538 1125 2737 1199 regina]
2767 1128 2821 1183 in
2846 1129 3057 1185 dextera
3083 1138 3192 1201 tua,

2108 1198 2162 1251 in
2185 1198 2477 1252 diademate
2502 1214 2682 1253 aureo.

2036 1268 2192 1335 Audi,
2214 1269 2349 1340 filia,
2380 1279 2425 1323 et
2450 1270 2585 1335 vide,
2614 1282 2663 1324 et
2684 1270 2883 1325 inclina
2903 1289 3081 1328 aurem
3104 1283 3265 1341 tuam,

2107 1352 2154 1396 et
2184 1341 2488 1425 obliviscere
2512 1344 2692 1415 papuli
2730 1345 2806 1397 tui
2833 1354 2879 1399 et
2916 1346 3099 1401 domus
3129 1348 3237 1420 [ΑΙ.
3268 1346 3502 1423 domum]
3528 1368 3625 1423 pas

2175 1422 2268 1468 tris
2293 1422 2389 1467 tui.

2034 1484 2107 1541 Et
2131 1487 2458 1555 concupiscet
2487 1503 2580 1542 rex
2607 1488 2845 1543 decorum
2878 1498 3023 1544 tuum
3056 1508 3073 1545 :

2092 1560 2212 1634 quia
2230 1560 2335 1634 ipse
2352 1568 2425 1634 est
2439 1557 2795 1634 D_on_tinu_s_[Al
2807 1559 3085 1634 .ad.Deus]
3100 1573 3235 1634 tuus,
3252 1574 3299 1620 et
3311 1566 3473 1621 adora
3487 1583 3603 1623 eum
3614 1611 3626 1627 .

2036 1627 2157 1705 Eth
2183 1647 2212 1683 o
2234 1627 2347 1700 filia
2368 1631 2637 1705 fortissimi
2660 1627 2734 1705 [Ιί.
2766 1632 2946 1703 Tyri],

2105 1703 2158 1756 in
2181 1704 2476 1827 mulieribus
2496 1703 2682 1772 faciem
2706 1713 2846 1758 tuam
2870 1706 3279 1777 deprecabuntur
3310 1710 3492 1767 divites
3521 1730 3617 1783 po-

2184 1792 2252 1827 pu
2278 1792 2319 1827 ι.

2184 1792 2319 1846 puts.

1963 1814 2013 1878 Β
2042 1814 2420 1928 Omnisgloria
2443 1847 2569 1928 filiae
2591 1848 2723 1928 regis
2746 1849 3055 1928 intrinsecus
3086 1867 3105 1905 :

2112 1919 2288 1990 fasciis
2318 1920 2487 1999 aureis
2513 1921 2693 1999 vestita
2730 1931 2803 1975 est
2832 1920 2923 1993 [Ιι.
2961 1924 3222 1993 prwfaciis
3250 1927 3447 1999 aureis,
3475 1926 3631 1983 vesti—

2182 2000 2355 2043 menta
2380 1987 2570 2061 illius].

2038 2061 2110 2119 1η
2138 2062 2409 2137 scutulatis
2433 2064 2650 2116 ducetur
2678 2061 2747 2115 ad
2774 2079 2963 2137 regem,

2110 2136 2333 2206 virgines
2360 2132 2377 2172 ί
2407 2144 2679 2206 sequentur
2707 2150 2821 2189 eam

2110 2198 2291 2261 amica:
2317 2204 2394 2277 [h.
2419 2198 2649 2277 sodales]
2679 2210 2791 2278 ejus
2820 2208 3071 2261 ducentur
3094 2209 3211 2265 tibi.

2043 2276 2394 2334 Ducentur’in
2424 2278 2615 2332 laetitiis
2637 2276 2685 2331 et
2700 2276 3061 2334 exsultatione
3088 2296 3107 2335 :

2114 2350 2468 2425 ingredientur
2495 2350 2784 2425 thalamum
2812 2349 2889 2425 [lt_.
2911 2352 3187 2425 templum]
3212 2354 3370 2425 regis.

2040 2419 2151 2477 Pro
2173 2419 2407 2491 patribus
2434 2422 2534 2501 tuis
2565 2432 2716 2501 erunt
2741 2419 2841 2491 ﬁlii
2862 2422 2976 2501 _[A|.
3005 2419 3150 2493 ﬁlice]
3174 2419 3371 2501 tibi'[lt.
3405 2428 3531 2500 tui],

2112 2509 2271 2565 pones
2292 2509 2381 2565 eos
2408 2493 2669 2564 principes
2694 2494 2749 2547 in
2782 2496 3024 2548 universa
3048 2505 3206 2552 terra.

2038 2563 2372 2620 Recordabar
2402 2563 2625 2617 nominis
2654 2567 2728 2619 ttti

2107 2638 2161 2691 in
2193 2638 2330 2690 omni
2358 2637 2689 2709 generatione
2716 2644 2763 2709 et
2791 2639 3126 2707 generatione
3148 2655 3168 2695 :

2032 2707 2323 2781 Propterea
2346 2707 2528 2780 populi
2553 2708 2940 2781 confitebuntur
2963 2710 3059 2765 tibi

2104 2779 2159 2835 in
2188 2779 2439 2835 steculum
2468 2790 2515 2833 et
2544 2779 2598 2833 in
2626 2791 2898 2836 aeternum.

2028 2914 2244 2956 VICTORI
2287 2914 2540 2955 FILIORUII
2572 2914 2710 2956 CORE
2756 2915 2856 2956 PRO
2906 2916 3296 2959 JUVENTUTIBUS
3342 2918 3629 2965 CANTICUI.

2098 3013 2219 3089 [XL
2233 3012 2358 3088 VL]
2403 3014 2543 3071 Deus
2579 3023 2759 3070 nostra
2789 3012 2869 3087 [ἡ.
2902 3014 3071 3088 nobis]
3102 3033 3217 3086 spes
3247 3026 3295 3073 et
3324 3019 3585 3090 fortitudo
3614 3036 3635 3080 .‘

328 3194 574 3269 scriptum
599 3194 765 3265 reperi
796 3209 817 3250 :
861 3191 1093 3250 Posuisti
1124 3210 1217 3250 nos
1253 3193 1577 3268 proverbium
1602 3193 1922 3271 ingentibus.
1954 3192 2001 3260 C
2031 3191 2304 3271 Qanticum
2333 3210 2349 3250 :
2374 3210 2539 3271 tutata
2565 3192 2862 3271 Salomonis
2891 3206 2965 3251 est
2993 3214 3201 3266 nomen,
3230 3202 3320 3271 qui
3345 3203 3451 3256 alio
3479 3220 3634 3261 sensu

1602 3266 1781 3322 Mitt'r.

400 3369 472 3382 --
497 3338 699 3395 Tacent
734 3338 788 3393 in
818 3337 1061 3394 voculam
1103 3340 1212 3394 duo
1239 3354 1270 3393 e
1301 3339 1504 3395 nostris
1534 3354 1665 3393 mss.
1711 3342 1769 3393 S.
1799 3355 1931 3394 vero

329 3411 489 3468 Paler
511 3412 563 3468 in
590 3411 751 3483 epist.
774 3411 842 3467 ad
867 3411 1127 3466 Sunniam
1150 3420 1206 3483 et
1236 3410 1525 3475 Fretelam,
1552 3408 1618 3465 In
1648 3408 1929 3483 Hebraico,

328 3484 521 3553 inquit,
554 3480 641 3537 ita'
660 3484 907 3554 scriptum
934 3484 1123 3555 reperi,
1144 3480 1390 3555 Posuisti
1414 3502 1506 3555 nos
1528 3482 1854 3555 proverbium
1878 3484 1931 3538 in

328 3555 563 3628 gentibus
589 3570 787 3628 :quem
817 3554 1001 3609 laudat
1026 3564 1083 3609 et
1109 3554 1453 3609 Martianqu
1482 3554 1683 3611 lOcum.

402 3637 428 3664 ι
451 3628 509 3682 In
528 3627 873 3682 CiSterciens.
904 3643 1005 3681 ms.
1034 3628 1237 3697 operuit
1265 3643 1379 3693 nos,
1404 3638 1535 3694 etc.,
1558 3636 1614 3682 et
1640 3641 1766 3681 mox
1786 3626 1933 3681 obliti

326 3715 508 3755 sumus
528 3697 751 3753 nominis
768 3698 999 3765 Domini,
1023 3700 1141 3753 sine
1168 3697 1375 3762 addito,
1406 3700 1588 3753 nostri.
1632 3716 1639 3721 '

401 3769 429 3810 δ
462 3771 591 3825 Mss.
624 3771 799 3825 nostri
826 3785 1041 3838 omnes,
1073 3770 1387 3825 oblivisceris
1423 3770 1733 3842 afflictiones
1763 3779 1809 3824 et
1829 3786 1928 3824 an-

330 3843 529 3915 gustias
560 3852 784 3897 nostras.

405 3924 426 3953 ο
455 3912 649 3969 Totum
700 3915 845 3969 hunc
890 3913 1160 3984 psalmum
1203 3911 1470 3968 Hebraice
1522 3912 1720 3969 lectum
1776 3911 1930 3967 inve-

329 3986 508 4042 nimus
533 3987 584 4041 in
611 3988 982 4055 manuscripto
1008 3985 1464 4053 praestantissimo
1492 3986 1681 4040 codice
1714 3999 1930 4039 monas-

329 4058 452 4115 terii
499 4057 672 4113 nostri
704 4057 1089 4121 Carnulensis;
1138 4073 1299 4127 quem
1342 4055 1634 4127 diligenter
1664 4057 1926 4111 collatum

330 4145 393 4184 ac
418 4129 758 4201 descriptum
782 4130 1161 4185 exhibebimus
1194 4129 1245 4201 in
1284 4127 1657 4201 Appendicula
1688 4128 1929 4201 Canonis

331 4198 622 4257 Hebraicai
645 4203 912 4265 veritatis,
946 4217 1070 4257 cum
1110 4198 1305 4270 majori
1338 4198 1503 4254 etiam
1547 4208 1702 4272 parte
1717 4200 1927 4272 psalmi

329 4275 581 4339 secundi,
617 4274 710 4344 qui
750 4274 1011 4329 similiter
1042 4273 1325 4344 Hebraica
1350 4271 1560 4342 lingua,
1588 4272 1683 4327 sed
1714 4271 1926 4326 Latinis

329 4343 741 4401 cltaraCteribus
782 4345 1021 4416 scriptus
1072 4343 1268 4415 legitur
1316 4343 1370 4399 in
1417 4344 1610 4399 eodem
1658 4344 1927 4399 Psalterio

328 4418 676 4473 Carnutensi.
721 4416 893 4473 Porro
926 4417 1269 4471 dis<onantes
1309 4416 1574 4472 lectiones
1606 4424 1843 4470 retinent
1873 4418 1924 4470 itt

331 4488 490 4557 titulo
515 4504 643 4541 mss.
676 4489 915 4554 plurimi.
945 4489 1239 4543 Vaticanus
1262 4488 1430 4542 codex
1452 4488 1552 4543 hoc
1574 4488 1735 4541 modo
1761 4488 1922 4557 legit:

340 4556 537 4629 Victori
562 4574 656 4629 pro
674 4560 800 4612 liliis
823 4560 1051 4629 ﬁliorum
1075 4560 1228 4625 Core,
1244 4560 1466 4613 eruditio
1486 4556 1927 4612 canticumantan-

334 4628 549 4680 tissimo.
582 4628 639 4683 in
685 4628 1084 4697 exemplaribus
1130 4645 1259 4684 vero
1308 4630 1563 4695 Canonis,
1611 4646 1823 4684 necnon
1873 4632 1925 4684 in

332 4706 564 4769 quatuor
619 4698 738 4753 aliis
809 4714 943 4753 mss.
999 4700 1303 4753 eruditionis
1354 4700 1624 4753 Canticum
1677 4702 1931 4753 amantis-

332 4772 541 4826 simum.
570 4770 642 4826 At
665 4770 849 4826 nullus
876 4771 1202 4839 relinquitur
1232 4770 1539 4840 ambigendi
1582 4773 1752 4835 locus,
1784 4787 1932 4837 qua:-

298 4886 303 4889 ς
335 4857 460 4898 nam
491 4842 810 4915 sitgenuina
830 4844 1012 4906 lectio,
1033 4857 1281 4915 qtnenam
1310 4842 1511 4897 vitiatae
1539 4856 1601 4896 ac
1624 4843 1930 4915 depravata:

332 4913 808 4987 circitmlerantur,
839 4930 961 4987 cum
996 4917 1111 4984 ipse
1150 4913 1513 4987 llierottymus
1550 4914 1812 4987 psalmum
1859 4928 1927 4970 ex

334 4986 549 5057 integro
572 4988 882 5043 edisserens
911 4986 963 5042 in
992 4988 1151 5055 epist.
1185 4986 1251 5041 ad
1280 4986 1606 5055 Principiam
1638 4986 1924 5054 virginem,

332 5055 401 5113 de
423 5055 611 5115 eodem
646 5059 803 5114 titulo
828 5058 946 5114 itch
992 5059 1171 5113 statim
1222 5058 1525 5113 observavit
1563 5074 1575 5109 :
1624 5057 1931 5128 Quadrage-

336 5131 525 5185 simum
547 5140 791 5197 quartum
824 5129 1081 5201 psalmum
1126 5132 1320 5200 legens,
1355 5132 1409 5183 in
1434 5128 1587 5184 titulo
1612 5131 1829 5201 reperi:
1865 5128 1931 5184 In

332 5202 490 5276 finem
513 5203 694 5276 pro_iis
716 5198 1296 5276 qui'commutabuutur
1319 5203 1550 5276 ﬁliorum
1594 5198 1741 5266 Core,
1773 5202 1928 5276 intel-

334 5271 560 5346 ligentiw
583 5271 850 5329 Canticum
883 5292 977 5347 pro
1010 5272 1200 5328 dilecto
1233 5291 1251 5329 :
1301 5276 1353 5327 in
1386 5271 1641 5327 llebraico
1682 5272 1935 5341 scriptum

335 5354 432 5414 est,
468 5361 817 5402 LAMIANASSB
848 5362 914 5401 Αῐ.
943 5362 1165 5402 SOSANII
1213 5362 1383 5402 LABNE
1412 5360 1550 5401 CORE
1596 5359 1823 5400 NESCHIL
1852 5359 1937 5399 SIR

336 5452 513 5522 intuor
541 5443 739 5522 (nm-t3
764 5449 882 5521 -ιςιυ
902 5424 1095 5522 “nam
1111 5454 1223 5502 rm
1250 5424 1369 5522 ing}?
1387 5448 1588 5522 animo
1698 5421 1936 5522 ῃκενὲτρν

334 5512 474 5580 quod
500 5527 591 5565 nos
618 5512 673 5565 in
700 5510 945 5565 Latinum
970 5514 1211 5566 vertimus
1236 5529 1254 5567 :
1296 5511 1487 5567 Victori
1518 5528 1613 5580 pro
1646 5512 1772 5565 liliis
1802 5510 1940 5580 filio-

334 5598 454 5653 rum
478 5582 627 5650 Core,
655 5584 965 5639 eruditionis
997 5584 1266 5638 Canticum
1288 5584 1652 5638 amantissimi.
1688 5583 1941 5653 Symma-

338 5652 466 5729 chus
512 5670 651 5708 more
677 5671 774 5709 suo
818 5656 1166 5729 manifestius,
1198 5654 1518 5729 triumphum
1546 5672 1641 5729 pro
1695 5652 1937 5729 floribus,

336 5725 701 5796 interpretatus
730 5738 825 5782 est.
869 5725 1041 5798 Igitur
1082 5742 1328 5794 susum,
1360 5725 1438 5781 vel
1468 5742 1564 5797 pro
1596 5726 1658 5779 iis
1686 5726 1774 5796 qui
1801 5742 1943 5779 com-

337 5799 573 5851 mutandi
602 5808 755 5862 sunt,
806 5799 881 5852 vel
921 5801 975 5853 in
1009 5798 1123 5853 lilia
1159 5800 1468 5869 transfertur
1497 5809 1541 5852 et
1571 5799 1733 5869 flores
1769 5813 1786 5851 :
1814 5813 1942 5852 MES-

337 5883 461 5927 cuu.
485 5886 683 5941 quoque
707 5881 758 5925 et
778 5871 1122 5926 eruditionem
1152 5882 1200 5927 et
1229 5871 1585 5929 doctissimum
1629 5878 1780 5929 sonat
1813 5884 1941 5927 :snt

546 5966 824 6029 PATBOL.
877 5960 1176 6026 XXVIII.

2035 3264 2305 3341 Paci/ictis
2342 3266 2656 3341 appellatur.
2693 3266 2929 3334 Quatuor
2957 3280 3127 3323 autem
3164 3264 3371 3341 psalmi,
3417 3276 3535 3328 licet
3579 3279 3634 3332 in

2033 3340 2307 3408 posteriori
2350 3340 2619 3418 titulorum
2659 3351 2803 3418 parte
2851 3340 3184 3408 dissentiant,
3233 3344 3328 3418 hoc
3376 3348 3633 3418 principio

2034 3419 2429 3482 praenotantur,
2458 3411 2885 3486 quadragesimus
2916 3421 3155 3486 quartus,
3182 3411 3635 3486 quinquagesimus

2033 3498 2226 3559 nonus,
2242 3484 2583 3559 sexagesimus
2597 3494 2826 3559 octavus,
2846 3485 3253 3559 septuagesimus
3269 3484 3454 3547 nonus.
3474 3506 3500 3541 e
3517 3493 3635 3559 qui-

2034 3554 2127 3608 bus
2157 3554 2260 3607 duo
2308 3554 2465 3607 medii
2505 3553 2863 3607 inscribuntur
2896 3553 3085 3621 David,
3113 3558 3317 3623 primus
3360 3571 3407 3612 et
3456 3553 3634 3615 novis-

2030 3625 2437 3703 simusﬁliorum
2466 3624 2619 3687 Core,
2642 3634 2689 3679 et
2708 3626 3218 3703 Asapli._llucusque
3246 3629 3629 3703 Hieronymus,

2030 3697 2097 3771 ad
2128 3698 2283 3765 cujus
2318 3697 2795 3771 verbatatnquam
2847 3698 2913 3752 ad
2965 3701 3224 3753 amussim
3282 3697 3527 3771 obliquas
3570 3697 3634 3760 ac

2031 3768 2356 3840 depravatas
2383 3769 2645 3840 lectiones
2693 3770 2980 3825 restituere
3010 3771 3318 3828 curavimus
3350 3768 3535 3831 multis
3576 3778 3634 3833 in

2031 3839 2163 3895 locis
2191 3841 2554 3895 Psaltnorutn.
2581 3839 2760 3894 Msn'r.

2101 3909 2271 3988 {illoc
2319 3911 2481 3988 modo
2530 3927 2589 3988 se
2637 3910 2838 3982 legisse
2889 3919 3123 3968 testatur
3155 3914 3525 3988 Hieronymus
3575 3919 3631 3974 in

2031 3983 2193 4053 epist.
2227 3999 2379 4062 nunc
2423 3984 2634 4038 laudata
2672 4002 2683 4036 :
2713 3998 2864 4062 .mss.
2902 3995 3081 4062 tamen
3115 4002 3219 4062 non
3253 3983 3406 4053 pauci
3448 3991 3634 4062 legunt

2029 4069 2151 4111 cum
2174 4055 2343 4121 edito,
2378 4066 2589 4126 prOpter
2618 4053 2827 4109 verbum
2847 4059 3096 4110 veritatis.
3127 4058 3305 4112 Man'r.

2108 4136 2132 4165 θ
2156 4126 2384 4184 Cisterc.
2412 4142 2513 4181 ms.
2540 4126 2770 4181 edocebit
2793 4128 3149 4182 teterribititcr
3169 4130 3381 4184 dextera
3405 4141 3511 4186 tua.
3541 4134 3632 4189 Vi-

2030 4198 2101 4255 de
2146 4199 2417 4273 laudatam
2456 4200 2746 4273 cpistnlam
2788 4200 2853 4252 ad
2886 4199 3213 4270 Principiam
3260 4218 3409 4256 nunt.
3448 4204 3535 4273 ll,
3571 4214 3629 4262 et

2031 4286 2151 4342 qum
2184 4273 2250 4325 ad
2277 4271 2421 4326 hunc
2454 4272 2628 4325 locum
2663 4270 2736 4325 ibi
2767 4281 3112 4342 annotamus.

2106 4340 2126 4381 ι
2164 4342 2309 4398 ldem
2344 4357 2475 4396 mss.
2512 4342 2739 4412 Smyrna
2770 4350 2819 4395 et
2852 4340 2986 4409 aloe,
3036 4359 3100 4397 ex
3151 4344 3381 4399 Hebraeo
3430 4329 3630 4407 manu.

2031 4414 2154 4490 Mox
2200 4431 2299 4490 pro
2341 4414 2577 4490 domibus
2606 4414 2866 4490 eburneis,
2899 4414 3163 4490 scripturn
3196 4416 3628 4490 ab_|li_cronytno

2032 4486 2095 4541 de
2144 4487 2332 4557 templo
2372 4486 2636 4548 dentium,
2685 4483 2832 4552 quod
2875 4487 3119 4557 nonnulli
3158 4502 3222 4541 ex
3273 4483 3518 4552 Epistola
3558 4492 3629 4547 ad

2035 4556 2361 4625 Principiam
2399 4564 2875 4626 argumentantur,
2920 4565 2976 4611 et
3007 4556 3271 4613 Hebraeus
3305 4558 3633 4620 scltoliastes

2037 4630 2235 4695 innuit,
2272 4625 2496 4683 minime
2523 4636 2607 4681 est
2637 4625 2968 4682 verosimile.

2110 4709 2135 4746 ις
2170 4698 2380 4764 Melius,
2424 4698 2601 4767 inquit
2649 4696 2848 4751 ibidem
2902 4698 2959 4754 S.
3002 4697 3224 4763 Doctor,
3276 4702 3329 4754 in
3373 4703 3634 4761 Ilibraico

2036 4771 2307 4843 scribitur,
2344 4770 2408 4843 de
2452 4770 2638 4839 templo
2678 4770 2929 4843 dentium.
2970 4770 3051 4824 Ad
3081 4772 3223 4839 quod
3257 4776 3501 4843 proxime
3538 4792 3632 4834 ac-

2037 4840 2183 4897 cedit
2232 4840 2480 4897 scholion
2538 4841 2844 4911 marginale
2904 4840 3272 4900 vetustissimi
3315 4844 3632 4916 Scriptoris.

3346 4918 3523 4976 MART.

2111 4981 2140 5021 ιι
2166 4985 2354 5058 Plures
2383 4999 2525 5058 rmss.
2556 4985 2777 5058 habent,
2812 4983 2880 5058 Et
2910 4985 3024 5055 ﬁlia
3050 4986 3341 5057 fortissimi,
3386 4990 3494 5045 duo
3534 4992 3637 5058 sic.

2042 5052 2138 5111 Est
2154 5074 2196 5135 _o
2219 5056 2333 5128 filia
2366 5057 2797 5135 [ortissinti,_pr9,
2823 5056 2891 5111 Et
2911 5052 2945 5110 ὀ
2971 5052 3081 5135 filia
3112 5052 3401 5135 fortissimi,
3432 5052 3643 5135 utlcgi;

2040 5136 2129 5207 tur
2153 5130 2206 5207 in
2230 5127 2702 5207 ms.‘Carnutens_i.
2730 5127 3087 5207 Docetetiam
3112 5127 3495 5207 Hieronymus,
3529 5127 3644 5207 avﬁ-

2043 5198 2118 5272 lia
2158 5202 2427 5272 fortissimi
2476 5200 2763 5269 legendum
2796 5214 2877 5272 fex
2914 5200 3164 5256 Hebra‘o.
3208 5198 3505 5261 Non'ttullas
3546 5198 3645 5263 vit-

2046 5271 2252 5347 riantes
2268 5274 2399 5347 alias
2414 5273 2697 5347 leCtiones,
2715 5271 2812 5347 sed
2842 5272 3065 5347 levioris
3091 5276 3374 5347 momenti,
3395 5281 3638 5347 reperire

2044 5343 2244 5419 poterit
2273 5345 2453 5419 lector
2496 5344 2770 5400 studiosus
2800 5345 2854 5400 in
2894 5345 3053 5414 epist.
3087 5346 3153 5400 ad
3184 5343 3508 5419 Principiam
3536 5353 3650 5409 vir-

2044 5416 2243 5485 ginem.
2273 5416 2455 5472 Msn'r.

2126 5486 2143 5525 ί
2176 5488 2329 5543 Haud
2360 5492 2495 5543 bene
2517 5487 2648 5558 legit
2670 5486 3017 5543 Martianaaus
3047 5504 3112 5545 ex
3136 5489 3257 5546 aliis
3281 5492 3567 5549 codicibus
3591 5496 3650 5555 in

2049 5560 2278 5614 instanti
2318 5571 2624 5631 sequuntur.
2666 5558 2928 5614 Moxduo
2958 5575 3086 5616 mss.
3122 5562 3345 5631 Reginae
3365 5573 3420 5619 et
3446 5566 3651 5623 Cister-

2048 5632 2255 5709 ciensis
2282 5632 2532 5709 ducentur
2553 5632 2701 5709 illuc,
2728 5648 2825 5709 pro
2854 5632 2988 5709 tibi:
3020 5649 3180 5709 quam
3216 5635 3504 5709 lectionem
3531 5639 3650 5709 ipse

2050 5703 2422 5776 Hieronymus
2454 5704 2506 5757 in
2552 5704 2716 5769 epist.
2747 5703 2827 5776 ad
2868 5704 3194 5774 Principiam
3244 5724 3393 5763 num.
3445 5703 3654 5776 20,'ex

2050 5775 2323 5830 Hebraicu
2364 5776 2665 5847 exemplari
2708 5775 2925 5833 videtur
2972 5778 3254 5835 hausisse:
3304 5795 3428 5838 cum
3476 5792 3656 5842 tamen

2050 5867 2123 5927 ibi
2149 5868 2221 5928 sit
2239 5851 2312 5950 τιὸ
2336 5867 2404 5924 ad
2432 5878 2500 5927 le.

3102 5962 3181 6023 37
