4124 6360
293 320 432 380 1165

294 440 424 496 Noli
447 442 625 522 timere
644 457 756 522 cum
778 439 974 522 ditatus
1002 441 1161 522 fuerit
1181 438 1288 522 _vir_.

366 529 484 567 cum
509 512 853 582 multiplicata
882 510 1033 582 fuerit
1059 511 1225 583 gloria
1247 510 1433 567 domus
1463 513 1598 584 ejus.
1639 514 1646 526 ‘

297 583 483 656 Neque
506 587 640 639 enim
671 586 894 639 moriens
921 585 1063 638 tollet
1093 587 1267 638 omnia
1295 599 1314 638 :

369 673 464 711 nec
484 657 755 711 descendet
787 667 897 724 post
919 673 1037 711 eum
1060 658 1224 727 gloria
1253 657 1386 727 ejus.

300 729 435 796 Quia
457 731 644 782 ammte
663 744 773 783 sua:
793 729 848 782 in
880 731 981 783 vita
1010 745 1104 782 sua
1135 730 1432 783 benedicet:

374 800 664 868 laudabunt
686 809 752 866 te,
778 810 804 837 ⁸
829 817 944 854 cum
976 800 1100 854 bene
1125 801 1279 871 fuerit
1301 799 1415 854 tibi.

299 871 526 930 Intrabit
555 873 669 944 (AI.
691 871 978 945 intrabunt)
1009 887 1168 944 usque
1189 872 1257 924 ad
1281 871 1663 943 generationem
1685 876 1895 942 patrum

441 961 657 999 διιοναηι
689 960 708 998 .'

369 1033 531 1086 usque
560 1016 628 1068 ad
653 1015 809 1085 ﬁnem
835 1033 938 1070 non
964 1014 1205 1071 videbunt
1229 1017 1414 1070 lucem.

300 1087 474 1146 Homo
507 1088 532 1126 ιι
557 1104 675 1141 cum
702 1089 753 1142 in
784 1087 980 1142 honore
1003 1098 1152 1154 esset,
1187 1103 1288 1141 non
1317 1088 1570 1143 intellexit
1600 1103 1618 1141 :

371 1161 689 1232 comparavit
714 1177 766 1215 se
783 1160 1065 1234 jumentis,
1091 1169 1137 1214 et
1161 1159 1419 1215 silebitur.

678 1289 944 1332 cssncuu
986 1273 1064 1348 [ιι.
1097 1271 1310 1347 νέαι]
1337 1289 1524 1332 ssnon.

301 1391 413 1468 [L.]
447 1390 626 1448 Fortis
644 1390 800 1468 Deus
836 1389 1090 1448 Dominus
1121 1392 1324 1452 locutus
1350 1400 1456 1460 est,

377 1478 423 1520 et
477 1465 677 1518 vocavit
729 1474 965 1518 terram:

372 1537 436 1590 ab
467 1547 581 1592 ortu
615 1536 742 1590 solis
771 1552 926 1602 usque
953 1535 1022 1589 ad
1049 1551 1290 1591 occasum
1316 1537 1450 1600 eius.

303 1608 382 1664 De
411 1609 538 1664 Sion
571 1610 796 1679 perfecta
824 1608 1007 1677 decore

373 1679 647 1753 DeusJAl.
685 1691 785 1734 lac.
823 1679 986 1752 Deus]
1017 1679 1278 1753 apparuit.

317 1752 491 1808 Veniet
516 1751 654 1807 Deus
687 1760 880 1818 noster,
913 1751 1094 1806 etnon
1123 1751 1350 1807 tacebit:

376 1825 512 1896 ignis
538 1836 558 1863 ο
591 1839 764 1880 coram
786 1841 844 1879 eo
866 1824 1088 1887 vorabit,

378 1893 425 1950 et
456 1897 506 1968 in
540 1897 756 1950 circuitu
783 1897 898 1968 ejus
927 1903 1202 1962 tempestas
1230 1893 1431 1949 valida.

314 1966 533 2023 Vocabit
572 1968 751 2023 caelum
778 1966 1069 2032 desursum,

375 2050 425 2095 et
445 2050 655 2107 terram,
688 2051 740 2092 ut
753 2040 954 2111 judicet
982 2036 1236 2111 populum
1265 2053 1439 2092 suum.

305 2103 775 2183 Congregate'mih'i
805 2103 1010 2165 sanctos
1042 2103 1116 2182 [Ιι.
1147 2103 1532 2183 misericordes]
1549 2122 1731 2164 meos:

379 2181 464 2254 qui
495 2181 682 2255 feriunt
707 2194 915 2254 pactum
942 2181 1110 2237 meum
1137 2183 1194 2236 in
1227 2181 1508 2249 sacrificio.

310 2254 378 2311 Et
402 2254 781 2310 annuntiabttnt
811 2256 925 2310 caeli
953 2255 1213 2326 justitiam
1240 2255 1358 2325 ejus
1379 2268 1398 2306 :

381 2327 500 2399 quia
527 2328 665 2399 Deus
689 2327 858 2399 judea:
891 2325 964 2399 est
993 2328 1125 2398 ipse.
1157 2325 1400 2399 Saurea.

309 2396 450 2470 Auiti
469 2396 702 2468 papulas
722 2415 867 2454 meus
890 2397 999 2467 [AL
1015 2396 1277 2470 'popule],
1309 2406 1357 2451 et
1385 2396 1591 2466 loquar,

385 2469 576 2530 Israel.
602 2480 649 2524 et
671 2472 993 2525 contestabor
1015 2469 1081 2523 te.

382 2541 526 2596 Deus
549 2541 692 2597 Deus
721 2550 842 2596 tuus
873 2557 965 2612 ego
996 2555 1131 2596 sum.

312 2613 436 2670 Non
465 2623 677 2686 propter
705 2616 940 2669 victimas
970 2624 1088 2667 tuas
1112 2628 1331 2684 arguam
1367 2621 1435 2680 te,

383 2694 429 2740 et
455 2681 875 2740 holocautomata
905 2696 993 2739 tua
1019 2681 1194 2738 coram
1223 2701 1306 2739 me
1323 2692 1466 2738 sunt.
1499 2681 1740 2740 Sanun.

313 2757 440 2813 Non
467 2758 723 2828 accipiam
746 2758 808 2811 de
833 2757 986 2811 domo
1018 2767 1109 2810 tua
1136 2755 1352 2810 vitulum
1375 2756 1450 2828 [Ιι.
1481 2753 1707 2826 taurum]
1731 2763 1758 2814 ζ’

384 2845 546 2896 neque
576 2830 638 2882 de
663 2829 903 2900 gregibus
932 2830 1031 2883 tuis
1068 2829 1259 2883 hircos.

315 2899 437 2958 Mea
454 2910 574 2956 sunt
604 2896 742 2956 enim
755 2896 944 2954 omnia
964 2899 1214 2956 animalia
1244 2901 1493 2954 silvarum
1520 2897 1596 2970 [h.
1625 2896 1792 2968 silva]
1821 2913 1835 2952 :

386 2973 601 3043 pecudes
623 2971 699 3044 [Ιι.
727 2971 975 3046 beemotli]
1008 2974 1059 3026 in
1082 2972 1340 3027 montibus
1360 2971 1604 3026 millium.

316 3045 441 3102 Scio
467 3059 640 3099 omnes
669 3061 786 3098 ares
813 3047 1083 3111 montium,

388 3125 435 3171 et
465 3116 770 3188 universitas
809 3117 921 3187 agri
954 3115 1048 3188 [h.
1091 3115 1170 3170 πίε
1197 3115 1411 3183 dicitur,
1447 3130 1633 3170 nomen
1661 3123 1736 3168 est
1765 3111 1912 3186 avis]

459 3187 487 3224 ά
509 3189 610 3243 mei
640 3203 838 3242 mecum
870 3197 962 3242 est.

319 3260 380 3318 Si
405 3262 656 3325 esuriero,
693 3275 794 3313 non
822 3259 994 3313 dicam
1020 3259 1108 3312 tibi
1135 3274 1154 3312 :

388 3348 530 3386 meus
555 3339 629 3387 est
659 3332 793 3385 enim
819 3330 956 3384 orbis
977 3342 1026 3387 et
1057 3331 1330 3403 plenitudo
1381 3332 1517 3402 ejus.

317 3403 591 3476 Numquid
643 3403 910 3476 comedam
957 3399 1318 3476 carnem_[Al.
1337 3399 1541 3476 carnes]
1593 3410 1909 3458 taurorum:

389 3473 487 3531 aut
501 3475 806 3531 sanauinem
830 3474 1096 3530 hircorum
1112 3473 1279 3529 bibam
1297 3475 1325 3529 2

317 3546 543 3603 Immola
567 3546 678 3601 Deo
695 3547 921 3614 laudem,

388 3630 437 3676 et
471 3618 627 3674 redde
655 3619 905 3674 altissimo
935 3625 1049 3672 vota
1079 3615 1188 3688 [AL
1220 3627 1323 3674 lac.
1355 3614 1493 3689 vota]
1521 3627 1630 3672 tua.

320 3691 389 3747 Et
419 3692 602 3744 invoca
631 3707 708 3744 me
736 3691 792 3745 in
821 3691 902 3744 die
935 3689 1283 3745 tribulationis
1304 3707 1325 3746 :

390 3763 616 3818 liberabo
640 3771 708 3830 te,
733 3771 779 3815 et
811 3761 1128 3832 gloriﬁcabis
1150 3778 1250 3818 me.

320 3833 494 3905 Impia
522 3845 692 3888 autem
737 3831 868 3889 ducit
894 3831 1034 3887 Deus
1057 3849 1075 3886 :

390 3907 516 3975 quid
547 3907 635 3960 tibi
667 3914 742 3960 est
769 3922 884 3960 cum
915 3905 1211 3959 narratione
1239 3912 1617 3976 praeceptorum
1646 3919 1876 3960 meorum
1894 3947 1909 3976 ,

391 3987 521 4049 etut
546 3994 780 4032 assumas
810 3985 1022 4049 pactum
1051 3992 1220 4030 meum
1246 3977 1302 4030 in
1327 3992 1414 4031 ore
1434 3976 1562 4030 tuo?

321 4052 399 4126 [ἡ.
427 4048 495 4105 Ει
529 4049 608 4126 tu]
641 4051 739 4126 Qui
762 4048 920 4126 odisti
943 4049 1294 4120 disciplinam,

391 4132 442 4178 et
473 4121 740 4193 projecisti
759 4121 910 4176 verba
935 4137 1049 4174 mea
1082 4128 1195 4183 post
1227 4129 1297 4193 te.

322 4193 384 4253 Si
409 4192 616 4249 videbas
638 4194 826 4265 furem,
862 4193 1218 4247 consentiebas
1238 4192 1286 4248 ei
1314 4206 1334 4247 :

393 4275 444 4320 et
467 4282 583 4320 cum
609 4266 868 4338 adulteris
899 4275 922 4302 θ
954 4282 1076 4338 pars
1107 4275 1216 4320 tua.

324 4337 399 4394 0s
427 4348 568 4391 tuum
599 4339 781 4393 misisti
803 4337 870 4391 ad
909 4337 1184 4401 malitiam,

395 4417 443 4464 et
466 4407 650 4480 lingua
677 4421 767 4464 tua
783 4410 1108 4464 concinnabit
1128 4407 1328 4463 dolum.

1583 321 1792 379 LIBER
1833 321 2282 382 PSALMORUM.

3447 333 3586 394 1166

1911 441 1968 502 Α
1995 440 2195 516 Sedens
2220 441 2466 516 adversus
2491 443 2719 516 fratrem
2734 450 2880 516 tuum
2905 441 3215 516 loquebaris,

2064 515 2119 568 in
2149 512 2256 585 [ΑΙ.
2290 523 2338 590 et
2364 511 2656 590 adversum]
2681 513 2850 584 ﬁlium
2890 511 3071 572 matris
3103 511 3209 573 tute
3243 517 3585 590 fabricabarls

2141 584 2496 657 approbrium.

1996 653 2128 712 Hart:
2159 653 2358 724 fecisti,
2386 666 2436 711 et
2464 658 2605 712 tacui
2632 674 2649 711 :

2066 729 2369 783 existimasti
2401 729 2629 798 futurum
2658 747 2740 786 me
2767 729 2876 805 [ΑΙ.
2906 735 3019 808 tae.
3041 732 3140 808 me]
3162 735 3470 796 similenttui
3500 756 3518 796 :

2065 816 2283 874 arguam
2305 810 2350 874 te
2378 811 2423 854 et
2445 818 2728 874 praponam
2757 799 2875 860 ante
2901 799 3076 874 oculos
3103 799 3237 864 tuos.

1996 860 2286 945 Intelligite
2311 872 2406 926 hoc
2428 860 2514 940 qui
2543 860 2903 945 obliviscimini
2930 871 3120 944 Deum,

2066 943 2646 1024 nefortenrapiam-lAi.
2682 947 3008 1024 capiamite‘t
3039 943 3140 1004 non
3167 952 3232 1008 sit
3256 951 3346 1024 qui
3367 950 3548 1010 liberet
3572 969 3592 1009 :

2001 1015 2101 1085 Qui
2132 1015 2376 1091 immolat
2396 1015 2790 1091 rorifessionem,
2827 1015 3086 1091 glori/ieat
3110 1039 3189 1076 me
3213 1039 3232 1078 :

2066 1095 2114 1142 et
2134 1088 2222 1159 qui
2256 1085 2274 1125 ί
2309 1085 2516 1143 ordinat
2538 1090 2672 1144 viam
2692 1131 2704 1153 ,
2736 1085 3003 1146 osténdam
3029 1093 3079 1147 ei
3104 1095 3335 1151 salutare
3366 1095 3478 1151 Dei.

1997 1217 2212 1258 VICTORI
2251 1217 2516 1260 CANTICUI
2555 1203 2631 1275 [In
2675 1204 2886 1278 psum]
2930 1222 3090 1264 nmo
3135 1226 3146 1264 :
3191 1224 3297 1266 ουκ
3337 1226 3592 1272 vertisset

2073 1291 2140 1329 AD
2181 1289 2289 1330 EUM
2329 1291 2548 1331 NATHAI!
2590 1291 2891 1347 PROPHE'I'A,
2934 1294 3142 1345 QUANDO
3178 1296 3460 1340 INGRESSUS
3498 1299 3595 1341 EST

2072 1362 2141 1402 ΔΙ)
2179 1361 2510 1404 BETHSABEE.

2001 1460 2150 1537 [LL]
2199 1461 2444 1537 Miserere
2472 1464 2593 1529 mei,
2651 1463 2811 1533 Deus,
2865 1465 3143 1520 secundum
3185 1466 3596 1525 misericordiam

2074 1545 2217 1590 tuam
2262 1552 2280 1590 :
2328 1536 2478 1600 iuxta
2533 1536 2914 1592 multitudinem
2958 1539 3344 1594 miserationum
3386 1549 3594 1598 tuarum

2147 1605 2261 1661 dele
2282 1607 2580 1677 iniquitates
2608 1625 2768 1663 mras.

2004 1677 2232 1734 Multum
2259 1680 2372 1733 lava
2396 1695 2474 1733 me
2504 1679 2567 1733 ab
2597 1681 2866 1750 iniquitate
2892 1697 3031 1750 mea,

2075 1762 2122 1803 et
2151 1767 2182 1802 a
2206 1758 2414 1821 peccato
2437 1767 2548 1805 meo
2581 1753 2779 1806 munda
2810 1770 2912 1807 me.

1928 1849 1975 1911 Β
2008 1821 2267 1890 Quoniam
2283 1822 2578 1892 iniquitates
2595 1839 2733 1878 meas
2753 1823 2826 1896 [tu
2845 1841 3042 1882 errores
3063 1823 3221 1900 meos]
3236 1843 3330 1900 ego
3349 1837 3374 1876 Ι
3391 1829 3605 1900 cognovi

2077 1904 2124 1968 et
2151 1902 2418 1968 peceatum
2448 1910 2617 1968 meum
2637 1905 2822 1968 contra
2850 1912 2929 1949 me
2951 1905 3025 1951 est
3049 1913 3274 1968 semper.

2003 1963 2122 2019 Tibi
2147 1963 2246 2107 iota:
2269 1966 2494 2034 peccavi,
2523 1977 2568 2021 et
2593 1967 2787 2021 malum
2813 1983 2988 2023 coram
3012 1979 3060 2024 te
3085 1963 3171 2042 [Ιιζ
3207 1970 3259 2025 in
3286 1969 3450 2027 oculis
3478 1971 3604 2044 tuis]

2171 2053 2246 2091 εει
2275 2053 2296 2092 :

2171 2053 2246 2091 εει
2275 2053 2296 2092 ἔ

2078 2117 2134 2162 ut
2155 2109 2464 2181 justiﬁeeris
2486 2111 2537 2164 in
2560 2111 2884 2181 sermonibus
2907 2111 3035 2179 tuis,

2076 2190 2126 2236 et
2150 2178 2330 2324 pineasJ
2357 2178 2387 2219 δ
2415 2199 2527 2236 cum
2557 2180 2674 2256 [ΑΙ.
2695 2181 2850 2256 dum]
2878 2185 3200 2257 judicaveris
3225 2183 3298 2260 [h.
3333 2185 3606 2260 judicatus

2175 2270 2308 2307 ueris
2339 2295 2351 2306 .

2175 2270 2308 2307 ueris
2322 2270 2351 2307 I.

2010 2324 2145 2380 Ecce
2170 2327 2223 2379 in
2251 2326 2521 2397 iniquitate
2541 2337 2812 2396 conceptus
2839 2343 2976 2393 sum,

2081 2397 2199 2451 etin
2233 2409 2443 2463 peccato
2476 2399 2671 2467 peperit
2695 2416 2776 2453 me
2803 2407 2970 2453 mater
2991 2413 3121 2454 mea.

2013 2469 2148 2524 Ecce
2171 2471 2304 2523 enim
2338 2467 2353 2508 ἱ
2389 2471 2654 2523 veritatem
2677 2470 2872 2542 diligis,

2081 2541 2436 2618 absconditum
2467 2550 2514 2596 et
2554 2541 2812 2618 arcanum
2842 2544 3112 2618 sapientia:
3138 2545 3487 2618 manifestasti
3526 2544 3607 2618 Ut.

2154 2614 2462 2688 sapientiam
2487 2613 2952 2688 manifestabimus]
2987 2618 3136 2672 mihi.

2013 2685 2268 2758 Asperges
2291 2684 2365 2756 [h.
2392 2684 2713 2757 puriﬁcabis]
2759 2703 2838 2742 me
2868 2684 3124 2758 hyssopo,
3172 2697 3219 2745 et
3262 2689 3557 2746 mundabor
3590 2706 3611 2748 .‘

2087 2757 2284 2812 lavabis
2315 2774 2393 2810 me
2421 2767 2466 2810 et
2498 2772 2654 2827 super
2682 2758 2848 2812 nivem
2877 2757 3175 2816 dealbabor.
3244 2824 3248 2828 I

2013 2829 2419 2904 Auditummilii
2442 2829 2601 2898 facies
2623 2830 2869 2900 gaudium
2902 2843 2947 2904 et
2973 2834 3229 2904 ltetitiam,

2091 2900 2104 2950 i
2138 2902 2396 2956 exsultent
2420 2917 2536 2955 ossa
2559 2916 2675 2972 qua:
2699 2903 3020 2973 confregisti.

2017 2971 2282 3030 Absconde
2309 2973 2496 3046 faciem
2519 2971 2661 3046 tuam
2689 2990 2718 3025 a
2741 2971 2964 3046 peccatis
2993 2976 3145 3045 meis,

2087 3054 2135 3099 et
2159 3060 2334 3098 omnes
2369 3045 2666 3115 iniquitates
2696 3045 2837 3100 meas
2865 3047 3000 3104 dele.

2017 3113 2118 3171 Cor
2143 3117 2392 3170 mundum
2420 3113 2538 3169 crea
2569 3115 2728 3182 mihi,
2759 3115 2922 3183 Deus,

2089 3200 2135 3241 et
2157 3190 2398 3257 spiritum
2429 3187 2666 3242 stabilem
2693 3204 2883 3244 renova
2908 3194 2963 3246 in
2992 3192 3266 3248 visceribus
3291 3193 3438 3249 meis.

1940 3255 1985 3321 C
2019 3257 2101 3314 Ne
2121 3255 2368 3332 projicias
2389 3275 2468 3314 me
2489 3276 2520 3312 a
2548 3261 2683 3331 facie
2706 3269 2796 3314 tua

2090 3330 2136 3386 et
2165 3330 2425 3404 Spiritum
2453 3330 2688 3404 sanctum
2715 3343 2856 3404 tuum
2883 3351 2947 3389 ne
2975 3340 3189 3404 auferas
3209 3352 3241 3390 a
3263 3352 3362 3391 me.

2090 3342 2136 3386 et
2165 3340 2425 3404 Spiritum
2453 3342 2688 3386 sanctum
2715 3343 2856 3388 tuum
2883 3351 2947 3389 ne
2975 3351 3042 3390 au
3070 3352 3189 3391 eras
3209 3352 3241 3390 a
3263 3352 3362 3391 me.

2016 3404 2197 3460 Redde
2228 3404 2354 3484 mihi
2382 3403 2616 3484 laetitiam
2641 3402 2722 3484 [It1
2747 3403 2898 3460 habet
2918 3340 3076 3484 Jesui
3094 3407 3118 3448 ¹ι
3143 3408 3392 3466 salutaris
3416 3407 3515 3475 tui,

2089 3487 2136 3531 et
2161 3476 2348 3547 spiritu
2371 3475 2564 3548 potenti
2586 3475 2838 3546 conﬁrma
2861 3495 2960 3534 me.

2020 3547 2228 3602 Docebo
2255 3547 2461 3616 iniquos
2490 3547 2598 3600 vias
2627 3558 2763 3616 tuas,

2089 3628 2136 3674 et
2162 3629 2456 3689 peceatores
2476 3619 2544 3672 ad
2566 3630 2612 3673 te
2641 3633 2983 3679 revertentur.

2018 3689 2202 3747 Libera
2222 3707 2300 3746 me
2321 3691 2385 3744 de
2414 3692 2770 3763 sanguinibus,
2800 3693 2937 3751 Deus
2962 3695 3103 3753 Deus
3127 3698 3317 3756 salutis
3346 3716 3472 3758 mea:
3491 3720 3512 3761 ε

2090 3763 2320 3838 laudabit
2353 3763 2530 3838 lingua
2557 3780 2670 3818 mea
2685 3767 2953 3838 justitiam
2976 3777 3140 3828 tuam.

2022 3835 2240 3890 Domine
2256 3878 2272 3902 ,
2298 3835 2437 3890 labia
2463 3850 2576 3888 mea
2601 3835 2819 3906 apéries,

2092 3918 2140 3962 et
2163 3925 2219 3962 os
2247 3923 2416 3962 meum
2438 3907 2763 3962 annuntiabit
2793 3909 2998 3966 laudem
3029 3919 3193 3968 tuam.

2023 3979 2148 4035 Non
2173 3980 2306 4055 enim
2336 3979 2410 4032 vis
2443 3989 2498 4032 ut
2532 3979 2789 4055 victimam
2817 3980 2834 4020 1
2863 3984 3028 4055 feram
3047 4001 3068 4040 ,-

2093 4068 2185 4106 nec
2213 4051 2575 4106 holocaustum
2600 4053 2690 4105 tibi
2716 4051 2902 4120 placet.

2023 4121 2812 4270 Sacriﬁciucmnmqufffriﬁcia]
2845 4127 2943 4184 Dei
2988 4131 3202 4200 spiritus
3240 4129 3620 4189 contribulatus

2095 4266 2187 4324 cor
2200 4267 2487 4346 contritum
2517 4266 2565 4346 et
2588 4266 2944 4346 huiniliatum,
2975 4269 3139 4346 Deus,
3169 4289 3274 4346 non
3300 4273 3573 4346 despicies.

2024 4337 2275 4466 Beneugl‘tl.
2320 4339 2556 4468 bSenigne]
2591 4345 2674 4416 fac
2704 4341 2810 4414 [ΑΙ.
2850 4337 2939 4398 ad.
2986 4337 3230 4418 Domine]
3273 4346 3329 4402 in
3364 4337 3626 4403 voluntate

2287 4454 2301 4468 .
2382 4430 2489 4468 ton.

2022 4451 2024 4456 ν
2173 4430 2259 4466 tua
2287 4454 2301 4480 ,
2334 4430 2489 4480 mon,

399 4554 426 4582 α
457 4543 607 4599 Unus
633 4543 855 4611 Reginae
884 4559 987 4598 ms.
1023 4543 1259 4597 laudabit
1288 4541 1525 4613 inquient
1555 4549 1622 4596 te.
1652 4539 1789 4596 Tum
1833 4555 1919 4596 re-
1948 4553 2000 4613 1)
2027 4544 2254 4600 Hebrtno
2280 4548 2639 4604 dissentiente
2663 4557 2832 4605 textu.

325 4617 488 4680 ctius,
515 4625 573 4668 ut
602 4615 838 4680 videtur,
872 4630 997 4669 cum
1039 4614 1422 4677 Cisterciensi,
1453 4629 1570 4666 cum
1603 4613 1920 4682 benefeceris

330 4707 421 4786 tibi
444 4725 471 4786 :_
485 4706 625 4786 quod
659 4706 877 4786 proprie
905 4713 1066 4786 sgnat
1091 4705 1379 4786 Hebraeum
1406 4689 1480 4786 ῖιή
1504 4712 1702 4786 ΞἻὩἾἾ.

401 4779 428 4818 ι)
452 4775 515 4834 lii
534 4775 1271 4834 (lunoneSan-Germanensi
1296 4778 1372 4832 sic
1404 4775 1588 4834 d'ocuit
1615 4775 1932 4832 emandator

331 4852 538 4909 codicis
574 4869 586 4904 :
617 4849 790 4904 Homo
823 4867 938 4904 cum
984 4851 1039 4903 in
1084 4847 1279 4902 honore
1331 4857 1462 4904 esset
1501 4864 1603 4901 non
1626 4847 1930 4902 intellexit:

334 4932 663 4996 contparatus
677 4932 750 4977 est
770 4923 1106 4996 jumentis,et
1135 4921 1515 4996 similisfactus
1536 4927 1607 4996 est
1635 4918 1761 4974 illis.
1779 4919 1932 4996 Quod

334 4991 539 5065 absdue
556 4995 720 5050 dubio
742 4991 898 5050 ll’uxit
913 5010 942 5049 e
961 4995 1179 5064 Vulgata
1203 4991 1460 5050 editiOne.
1477 4991 1702 5065 Codices
1718 5007 1848 5046 mss.
1863 4992 1922 5048 S.

335 5063 642 5134 Michaelis,
662 5077 717 5122 et
740 5063 1160 5138 Augustinorum
1189 5063 1659 5137 Burdigalensium
1682 5066 1817 5118 hanc
1841 5079 1928 5119 re-

339 5142 512 5196 tinent
536 5140 819 5195 Iectiouem
845 5157 856 5191 :
880 5138 1048 5193 Homo
1070 5154 1184 5191 cum
1206 5140 1256 5191 in
1281 5140 1473 5193 honore
1493 5145 1644 5200 esset,
1669 5153 1769 5191 non
1788 5151 1929 5189 com-

338 5213 625 5283 morabitur
648 5228 666 5266 :
692 5212 1008 5265 assimilatas
1025 5211 1279 5283 jumentis
1299 5220 1594 5283 exsequutus
1621 5221 1724 5264 est.
1746 5208 1924 5283 Mser.

414 5295 435 5323 ε
470 5281 621 5356 Ignis
647 5295 767 5337 ante
787 5300 905 5338 eum
930 5280 1128 5336 ardebit
1161 5283 1391 5352 legimus
1417 5284 1470 5337 in
1498 5280 1934 5356 _tr_il_)us_canoni-

340 5357 462 5413 bus.
490 5353 545 5409 In
576 5355 788 5410 duobus
815 5356 934 5410 aliis
963 5369 1094 5408 mss.
1129 5369 1304 5407 coram
1331 5371 1391 5409 eo
1419 5353 1651 5408 ardebit.
1679 5353 1860 5408 MART.

411 5426 437 5466 ά
473 5427 727 5482 Fortasse
757 5427 956 5483 rectius
987 5427 1084 5478 mei
1113 5440 1407 5493 pronomen
1441 5424 1670 5497 Reginus}
1694 5441 1796 5480 ms.
1849 5423 1936 5480 hic

343 5501 540 5555 reticet
582 5516 596 5553 :
640 5499 900 5555 Hebrmus
929 5509 1110 5553 autem
1158 5507 1337 5553 textus
1366 5507 1506 5565 iw,
1549 5506 1838 5568 utramque
1872 5511 1938 5552 ex

345 5580 662 5642 punctorum
695 5571 960 5626 varietate
984 5571 1176 5640 recipit
1201 5571 1513 5625 lectionem.

427 5653 450 5681 °
481 5644 606 5698 Plus
656 5643 858 5699 habent
910 5643 1020 5698 duo
1051 5658 1080 5697 e
1109 5645 1313 5697 nostris
1354 5658 1486 5696 mss.
1531 5647 1638 5695 erat
1665 5656 1786 5712 pars
1828 5649 1940 5695 tua.

349 5715 477 5770 Dein
507 5731 642 5768 unus
674 5716 1021 5770 (listerciens.
1058 5731 1113 5769 os
1142 5726 1285 5768 tuum
1316 5714 1579 5778 dimisisti,
1608 5726 1707 5783 pro
1732 5712 1940 5780 misisti,

348 5799 403 5844 ct
425 5789 602 5858 lingua
629 5795 717 5840 tua
747 5787 1069 5842 concinnavit
1116 5803 1212 5856 pro
1242 5786 1570 5840 concinnabit
1599 5826 1614 5850 ,
1663 5783 1946 5858 columen:

352 5853 568 5929 tiusfut
611 5861 842 5930 videtur,
874 5853 1175 5932 superioris
1217 5859 1504 5916 sententia:
1538 5856 1770 5928 tempori
1795 5895 1811 5926 ,
1847 5853 1946 5914 sed

2111 4619 2385 4690 fReginae
2440 4633 2540 4675 ms.
2593 4620 2682 4692 qui
2713 4622 2950 4676 ordinate
2995 4618 3265 4689 ambulat,
3313 4619 3628 4693 ostendant,

2034 4701 2146 4749 etc.

2109 4764 2442 4839 §_Quo_mss.
2475 4766 2798 4839 iniquitatem
2836 4782 3002 4820 meant
3037 4766 3302 4839 egoinovi.

2107 4834 2136 4873 ¹¹
2158 4836 2255 4912 Ms.
2289 4834 2642 4905 Sorbonicus,
2672 4855 2785 4895 cum
2808 4834 3112 4912 juiticabis':
3143 4838 3197 4892 in
3229 4837 3632 4908 exemplaribus

2037 4908 2295 4985 Canonis,
2329 4925 2447 4964 cum
2469 4913 2752 4985 judicaris,
2779 4908 2941 4983 idque
2977 4919 3194 4985 secutus
3233 4919 3316 4966 est
3355 4925 3460 4966 ms.
3493 4913 3633 4968 Cor-

1994 5050 1996 5052 ν
2042 4983 2246 5055 heims.
2281 4992 2334 5037 et
2366 4982 2588 5039 (lariiut.
2615 4985 2786 5055 prima
2811 4982 2991 5039 manu.
3017 4982 3195 5037 Mser.

2109 5052 2126 5092 ί
2161 5055 2346 5110 Canon
2373 5052 2828 5112 Carcassononsis
2858 5073 2872 5109 :
2906 5055 3042 5110 Ecce
3072 5055 3212 5108 enim
3257 5053 3522 5108 veritatem
3551 5054 3636 5107 tli-

2033 5124 2152 5196 ligis
2174 5127 2228 5180 in
2257 5128 2586 5194 abscondito;
2614 5139 2661 5181 et
2711 5130 2764 5183 in
2794 5144 2987 5183 arcano
3026 5125 3296 5195 sapientite
3325 5137 3426 5181 tute
3462 5125 3637 5179 mani-

2035 5201 2236 5270 festasti
2265 5201 2411 5254 mihi.
2444 5198 2988 5258 Similiterhabentin
3016 5198 3191 5268 primo
3211 5197 3485 5252 versiculo
3499 5211 3634 5252 mss.

2037 5270 2176 5342 Aug.
2208 5271 2478 5344 Burdigal.
2512 5287 2573 5327 ac
2598 5273 2656 5330 S.
2677 5272 2862 5339 Mich.,
2882 5279 3280 5344 consequenter
3313 5279 3521 5337 autent,
3551 5284 3637 5324 sa-

2043 5345 2287 5412 pientiam
2315 5342 2667 5416 manifestabis
2693 5344 2844 5399 mihi.
2877 5342 3062 5398 MART.

2119 5417 2132 5467 1
2167 5416 2221 5470 In
2257 5417 2498 5486 pluribus
2521 5432 2652 5473 mss.
2690 5427 2747 5472 ut
2777 5416 3052 5486 exsultent.

2119 5491 2147 5529 ιι
2176 5483 2328 5558 Quod
2351 5491 2554 5546 mavult
2573 5489 2913 5546 Scholiastes
2938 5483 3070 5542 Jesu
3100 5502 3199 5559 pro
3238 5485 3509 5557 salutaris,
3542 5499 3643 5542 uo-

2034 5564 2150 5621 ‘stri
2169 5579 2382 5634 quoque
2414 5562 2707 5633 prmiserunt
2736 5576 2870 5618 mss.

2126 5629 2512 5705 1Mugi'ater'me
2534 5636 2708 5704 placet
2722 5635 2926 5704 feriant,
2943 5629 3085 5700 quod
3102 5640 3212 5684 tum
3238 5629 3409 5705 nostri
3424 5642 3643 5696 omnes,

2050 5723 2171 5764 cum
2205 5702 2383 5777 plures
2404 5708 2493 5762 alii
2522 5702 3063 5779 apudf'tiartiauaaum
3095 5719 3230 5779 mss.
3263 5702 3495 5779 Italica},
3547 5715 3647 5779 pro

2053 5771 2254 5863 feram,
2305 5771 2569 5837 Hebraeus
2613 5777 2680 5836 ad
2727 5778 2998 5846 Verbum,
3046 5792 3149 5832 non
3195 5771 3510 5832 desiderabis
3554 5772 3656 5834 hoc

2053 5865 2224 5909 suam.
