4124 6360
528 335 670 396 1167

598 455 712 530 [AL
735 456 862 512 add.
888 455 957 530 et]
987 453 1309 530 aediﬁcentur
1336 452 1818 530 [murilerusalcim

535 526 689 585 Tunc
714 526 962 600 suscipiei
990 526 1302 600 sacriﬁcium
1316 526 1560 599 justitiaz,

605 601 889 656 oblationes
911 610 958 654 et
980 599 1285 654 holocausta
1309 613 1326 651 :

603 681 725 728 tunc
754 674 1014 744 imponent
1039 686 1191 743 super
1210 669 1380 725 altare
1402 679 1547 724 tuum
1569 669 1757 726 vitulos
1788 670 1868 745 [Ιι.
1901 669 2126 748 tauros].

531 803 562 835 ι
600 810 814 869 Vtcrnm
874 809 1126 852 enuntrto
1181 809 1340 851 nmo
1379 808 1486 850 σω(
1533 809 1786 852 vemsser
1817 811 1970 869 pose
2011 795 2121 869 [ΑΙ.

602 868 797 939 nosce]
825 883 1086 932 lDUIM-ZUS,
1119 883 1188 923 ετ
1213 880 1611 923 ANNUNTIASSET
1635 883 1788 924 swu
1815 868 1922 940 [AL
1942 868 2123 940 smn],

601 953 788 995 DICBNS
826 955 878 994 Et
914 956 940 1015 ε
962 955 1119 996 νεΝιτ
1157 955 1317 996 num
1353 954 1408 995 IN
1445 953 1628 996 nouuu
1667 955 1977 998 AEIIBLECH
2011 941 2122 1015 [AL

603 1008 964 1085 AHIIIELECH].

527 1123 621 1202 [ιι
637 1124 708 1209 1.]
739 1124 1231 1211 Quid-gloliarisin
1255 1124 1480 1211 malitia,
1508 1127 1734 1197 potens?

597 1196 957 1253 misericordia
979 1196 1077 1252 Dei
1105 1205 1212 1250 tota
1235 1206 1307 1251 est
1329 1197 1431 1252 die.

527 1265 763 1324 Insidias
813 1273 1005 1341 cogitat
1047 1267 1228 1340 lingua
1259 1280 1348 1323 tua
1377 1285 1397 1323 .'

599 1342 746 1412 quasi
776 1338 1028 1395 novacula
1056 1338 1206 1394 acuta
1235 1341 1432 1411 faciens
1452 1338 1651 1394 dolum.

525 1407 771 1467 Dilexisti
804 1413 1004 1466 malum
1039 1412 1202 1482 magis
1232 1407 1386 1481 quam
1422 1413 1611 1465 bonum
1637 1427 1656 1466 :

595 1483 925 1559 mendacium
943 1483 1106 1554 magis
1133 1499 1288 1554 quam
1313 1483 1454 1556 loqui
1480 1483 1586 1558 [AL
1615 1492 1720 1540 tae.
1750 1482 1896 1557 loqui
1922 1483 1944 1559 ]
1962 1485 2127 1555 justi-

675 1556 824 1610 tiam.
861 1555 1102 1611 Senem.

524 1623 775 1702 Dileristi
801 1630 972 1702 omnia
1001 1625 1244 1702 verbaad
1274 1625 1646 1702 devorandum,
1679 1625 1909 1702 lingua”
1939 1627 2128 1684 dolosa

663 1696 782 1822 ΒΜ.
814 1700 1046 1770 linguam
1085 1696 1364 1780 dolosam].

525 1767 635 1826 Sed
716 1787 804 1824 eus
833 1771 1059 1824 destruet
1081 1778 1155 1826 te.
1188 1786 1240 1823 in
1269 1785 1364 1822 sent

573 1786 598 1824 ϐ

716 1787 804 1848 eus
833 1769 1059 1848 destruet
1081 1770 1240 1848 te,_in
1269 1771 1639 1848 sempiternum
1689 1769 1897 1826 terrebit
2031 1769 2125 1826 ad.

670 1840 761 1914 te],
791 1850 844 1914 et
869 1839 1052 1914 evellet
1076 1850 1124 1894 te
1143 1841 1206 1894 de
1222 1839 1576 1914 tabernaculo,

599 1923 646 1968 et
674 1911 955 1966 efadicabit
984 1922 1032 1966 te
1061 1915 1125 1967 de
1159 1921 1300 1966 terra
1329 1913 1630 1969 viventium.
1661 1912 1900 1972 SEIPER.

533 1981 796 2039 Videbunt
817 1983 971 2057 justi,
1013 1983 1361 2057 et_timebunt,

597 2066 645 2110 et
675 2055 831 2126 super
853 2072 971 2109 eum
1000 2055 1263 2126 ridebunt,

526 2125 664 2182 Ecce
680 2125 772 2200 vir
796 2128 883 2197 qui
906 2129 1078 2200 posuit
1102 2125 1268 2200 Deum
1295 2127 1656 2200 fortitudinem
1680 2145 1829 2184 suam
1853 2145 1870 2184 :

593 2198 686 2252 sed
716 2196 938 2270 speravit
956 2200 1012 2253 in
1039 2196 1372 2252 multitudine
1394 2198 1692 2255 divitiarum
1719 2217 1938 2258 suarum
1962 2215 1984 2258 :

598 2269 921 2340 confortatus
951 2277 1022 2324 est
1051 2271 1106 2323 in
1131 2270 1337 2323 insidiis
1368 2272 1500 2325 suis.

525 2339 643 2413 Ego
674 2339 844 2396 autem
874 2341 1006 2397 sicut
1033 2342 1169 2395 oliva
1202 2345 1368 2413 rirens
1397 2343 1449 2396 in
1471 2341 1626 2398 domo
1653 2343 1756 2400 Dei
1781 2359 1802 2400 .°

598 2414 798 2484 speravi
835 2413 890 2466 in
927 2413 1284 2467 misericordia
1311 2412 1410 2467 Dei

598 2487 652 2537 in
683 2484 932 2539 swculum
966 2494 988 2522 °
1021 2484 1412 2551 sempiternum.

525 2555 822 2625 Con/itebor
847 2555 936 2629 tibi
958 2555 1012 2608 in
1049 2555 1321 2621 saeculum,
1345 2559 1594 2627 quoniam
1625 2559 1791 2629 fecisti
1821 2575 1842 2614 :

595 2639 642 2682 ct
664 2625 969 2696 exspectabo
991 2642 1174 2680 nomen
1195 2625 1366 2695 tuum,
1380 2625 1633 2698 quoniam
1649 2631 1841 2685 bonum

593 2699 649 2755 in
680 2707 958 2771 conspectu
986 2707 1286 2753 sanctorum
1311 2699 1387 2770 [Ii.
1422 2702 1857 2776 misericordium]
1886 2712 2119 2762 tuorum.

740 2827 956 2870 VICTORI
985 2809 1012 2850 ἀ
1041 2829 1142 2868 PER
1180 2828 1396 2870 CIIORUI
1436 2831 1690 2874 ERUDITIO
1727 2834 1908 2876 DAVID.

523 2925 740 3006 [1.111.]
772 2926 915 3006 Dixit
938 2925 1128 2983 stultus
1157 2927 1389 3006 incorde
1413 2945 1530 3006 suo,
1563 2947 1666 3006 non
1695 2942 1767 3006 est
1792 2931 1935 2987 Deus
1959 2948 1979 2986 :

593 3000 829 3070 corrupti
885 3011 1025 3070 sunt,
1073 3011 1121 3056 et
1171 3001 1540 3057 abominabiles
1591 3003 1718 3074 facti
1764 3013 1886 3060 sunt
1927 3007 1982 3060 in
2016 3006 2121 3062 ini-

668 3076 886 3143 quitate,

595 3141 700 3197 non
726 3152 798 3197 est
821 3143 910 3212 qui
935 3141 1094 3212 faciat
1116 3141 1328 3198 bonum.

517 3214 664 3296 Deus
691 3213 906 3296 doc-calo
935 3216 1210 3296 prospexit
1221 3231 1384 3296 super
1404 3215 1546 3296 ﬁlios
1570 3215 1860 3296 hominum,

596 3294 654 3340 ut
683 3286 879 3340 videret
907 3286 951 3339 si
982 3296 1055 3339 est
1084 3287 1372 3358 intelligens
1403 3289 1666 3357 requirens
1695 3289 1882 3345 Deum.

526 3356 716 3415 Omnes
737 3357 905 3430 aversi
933 3367 1074 3424 sunt,
1103 3356 1296 3430 pariter
1320 3356 1652 3414 adhaeserunt
1679 3379 1699 3416 :

597 3445 698 3484 non
721 3439 797 3504 est
817 3429 904 3496 qui
932 3430 1089 3498 faciat
1106 3429 1328 3495 bonum,
1355 3448 1460 3504 non
1488 3440 1562 3485 est
1592 3449 1752 3504 usque
1775 3434 1842 3487 ad
1863 3450 2048 3490 unum.

524 3499 798 3578 Numquid
825 3517 929 3578 non
965 3514 1311 3578 cognoverunt
1342 3502 1432 3572 qui
1461 3499 1744 3578 operantur
1773 3507 2118 3578 iniquitatem,

633 3573 684 3626 ui
713 3571 988 3648 comedunt
1015 3571 1267 3644 papulum
1295 3589 1463 3629 meum
1489 3571 1544 3629 ut
1572 3576 1744 3632 cibum
1775 3571 1927 3648 panis
1956 3594 1977 3634 :

649 3659 765 3697 eum
792 3660 894 3698 non
920 3644 1299 3699 invocaverunt.

525 3712 614 3770 Ibi
642 3718 915 3769 timuerunt
944 3717 1124 3769 timore

599 3785 686 3840 ubi
709 3803 810 3840 non
830 3794 950 3858 _erat
982 3783 1090 3858 [AL
1119 3784 1220 3858 est]
1245 3787 1398 3842 timor
1422 3803 1441 3842 :

528 3857 791 3924 Quoniam
817 3855 956 3912 Deus
984 3855 1227 3924 dispersit
1259 3875 1375 3915 ossa
1411 3861 1848 3920 circumdanliunt
1878 3874 1928 3922 te
1958 3882 1978 3923 :

600 3930 956 4004 confunderis,
988 3931 1112 4004 quia
1140 3930 1276 3985 Deus
1305 3934 1524 4004 projecit
1551 3949 1660 3990 eos.

528 3999 660 4066 Quis
685 3999 828 4054 dabit
859 4009 880 4036 ε
911 4016 977 4055 ex
1000 3999 1136 4056 ’Sion
1157 3999 1614 4060 salutare'lsrael?

595 4089 712 4125 cum
734 4073 1003 4151 reduxerit
1037 4072 1178 4151 Deus
1208 4075 1555 4151 captivitatem
1585 4079 1769 4151 populi
1793 4082 1875 4136 sui

596 4143 874 4198 exsultabit
894 4141 1081 4210 Jacob,
1116 4141 1378 4199 laetabitur
1406 4141 1603 4204 Israel'.

523 4280 735 4324 VICTORI
773 4282 828 4323 IN
864 4283 1084 4324 PSALHIS
1120 4284 1373 4328 ERUDITIO
1395 4288 1578 4329 DAVID:
1603 4292 1817 4341 QUANDO
1841 4293 2126 4337 VENERUN'I‘

594 4354 788 4395 ZlPllEl
811 4355 879 4394 ΕΤ
905 4356 1176 4397 υιιειιυιςτ
1204 4357 1336 4399 SAUL
1358 4361 1371 4400 Ξ
1399 4360 1572 4402 NONNE
1597 4365 2128 4411 DAVIDABSCONDITUS

592 4426 690 4467 esr
719 4427 856 4467 non
884 4413 1007 4468 nos?

520 4534 584 4608 [L
595 4534 619 4589 1
625 4535 721 4624 γε]
738 4534 903 4624 Deus,
923 4537 976 4624 in
991 4539 1196 4624 nomine
1213 4547 1302 4624 tuo
1313 4541 1456 4598 salva
1469 4559 1549 4599 me
1566 4543 1674 4618 [AL
1693 4548 1892 4603 salvum
1907 4565 1988 4606 me
1998 4549 2126 4624 [ac],

591 4618 638 4662 et
664 4610 714 4662 in
741 4609 1045 4680 fortitudine
1075 4622 1166 4665 tua
1194 4614 1440 4670 ulciscere
1485 4609 1582 4672 me:

515 4677 678 4750 Dens,
705 4677 894 4736 exaudi
920 4684 1202 4739 orationem
1230 4702 1395 4741 meam
1420 4701 1441 4742 .‘

586 4847 612 4876 α
640 4836 862 4918 Regina:
890 4852 995 4893 ms.
1043 4837 1282 4918 Victoria
1310 4843 1372 4918 de
1400 4845 1606 4918 erudito
1630 4862 1650 4902 :
1676 4856 1732 4904 et
1759 4863 1883 4903 cum
1922 4847 2117 4918 pleris-

513 4911 785 4988 que__aliis
813 4908 972 4988 Doec,
1012 4920 1066 4965 et
1093 4912 1423 4988 Acltinteleclt
1454 4919 1677 4974 nomina
1706 4921 1786 4975 sic
1812 4908 1965 4988 legit.

587 4981 612 5020 δ
629 4981 756 5059 ll_lss.
774 4982 1081 5059 treslegunt
1101 4998 1225 5059 cum
1244 4986 1652 5059 editoJinguam
1665 4981 2108 5052 dolosamMAn'r.

586 5063 608 5092 ο
651 5053 723 5128 Ita
772 5053 974 5128 Regius
1020 5055 1216 5117 codex.
1248 5053 1624 5125 Corbeiensis,
1660 5061 2016 5128 Sorbonicus,
2054 5076 2112 5124 et

507 5123 800 5202 Speculum
832 5123 892 5180 S.
924 5127 1232 5202 Augustini.
1267 5129 1325 5184 In
1352 5129 1475 5185 aliis
1503 5123 1754 5202 legimus,
1778 5135 1834 5190 in
1860 5123 2112 5193 saxulum

505 5207 554 5250 et
581 5200 632 5249 in
659 5207 924 5253 azternum.
957 5197 1138 5255 MAn'r.

575 5267 603 5349 ξι
628 5267 958 5349 §orb0uicus
985 5284 1089 5325 ms.
1130 5269 1452 5349 V_i_ctori_pro
1473 5275 1631 5330 choro
1656 5276 1967 5349 intelligenti
1990 5281 2103 5337 Da-

499 5337 604 5395 vid.
641 5338 861 5408 Septem
903 5350 1084 5396 autem
1124 5341 1213 5395 alii
1251 5337 1470 5398 codices
1516 5364 1619 5401 lllS.
1653 5337 1855 5406 hebeni
1900 5354 1956 5409 in
2004 5370 2102 5410 ex-

497 5418 668 5465 tt-etna
702 5421 851 5476 parte
876 5413 1045 5480 tituli,
1078 5413 1270 5468 eruditi
1296 5414 1488 5469 David.
1521 5419 1698 5475 MART.

565 5511 637 5522 —-
657 5481 1131 5563 Cistereiens._tns.
1150 5502 1250 5554 pro
1274 5483 1433 5540 choro
1454 5488 1767 5563 intelligenti
1784 5511 1802 5549 :
1822 5494 1916 5552 alii
1942 5496 2100 5554 dum-

495 5561 650 5625 taxat
669 5556 866 5625 eruditi
895 5553 1210 5624 praeferunt,
1244 5572 1340 5625 pro
1378 5560 1627 5617 eruditio.

565 5624 737 5750 illnc
763 5641 978 5698 quoque
1003 5643 1104 5682 ms.
1127 5624 1298 5684 nostri
1319 5644 1510 5688 omnes
1536 5635 1741 5693 eruditi
1761 5638 1970 5712 legunt,
2003 5657 2102 5713 pro

565 5712 585 5748 Μ
629 5715 642 5748 1
671 5713 742 5750 10.

491 5707 742 5750 eruditio.

564 5776 587 5804 ο
614 5766 801 5842 Cenon
827 5767 1302 5838 Careassonensis,
1319 5791 1382 5831 ac
1403 5775 1691 5836 Vaticanus
1705 5797 1808 5838 ms.
1834 5784 2098 5842 salutaria

488 5836 664 5896 Israel
691 5843 876 5898 caeteri
897 5856 1114 5911 omnes,
1144 5836 1376 5904 salutare
1397 5844 1585 5908 Israel.
1615 5836 1795 5910 Mser.

1551 331 1611 392 S.
1655 329 2037 392 lllERONYMl
2076 327 2310 392 DIVINA
2349 329 2826 390 BIBLIOTHECA.

2151 455 2210 516 Α
2301 451 2518 534 auribus
2546 451 2755 534 percipe
2773 446 2926 504 verba
2959 445 3069 534 oris.
3091 443 3215 502 mei.

2152 1847 2202 1911 B

2149 3247 2200 3315 (Ξ

3689 331 3839 396 1168

2236 525 2372 591 Quia
2400 520 2556 578 alieni
2585 520 2981 577 insurrexerunt
3001 520 3273 575 adversum
3294 535 3395 586 me,

2300 607 2348 650 et
2377 598 2536 667 fortes
2562 596 2870 667 qnwsierunt
2894 593 3125 647 animam
3151 608 3319 646 meam
3343 607 3362 645 :

2307 667 2328 707 ί
2364 661 2465 738 non
2496 661 2777 738 posuerunt
2805 664 3048 738 Deumin
3075 675 3348 736 conspectu
3373 680 3488 720 suo.
3515 661 3755 723 Salen.

2231 738 2366 795 Ecce
2385 737 2528 793 Deus
2553 739 2840 793 auxiliator
2860 737 2989 792 milii
3009 752 3028 790 :

2301 809 2559 866 Dominus
2589 817 2887 865 sustentans
2912 809 3144 864 animam
3175 824 3360 866 meam.

2299 881 2502 940 Reddet
2518 881 2644 956 [AL
2671 881 2849 956 redde]
2879 880 3077 936 malum
3113 881 3509 938 insidiatoribus
3531 880 3609 956 [Ιι.
3637 881 3841 939 decan-

2376 953 2649 1026 tatoribus]
2679 955 2806 1026 meis
2831 953 2858 1008 ἓ

2299 1026 2353 1108 in
2376 1026 2585 1108 veritate
2613 1023 2707 1108 tua
2725 1023 2834 1108 [ΑΙ.
2866 1033 3007 1108 tacet
3029 1024 3138 1100 tua]
3164 1025 3412 1098 disperde
3436 1041 3542 1080 eos.

2235 1097 2546 1155 Voluntarie
2571 1096 2881 1164 sacriﬁcabo
2905 1097 2994 1152 tibi
3019 1114 3039 1152 :

2300 1169 2581 1242 confitebor
2606 1169 2804 1225 nomini
2826 1178 2940 1242 tuo,
2977 1169 3216 1235 Domine,
3241 1170 3488 1241 quoniam
3509 1169 3719 1226 bonum.

2231 1241 2488 1310 Quoniam
2511 1257 2574 1297 ea:
2593 1241 2734 1296 omni
2751 1241 3090 1297 tribulatione
3111 1243 3347 1297 liberavit
3367 1258 3449 1298 me

2301 1324 2351 1370 et
2380 1314 2626 1370 inimicos
2655 1329 2796 1368 meos
2825 1314 2952 1369 vidit
2979 1315 3159 1370 oculus
3177 1330 3342 1370 meus.

2478 1443 2693 1486 VICTORI
2721 1437 2748 1478 8
2777 1444 2831 1485 IN
2855 1443 3077 1486 PSALIIS
3102 1443 3357 1486 BBUDI‘I‘IO
3382 1442 3568 1486 DAVID.

2229 1544 2398 1621 [ιη
2428 1544 2664 1621 Eraudi,
2696 1546 2867 1621 Deus.
2892 1548 3180 1604 orationem
3209 1565 3400 1616 meam,

2299 1629 2348 1674 et
2379 1636 2443 1672 ne
2471 1619 2726 1684 despicias
2757 1619 3168 1688 deprecationem
3205 1636 3394 1677 nteam.

2227 1690 2448 1746 Attende
2477 1687 2601 1744 mihi
2631 1697 2682 1745 et
2707 1687 2899 1746 exaudi
2933 1708 3016 1746 me
3047 1708 3067 1746 :

2229 1761 2285 1818 Η
2289 1761 2557 1817 umiliatus
2587 1778 2700 1815 sum
2730 1763 2783 1817 in
2804 1764 3141 1818 meditatione
3166 1778 3281 1818 mea
3300 1801 3318 1832 ,

2301 1845 2348 1889 et
2371 1833 2708 1888 conturbatus
2736 1851 2769 1889 a
2797 1851 2917 1890 voce
2947 1835 3167 1902 inimici,

2297 1923 2330 1959 a
2362 1905 2496 1977 facie
2517 1907 2867 1978 persequentis
2892 1906 3043 1975 impii
3067 1922 3086 1961 :

2231 1977 2490 2045 Quoniam
2520 1977 2850 2048 projecerunt
2872 1995 3032 2048 super
3050 1994 3130 2032 me
3151 1978 3498 2048 iniquitatem,

2301 2060 2347 2104 et
2372 2050 2428 2104 in
2460 2051 2635 2121 furore
2661 2049 3072 2121 adversabantur
3103 2049 3254 2104 mihi.

2229 2119 2332 2177 Cor
2357 2119 2527 2176 meum
2548 2121 2717 2176 doluit
2747 2123 2802 2176 in
2825 2120 3064 2176 vitalibus
3093 2122 3243 2185 meis.

2299 2203 2346 2247 et
2370 2204 2590 2248 terrores
2621 2194 2799 2247 mortis
2827 2194 3122 2249 ceciderunt
3151 2210 3308 2262 super
3335 2211 3437 2250 me.

2228 2261 2406 2320 Timor
2435 2275 2484 2320 et
2515 2274 2706 2340 tremor
2729 2266 2861 2340 venit
2882 2266 2995 2339 [AL
3027 2261 3297 2338 venerunt]
3325 2283 3481 2340 super
3500 2282 3611 2340 me,

2302 2347 2348 2391 et
2378 2336 2582 2408 operuit
2606 2351 2702 2408 me,
2715 2335 2908 2408 caligo‘.

2227 2405 2298 2463 Et
2322 2405 2591 2480 dixi,iquis
2613 2407 2758 2463 dabit
2784 2405 2913 2480 niilti
2945 2425 3141 2480 pennas
3169 2410 3441 2478 columba,

2298 2489 2356 2534 ut
2383 2479 2546 2535 volem
2577 2490 2624 2551 et
2651 2479 2987 2551 requiescam.

2231 2549 2301 2610 Ut
2329 2551 2512 2624 procul
2539 2549 2742 2618 abeam,

2298 2623 2346 2678 et
2369 2639 2653 2678 commorer
2671 2625 2725 2676 in
2754 2623 2976 2679 deserto.
3009 2623 3252 2681 Saurea.

2298 2692 2580 2768 Festinabo
2611 2694 2688 2766 [Ιι.
2718 2693 2961 2768 Festina]
2992 2693 3016 2733 ¹³
3045 2707 3103 2750 ut
3135 2695 3305 2752 salt'er

2268 2783 2331 2820 .a
2361 2767 2550 2839 spiritu
2573 2768 2886 2839 tempestatis
2914 2767 2961 2820 et
2980 2767 3225 2824 turbinis.

2227 2836 2534 2909 Prwcipita,
2574 2837 2819 2911 Domine,
2851 2839 3024 2892 divide
3047 2841 3251 2911 linguas
3275 2855 3457 2895 eorum
3487 2854 3508 2894 :

2297 2911 2543 2982 quoniam
2567 2910 2673 2964 vidi
2699 2910 3023 2980 iniquitatem
3048 2920 3096 2966 et
3120 2910 3578 2967 contradictionem
3608 2910 3664 2968 in
3695 2910 3831 2969 civi-

2369 2989 2493 3036 tate.

2226 3051 2340 3128 Die_
2357 3061 2583 3128 et_nocte
2609 3053 2990 3128 circumeuntes
3015 3071 3191 3110 muros
3219 3056 3355 3128 ejus.

2301 3125 2486 3199 Scelus
2515 3135 2565 3199 et
2588 3126 2741 3199 dolor
2765 3127 2818 3179 in
2846 3127 3014 3180 medio
3041 3128 3175 3199 ejus.

2301 3196 2523 3251 lnsidiw
2549 3197 2603 3251 in
2631 3198 2875 3270 vitalibus
2897 3199 3029 3270 ejus,

2297 3280 2344 3342 et
2371 3284 2475 3322 non
2504 3268 2694 3342 recedit
2716 3269 2779 3323 de
2807 3268 2990 3341 plateis
3019 3271 3133 3342 ejus

2299 3341 2544 3394 damnum
2567 3350 2615 3394 et
2641 3340 3014 3412 fraudulentia.

2226 3411 2352 3468 Non
2375 3412 2516 3466 enim
2538 3411 2780 3468 inimicus
2799 3412 3127 3484 exprobravit
3158 3413 3310 3477 mihi.
3343 3421 3398 3468 ut
3423 3415 3715 3471 sustineam
3734 3430 3759 3472 .'

2295 3499 2458 3552 neque
2499 3488 2542 3538 is
2565 3483 2656 3558 qui
2679 3500 2760 3558 me
2797 3483 2981 3540 oderat
3004 3527 3019 3554 ,
3046 3503 3205 3558 super
3230 3501 3313 3540 me
3336 3488 3705 3558 magniﬁcatus
3727 3495 3831 3557 est,

2296 3567 2354 3609 ut
2381 3557 2671 3610 abscondar
2699 3556 2764 3610 ab
2790 3572 2870 3611 eo.

2225 3627 2333 3702 Sed
2363 3638 2439 3691 tu,
2465 3626 2620 3681 homo
2654 3628 2916 3682 unanimis
2940 3643 3085 3684 meus
3115 3628 3223 3702 [ΑΙ.
3260 3641 3367 3688 lac.
3390 3627 3579 3701 meus],

2299 3701 2410 3754 dua:
2429 3713 2595 3760 meus.
2629 3710 2676 3754 et
2705 3712 2857 3753 notus
2887 3717 3052 3755 meus.

2231 3770 2335 3838 Qui
2359 3769 2515 3825 simul
2545 3768 2818 3825 habuimus
2840 3771 2992 3826 dulce
3012 3781 3284 3841 secretum,

2295 3845 2350 3898 in
2373 3842 2528 3897 domo
2552 3842 2647 3897 Dei
2676 3842 3051 3900 ambulavimus
3079 3862 3198 3900 cum
3223 3856 3440 3903 terrore.

2232 3913 2422 3971 Veniat
2442 3930 2583 3986 mors
2609 3932 2764 3986 super
2785 3932 2894 3980 eos,

2300 3985 2612 4041 descendant
2638 3985 2692 4040 in
2713 3987 2972 4058 infernum
2994 3989 3236 4055 viventes,

2300 4060 2426 4130 quia
2461 4060 2703 4129 nequitia
2750 4060 2805 4112 in
2859 4063 3259 4132 congregatione
3307 4077 3524 4132 eorum,
3557 4061 3614 4117 in
3659 4063 3835 4119 medio

2371 4145 2547 4184 eorum
2557 4170 2570 4184 .

2228 4200 2344 4274 Ego
2374 4203 2443 4274 ad
2473 4201 2638 4255 Deum
2661 4199 2918 4271 clamabo,

2303 4283 2350 4328 et
2384 4272 2640 4327 Dominus
2661 4274 2877 4327 salvabit
2902 4291 3005 4331 nte.

2235 4343 2466 4412 Vespere
2491 4355 2537 4398 et
2557 4361 2710 4419 mane
2729 4355 2776 4398 ct
2804 4348 3022 4400 meridie
3043 4345 3248 4419 loquar,

2303 4427 2351 4472 et
2372 4416 2646 4480 resonabo,
2679 4425 2725 4471 et
2751 4419 2994 4472 exaudiet
3024 4416 3196 4474 vocem
3213 4416 3412 4483 .meam.

2311 4486 2329 4527 ί
2364 4487 2604 4543 Redemit
2628 4489 2682 4542 in
2710 4504 2835 4557 pace
2853 4490 3082 4543 animam
3111 4507 3276 4546 meam
3305 4509 3325 4548 :

2233 4587 2236 4590 ~
2306 4561 2370 4614 ab
2397 4559 2932 4631 appropinquantibus
2960 4561 3089 4615 milii
3113 4578 3134 4617 :

2298 4631 2448 4686 multi
2469 4632 2604 4684 enim
2629 4636 2833 4701 fuerunt
2861 4632 3135 4688 adversum
3155 4650 3258 4689 me.

2142 4715 2199 4779 Ῑ)
2295 4702 2558 4759 Exaudiet
2585 4702 2692 4776 [AL
2719 4702 2938 4774 audivit]
2969 4703 3115 4760 Deus
3151 4716 3207 4762 et
3233 4706 3547 4764 humiliabit
3571 4722 3702 4776 eos,

2295 4853 2317 4896 ί
2348 4855 2514 4930 iidem
2545 4870 2651 4912 ms.
2687 4853 2756 4930 Et
2799 4873 2901 4911 non
2930 4871 3331 4930 proposuerunt,
3363 4869 3470 4918 etc.

2291 4937 2320 4976 8
2347 4929 2538 4985 Plures
2561 4942 2689 4984 mss.
2725 4928 2814 4985 hic
2841 4939 2900 4985 ut
2929 4928 3115 5000 supra,
3143 4928 3334 4987 eruditi
3364 4933 3551 4988 David.
3581 4933 3762 4990 Mser.

2286 5029 2358 5076 -__—
2391 5001 2511 5076 [’ari
2538 5002 2730 5076 iterum
2759 5017 3034 5057 consensu
3061 5005 3234 5058 nostri
3267 5019 3400 5060 mss.
3436 5005 3686 5076 dispexit.
3724 5022 3826 5076 pro

2217 5070 2366 5146 vidit.
2393 5071 2869 5146 ln‘subsequentis
2898 5088 3028 5128 vero
3057 5076 3247 5146 psalmi
3285 5077 3443 5131 titulo
3467 5070 3560 5132 alii
3586 5070 3784 5132 eruditi
3809 5119 3826 5146 ,

2214 5142 2304 5215 alii
2329 5143 2588 5198 canticum
2620 5159 2718 5212 pro
2746 5146 2974 5199 eruditio
3009 5142 3324 5215 praeferunt.

2287 5212 2315 5251 ιι
2348 5217 2421 5293 De
2452 5216 2536 5271 lIlS
2564 5215 2786 5293 duobus
2817 5212 3069 5293 versibus
3099 5218 3322 5293 disserit
3347 5219 3409 5293 S.
3454 5218 3828 5293 Hieronymus

2213 5285 2268 5342 in
2296 5285 2456 5355 epist.
2510 5287 2578 5342 ad
2619 5287 2882 5342 Sunniam
2914 5298 2970 5343 et
3013 5287 3310 5355 Fretelam,
3357 5289 3550 5346 dicens
3600 5285 3825 5347 omnem

2210 5358 2498 5431 prmsentis
2529 5359 2636 5431 loci
2664 5375 2882 5414 sensum
2916 5361 2986 5413 ita
3009 5361 3151 5423 apud
3174 5360 3434 5416 Hebraeos
3467 5363 3569 5431 legi
3605 5380 3620 5417 :
3652 5361 3828 5417 Festi-

2209 5430 2338 5503 nabo
2373 5428 2629 5503 utsalver
2658 5447 2688 5482 a
2729 5432 2921 5500 spiritu
2961 5434 3278 5503 tempestatis
3317 5443 3363 5488 et
3393 5428 3637 5491 turbinis.
3686 5435 3828 5492 llinc

2207 5501 2393 5574 videas
2415 5501 2688 5574 diversum
2720 5518 2844 5557 esse
2867 5506 2937 5556 ab
2967 5501 3302 5574 Hieronymo
3339 5506 3686 5560 Scholiasten
3717 5505 3828 5561 Ca-

2204 5573 2362 5648 nonis
2388 5573 2666 5628 llebraicu:
2697 5575 2942 5648 veritatis
2971 5592 2982 5626 :
3011 5589 3134 5628 cum
3168 5573 3386 5648 diverso
3428 5577 3592 5648 modo
3633 5578 3825 5648 legant

2202 5657 2268 5700 ac
2294 5643 2722 5714 interpretentur
2756 5645 3043 5701 Hebraeum
3073 5655 3272 5708 nwinx
3293 5646 3498 5702 alihisa.
3524 5643 3708 5705 Mser:

2285 5715 2300 5752 ί
2332 5715 2595 5790 Futurum
2621 5725 2837 5784 tempus
2865 5717 3103 5790 retinent
3133 5734 3266 5772 mss.
3299 5735 3463 5790 quam
3495 5721 3704 5790 plures,
3742 5737 3826 5776 re-

2203 5785 2366 5861 dimet
2410 5789 2462 5861 in
2512 5805 2656 5855 pace.
2699 5790 2877 5844 MART.
2910 5788 3016 5845 Alii
3061 5803 3092 5844 θ
3131 5785 3341 5848 nostris
3384 5785 3510 5848 ιηε.⁷
3553 5785 3780 5847 Redime
3806 5833 3823 5861 ,

2203 5860 2295 5919 alii
2327 5857 2563 5915 Redimet
2593 5863 2798 5932 legunt.
