4082 6354
542 316 684 380 H79

608 434 700 501 qui
726 440 966 507 quierunt
988 439 1059 502 te,
1091 432 1222 490 Deus
1246 430 1433 488 Israel.

613 502 753 576 Quia
779 516 992 581 propter
1016 516 1062 581 te
1096 506 1299 581 portavi
1322 502 1660 574 opprobrium
1682 517 1703 557 :

613 579 817 647 operuit
844 579 1086 652 confusio
1114 580 1298 652 facient
1331 591 1518 652 meum.

544 652 762 707 Alienus
787 649 955 721 factus
981 667 1097 706 sum
1116 649 1374 721 fratribus
1400 649 1542 721 meis.

611 730 661 778 et
688 717 988 795 peregrinus
1017 717 1141 791 ﬁliis
1166 721 1277 792 [ΑΙ.
1303 719 1468 795 ﬁlius]
1494 717 1676 773 matris
1706 732 1850 773 mete.

545 793 681 863 Quia
702 793 846 849 zelus
868 794 1051 848 domus
1078 804 1179 848 tute
1200 794 1419 847 comedit
1450 808 1551 855 me,

615 874 661 921 et
679 866 1014 935 opprobrium
1043 874 1070 903 ιι
1094 865 1522 937 exprobrantium
1540 861 1630 918 tibi
1655 863 1839 917 cecidit
1854 876 2012 934 super
2032 879 2134 923 me.

544 935 616 992 Et
634 939 754 1010 flevi
784 938 837 992 in
861 938 1070 1010 jejunio
1097 935 1325 1010 animam
1349 952 1545 1010 nteant,

614 1006 662 1063 et
689 1006 885 1079 factum
915 1006 991 1064 est
1020 1010 1073 1063 in
1098 1008 1434 1082 approbrium
1458 1006 1607 1061 mihi.

546 1078 613 1134 Et
644 1078 794 1150 posui
816 1078 1172 1136 vestimentum
1204 1097 1368 1133 meum
1398 1094 1628 1146 saccum,

614 1161 663 1206 et
683 1156 854 1223 factus
878 1168 996 1224 sum
1024 1154 1097 1207 eis
1125 1154 1180 1206 in
1211 1151 1539 1224 parabolam.

546 1220 741 1278 Contra
760 1239 840 1277 me
867 1220 1221 1294 loquebantur
1240 1225 1328 1294 qui
1349 1222 1595 1278 sedebant
1622 1224 1678 1277 in
1708 1230 1879 1294 porta,

613 1304 662 1348 et
687 1298 964 1369 cantabant
997 1296 1225 1369 bibentes
1257 1297 1433 1369 vinum
1457 1295 1536 1369 lli.
1563 1293 1806 1367 siceram]

547 1363 671 1421 Hea
698 1377 871 1424 autem
899 1365 927 1408 δ
953 1369 1121 1423 oratio
1140 1368 1211 1421 ad
1240 1377 1310 1433 te,
1344 1363 1586 1427 Domine.

615 1448 815 1522 tempus
838 1439 1276 1522 reconciliationis
1307 1439 1387 1522 Ι
1422 1438 1602 1522 placit]
1633 1446 1728 1493 est.

547 1506 689 1563 Deus
716 1506 772 1564 in
802 1510 1135 1566 ntultitudine
1160 1506 1534 1565 misericordia:
1555 1506 1677 1579 litat,

615 1581 806 1635 exaudi
837 1599 913 1636 m3
941 1583 996 1638 in
1024 1584 1239 1637 veritate
1266 1591 1288 1620 ο
1322 1582 1506 1637 salutis
1533 1591 1656 1636 tutr.

546 1648 692 1724 Erue
722 1669 801 1706 me
829 1652 893 1708 de
913 1655 1023 1710 luto
1041 1665 1099 1709 ut
1126 1670 1233 1709 non
1253 1653 1444 1724 inﬂgar
1468 1668 1486 1707 :

615 1723 775 1778 libera
815 1742 895 1779 me
931 1727 995 1782 ab
1035 1726 1118 1781 Itis
1146 1728 1235 1798 qui
1264 1728 1483 1781 oderunt
1528 1742 1629 1794 me,
1671 1732 1719 1781 ct
1756 1724 1820 1782 de
1857 1724 2141 1799 profundis

687 1813 965 1867 aquarum.

547 1864 633 1921 Ne
659 1864 856 1941 aperiat
883 1885 961 1924 me
988 1865 1016 1908 ἀ
1046 1871 1234 1941 ﬂuctus
1272 1884 1446 1939 aquas,

616 1938 974 1995 ne'ubsorbeat
1002 1938 1081 1995 nte
1109 1938 1428 2012 profundum
1450 1955 1470 1993 :

619 2020 665 2063 et
694 2026 797 2083 non
827 2022 1037 2083 coronet
1062 2028 1219 2083 super
1239 2028 1319 2065 me
1349 2019 1530 2080 puteus
1559 2027 1615 2066 as
1639 2025 1819 2067 suum.

547 2077 761 2137 Exaudi
777 2099 875 2147 me,
892 2077 1394 2149 Domina-quoniam
1414 2083 1547 2138 bona
1564 2093 1639 2139 est
1655 2080 2016 2139 misericordia
2032 2091 2143 2137 tua.

617 2152 813 2279 secugd
820 2172 902 2208 um
921 2154 1309 2210 multitudinem
1321 2155 1711 2211 miscrotionum
1723 2164 1934 2210 tuarum
1948 2155 2146 2227 respice

695 2241 727 2278 a
795 2242 895 2279 me.

695 2241 767 2279 aa
795 2242 895 2281 me.

549 2292 621 2350 Et
643 2312 706 2351 ne
729 2297 1015 2353 abscondas
1034 2298 1231 2424 faciem
1254 2306 1397 2354 tuam
1426 2314 1457 2351 a
1482 2313 1627 2372 servo
1655 2307 1745 2354 tuo
1768 2313 1788 2352 :

620 2370 865 2424 quoniam
894 2371 1028 2424 tribu
1054 2386 1113 2424 or
1132 2372 1234 2424 cito
1267 2370 1342 2424 Ηι.
1376 2366 1586 2424 restinal
1609 2368 1788 2423 exaud:

620 2370 865 2442 quoniam
894 2366 1113 2425 tribulor
1132 2372 1234 2424 cito
1267 2370 1342 2442 [Ιι.
1374 2366 1586 2440 festina]
1609 2368 1804 2423 exaudi
1826 2385 1928 2425 me.

620 2439 820 2495 Accede
849 2450 872 2479 °
903 2444 973 2496 ad
999 2442 1231 2496 animam
1253 2439 1438 2511 nteant,
1464 2439 1660 2496 redime
1688 2456 1802 2497 eam
1824 2458 1845 2497 .'

619 2523 833 2581 propter
856 2513 1097 2567 inimicos
1122 2528 1259 2568 meos
1284 2513 1447 2568 libera
1477 2528 1573 2567 me.

548 2579 632 2636 Tu
652 2579 751 2637 scis
784 2584 1117 2657 opprobrium
1148 2601 1338 2650 meum,

619 2664 667 2708 et
693 2653 1050 2727 confusionem
1079 2674 1269 2727 meam,
1300 2666 1345 2710 et
1365 2653 1707 2727 ignominiam
1732 2670 1898 2712 meam
1932 2672 1950 2711 :

620 2726 803 2780 coram
822 2737 870 2783 te
888 2739 1009 2783 sunt
1036 2745 1212 2783 omnes
1249 2726 1420 2783 hostes
1450 2729 1569 2784 mei.

556 2795 851 2870 Opprobrio
879 2800 1159 2854 contritum
1179 2809 1253 2855 est
1275 2816 1364 2855 cor
1382 2815 1572 2866 meum,

620 2881 667 2924 et
686 2872 996 2938 desperatus
1017 2887 1131 2925 sum
1154 2885 1174 2927 :

550 2938 617 2993 Et
641 2945 933 3014 exspectavi
957 2943 1046 3014 qui
1065 2945 1483 3009 contristantur.

622 3023 671 3067 et
698 3030 803 3067 non
833 3017 932 3086 fuit
951 3030 971 3069 :

622 3094 669 3139 et
692 3087 781 3155 qui
808 3085 1188 3154 consolaretur,
1211 3097 1259 3143 et
1286 3105 1388 3143 non
1419 3085 1613 3144 inveni.

549 3152 623 3210 Et
650 3152 908 3232 dederunt
929 3158 985 3213 in
1004 3152 1181 3215 escam
1199 3174 1362 3215 meam
1390 3160 1484 3232 fel,

620 3238 668 3282 et
696 3229 748 3283 in
773 3229 861 3284 siti
886 3246 1000 3286 mea
1028 3242 1334 3300 notaverunt
1356 3229 1435 3286 me
1455 3241 1618 3287 aceto.

552 3297 635 3355 Sit
656 3317 835 3375 mensa
864 3297 1041 3375 eorum
1066 3318 1241 3357 coram
1271 3305 1346 3359 eis
1373 3305 1424 3357 in
1450 3305 1709 3375 laqueum,

620 3380 669 3426 et
694 3373 747 3427 in
775 3373 1140 3430 retributiones
1165 3376 1232 3429 ad
1256 3373 1622 3431 corruend'um.

550 3441 993 3518 Contenebrentur
1022 3445 1163 3500 oculi
1194 3463 1370 3502 eorum
1400 3464 1463 3503 ne
1492 3448 1718 3518 videant,

619 3526 666 3591 et
690 3515 904 3571 dorsum
925 3516 1000 3589 [Ιι.
1037 3518 1260 3591 lumbos]
1288 3535 1471 3574 eorum
1495 3515 1961 3591 semper'incstrvtt.

550 3584 780 3662 E/funde
807 3584 961 3662 super
990 3606 1074 3644 eos
1102 3584 1517 3662 indignationem
1540 3584 1704 3662 tuam,

621 3667 669 3713 et
695 3660 775 3712 ira
797 3661 1096 3735 furoristui
1122 3660 1525 3735 comprehendat
1549 3679 1656 3718 eos.

551 3727 676 3784 Fiat
705 3727 1042 3787 commoratio
1073 3727 1250 3787 eorum
1279 3737 1480 3788 deserta
1506 3750 1527 3789 :

621 3801 676 3855 in
704 3802 1053 3877 tabernaculis
1073 3820 1252 3859 eorum
1273 3822 1375 3860 non
1397 3806 1462 3861 sit
1484 3806 1573 3877 qui
1599 3805 1812 3861 habitet.

556 3870 816 3947 Quoniam
844 3889 992 3947 quem
1017 3884 1071 3929 tu
1097 3879 1415 3947 percussisti,
1450 3870 1700 3945 persecuti
1723 3885 1843 3932 sunt
1873 3893 1892 3932 :

622 3943 707 3998 etf
737 3956 791 3998 ut
816 3943 1109 4017 affligereut
1141 3943 1598 4012 vulnera'os'tuos.
1624 3948 1930 4005 narrabunt.

555 4012 639 4071 Da
668 4012 995 4086 iniquitatem
1026 4034 1181 4088 super
1211 4020 1534 4091 iniquitatem
1559 4037 1760 4090 eorum,
1793 4029 1802 4037 '

627 4095 676 4162 et
699 4104 800 4143 non
826 4090 1035 4162 veniant
1059 4091 1114 4144 in
1136 4090 1345 4162 justitia
1373 4099 1485 4148 tua.

552 4156 840 4216 Deleantur
860 4160 924 4215 de
947 4160 1080 4217 libro
1102 4156 1395 4230 viventium,

1550 317 1609 375 S.
1650 313 2029 375 HIEBONYMI
2070 310 2300 375 υινικΑ
2341 312 2819 374 BIBLIOTHECA.

2159 433 2216 494 Α,
2252 501 2283 503 _
2310 439 2357 487 et
2388 430 2678 503 cumjustis
2704 443 2809 483 non
2827 426 3145 503 scribantur.

2242 501 2354 576 Ego
2384 501 2554 576 autem
2584 516 2781 576 pauper
2805 511 2854 556 et
2880 501 3116 576 dolens_:

2312 575 2453 628 salus
2481 571 2596 639 tua,
2637 571 2802 644 Deus,
2835 580 2862 618 κ
2884 574 3105 644 suscepit
3129 589 3227 629 me.

2238 646 2488 702 Laudabo
2514 662 2700 700 nomen
2724 642 2820 700 Dei
2842 647 2898 699 in
2924 642 3152 711 cantico,

2312 727 2363 774 et
2399 717 2741 789 magnificabo
2768 733 2883 771 eum
2910 718 2965 771 in
2993 718 3333 786 confessione.

2242 788 2310 844 Et
2337 791 2553 864 placebit
2588 790 2808 865 Domino
2855 805 3012 860 super
3044 789 3266 845 vitulum
3311 788 3574 846 novellum
3622 789 3698 865 [Ιι.
3750 790 3838 846 bo-

2383 878 2495 916 vem
2511 858 2765 931 taurum],

2311 950 2504 1006 cornua
2532 932 2825 1000 eﬂ'ereutem
2849 943 2901 989 et
2921 933 3166 1006 ungulas.

2249 1005 2493 1062 Videntes
2522 1006 2779 1058 mansueti
2807 1005 3116 1060 ltetabuntur
3136 1021 3156 1061 :

2312 1079 2400 1148 qui
2427 1076 2662 1221 quwriitis
2690 1073 2882 1144 Deum,
2911 1079 3043 1133 vivet
3069 1078 3247 1134 animo
3272 1086 3444 1134 vestra
3474 1076 3556 1154 [ἡ.
3606 1092 3698 1134 oar
3751 1091 3837 1133 ve-

2384 1158 2551 1204 strum
2582 1189 2595 1203 .

2384 1158 2551 1204 strum
2564 1158 2595 1204 Ι.

2246 1220 2509 1289 Quoniam
2536 1213 2799 1278 exaudivit
2829 1237 3084 1293 pauperes
3112 1213 3370 1279 Dominui
3392 1237 3414 1278 :

2314 1301 2362 1352 et
2384 1293 2579 1347 tinctos
2605 1310 2727 1351 suos
2765 1309 2871 1347 non
2902 1294 3156 1363 despexit.

2244 1363 2485 1420 Laudent
2510 1381 2627 1420 eum
2656 1365 2772 1422 εωιὶ
2797 1373 2846 1419 et
2868 1376 3006 1420 terra
3036 1380 3053 1418 :

2316 1437 2483 1509 maria
2506 1446 2556 1491 et
2583 1454 2735 1493 omne
2752 1437 2892 1509 quod
2913 1445 3147 1494 movetur
3170 1438 3227 1494 in
3254 1439 3330 1496 eis
3347 1454 3367 1495 :

2249 1506 2389 1573 Quia
2412 1507 2550 1563 Deus
2572 1506 2793 1565 saltabit
2817 1511 2968 1571 Sion.

2318 1588 2367 1633 et
2393 1579 2675 1648 (ediﬁcabit
2698 1582 2928 1636 civitates
2952 1579 3096 1635 Iuda
3123 1597 3143 1636 :

2319 1660 2367 1705 et
2389 1650 2699 1707 habitabunt
2726 1652 2818 1721 ibi,
2850 1664 2896 1706 et
2922 1653 3261 1725 possidebunt
3283 1668 3418 1723 eam,

2248 1721 2317 1777 Et
2339 1739 2513 1778 semen
2537 1740 2804 1779 servorum
2827 1721 2939 1792 eius
2968 1725 3249 1793 possidebit
3278 1721 3414 1793 eam,

2175 1825 2222 1889 Β
2317 1803 2367 1850 ει
2394 1797 2480 1865 qui
2510 1796 2736 1869 diligunt
2764 1812 2947 1851 nomen
2977 1796 3090 1867 ejus
3118 1795 3420 1852 habitabunt
3444 1797 3502 1851 in
3521 1811 3607 1854 ea.

2566 1916 2781 1967 νιοτοιιι
2818 1921 2977 1963 DM’ID
3027 1920 3095 1963 ΔΙ)
3118 1920 3539 1964 RECORDANDUI.

2250 2004 2424 2081 [LXX
2430 2005 2477 2081 .1
2495 2005 2658 2078 Deus,
2677 2016 2736 2063 ut
2768 2007 2952 2063 liberes
2978 2023 3059 2081 me
3074 2023 3108 2081 A:

2323 2078 2569 2145 Domine,
2592 2088 2646 2134 ut
2668 2081 2939 2136 auxilieris
2956 2079 3108 2140 mihi.
3136 2078 3346 2151 festina.

2251 2147 2655 2222 Confundantur
2681 2163 2730 2206 et
2757 2152 3059 2207 erubescant
3076 2192 3092 2219 ,

2320 2224 2411 2294 qui
2438 2233 2677 2293 quarunt
2701 2226 2931 2277 animum
2958 2236 3127 2278 meam
3156 2236 3177 2278 :

2251 2292 2634 2350 Convertantur
2658 2304 2965 2360 retrorsum,
2981 2304 3030 2349 et
3052 2294 3376 2363 erubescant,

2320 2369 2409 2437 qui
2432 2368 2611 2420 volunt
2639 2370 2836 2421 malum
2856 2365 3002 2420 mihi.

2252 2435 2599 2511 Revertantur
2619 2441 2686 2492 ad
2705 2440 2974 2511 vestigium
3003 2439 3323 2511 confusionis
3349 2456 3483 2510 sua,

2321 2511 2411 2578 qui
2438 2510 2619 2564 dicunt
2639 2509 2735 2564 vah
2756 2508 2777 2566 !
2802 2508 2934 2565 vah!
3103 2508 3112 2511 ’
3466 2508 3471 2510 ⁷
3608 2569 3616 2580 .

2250 2576 2528 2656 Gaudeant
2556 2590 2604 2635 et
2630 2582 2867 2637 lectentur
2887 2584 2942 2637 in
2969 2589 3020 2638 te
3043 2598 3218 2656 omnes
3242 2585 3336 2656 gui
3355 2576 3671 2656 quarunt“
3698 2601 3720 2641 :

2321 2662 2371 2707 et
2400 2654 2574 2728 dicant
2603 2670 2821 2728 semper,
2844 2655 3203 2727 magnificetur
3230 2654 3394 2728 om,

2321 2726 2409 2791 qui
2434 2725 2662 2799 diligunt
2684 2725 2913 2782 salutare
2935 2725 3108 2783 tuum.

2251 2795 2367 2871 Ego
2390 2795 2564 2852 autem
2585 2812 2772 2871 egenus
2795 2806 2841 2852 et
2872 2815 3092 2871 pauper,

2323 2866 2465 2924 Deus
2491 2866 2679 2939 festina
2702 2885 2797 2941 pro
2827 2866 2908 2924 me
2935 2885 2956 2925 :

2251 2939 2522 2996 Auxilium
2544 2939 2713 2995 meum
2737 2951 2785 2996 et
2813 2942 3044 2997 salvator
3064 2958 3208 2998 meus
3239 2953 3317 2999 tu.

2324 3012 2564 3078 Domine,
2587 3028 2652 3067 ne
2672 3013 2908 3068 moreris.

2254 3074 2425 3155 [LXX
2433 3084 2506 3157 1.]
2546 3074 2613 3138 In
2635 3094 2705 3159 te,
2732 3083 2971 3159 Domine,
3000 3085 3226 3159 speravi,

2324 3173 2427 3230 non
2456 3153 2751 3230 confundor
2779 3153 2806 3193 ιι
2828 3159 2881 3210 in
2901 3153 3155 3213 interitum
3182 3157 3261 3230 [Ιι.
3286 3157 3342 3213 in
3367 3156 3665 3230 malum].

2173 3222 2223 3293 C
2251 3225 2317 3281 In
2336 3222 2655 3300 justitia'tua
2669 3244 2795 3282 erue
2823 3245 2926 3291 me.
2953 3238 3005 3284 et
3028 3222 3291 3285 libertinae
3313 3245 3333 3285 :

2321 3300 2518 3354 inclina
2547 3300 2614 3355 ad
2638 3316 2718 3354 me
2738 3317 2916 3354 aurem
2937 3309 3102 3363 tuam.
3127 3312 3174 3357 et
3200 3303 3346 3357 salva
3365 3318 3446 3357 me
3467 3320 3487 3357 :

2254 3369 2379 3448 Esto
2405 3372 2530 3426 mihi
2559 3371 2828 3448 robustum
2847 3371 3226 3448 habitaculum,
3252 3385 3310 3429 ut
3342 3373 3836 3448 ingredierjugiter,

2328 3441 2345 3479 ί
2378 3444 2668 3515 prtecepisti
2698 3453 2753 3497 ut
2782 3446 3005 3499 salvares
3035 3461 3117 3501 me
3147 3462 3166 3501 :

2321 3514 2442 3585 quia
2468 3514 2481 3564 i
2520 3524 2666 3587 petra
2679 3530 2799 3588 mea
2818 3524 2871 3572 et
2891 3517 3145 3588 fortitudo
3174 3533 3289 3573 mea
3310 3534 3364 3574 es
3388 3527 3467 3575 tu.

2253 3584 2392 3662 Deus
2411 3584 2578 3655 meus,
2604 3586 2755 3662 salva
2778 3603 2861 3643 me
2884 3584 2949 3641 de
2978 3604 3137 3662 manu
3162 3590 3313 3662 impii
3339 3606 3359 3645 :

2323 3658 2387 3711 de
2412 3674 2571 3711 ntanu
2597 3659 2756 3729 iniqui
2774 3669 2820 3713 et
2846 3661 3099 3715 nocentis.

2256 3727 2395 3799 Quia
2422 3741 2477 3781 tu
2503 3746 2553 3783 es
2577 3727 2891 3799 exspectatio
2915 3749 3026 3786 mea
3050 3747 3068 3786 :

2325 3798 2548 3855 Domine
2570 3798 2733 3867 Deus,
2765 3801 2791 3839 ¹ι
2820 3802 3012 3873 fiducia
3025 3820 3138 3859 mea
3164 3806 3228 3860 ab
3255 3803 3610 3861 adolescentia
3639 3820 3774 3859 mea.

2254 3872 2298 3926 Α
2325 3880 2374 3925 te
2399 3882 2714 3935 sustentatus
2752 3872 2865 3928 sum
2891 3890 2960 3928 ex
2989 3887 3136 3932 utero
3160 3920 3174 3944 ,

2324 3944 2389 4021 de
2417 3952 2591 4021 ventre
2614 3946 2794 4021 matris
2826 3961 2952 4021 mea:
2974 3959 3027 4001 tu
3048 3966 3100 4003 es
3124 3958 3387 4021 protector
3407 3962 3559 4013 meus
3586 3964 3608 4004 .'

2324 4016 2446 4090 inte
2467 4014 2583 4070 laus
2617 4033 2729 4071 mea
2756 4014 2774 4055 ι
2792 4018 3015 4090 juglter.

2257 4089 2424 4157 Quasi
2448 4096 2744 4161 portentum
2769 4089 2939 4162 factus
2967 4107 3081 4147 sum
3105 4090 3311 4160 multis,

2322 4168 2370 4216 et
2394 4169 2449 4215 tu
2485 4168 2526 4196 ω
2553 4177 2666 4233 spes
2698 4176 2810 4216 mea
2840 4163 3143 4228 fortissime.

624 4305 652 4335 ⁸
674 4297 740 4375 ln_
764 4297 957 4367 plurali
1002 4297 1117 4375 bufo
1168 4298 1356 4369 legunt
1403 4311 1537 4375 mss.
1564 4298 1685 4375 duo
1716 4296 2069 4375 exemplaria,
2098 4306 2149 4354 et
2174 4301 2227 4363 D
2292 4374 2295 4375 ν
2327 4298 2352 4338 ⁸·
2381 4300 2515 4375 Eum
2545 4300 2697 4375 fere,
2740 4317 2861 4369 quae
2892 4300 3032 4373 apud
3071 4301 3214 4359 LXX
3246 4302 3468 4375 legitur.
3520 4301 3844 4373 epigraphen

553 4370 905 4443 opprobria...
942 4370 1258 4436 ceciderunt,
1289 4377 1398 4427 etc.
1432 4369 1488 4424 lu
1528 4372 1648 4426 aliis
1676 4370 1930 4425 omnibus
1955 4369 2148 4443 singu-

554 4441 684 4497 laris
709 4451 793 4498 est
824 4457 1101 4499 numerus.
1134 4443 1309 4499 Mser.

627 4512 653 4551 δ
682 4513 856 4569 Aliter
902 4512 1088 4570 Canon
1136 4512 1591 4571 unreassauensis
1640 4529 1764 4586 cum
1807 4512 2150 4586 pcdissequis

554 4583 767 4658 duobus
796 4587 1092 4655 consuetis,
1126 4602 1321 4658 nempe
1348 4601 1470 4643 cum
1502 4586 1690 4658 codice
1722 4583 2149 4658 Augustinor'um

555 4656 1047 4728 Burdigalensium,
1093 4669 1150 4714 et
1179 4656 1348 4713 altera
1388 4659 1447 4715 S.
1490 4657 1764 4714 Michaelis
1813 4656 1864 4713 in
1898 4656 2154 4712 Pericula

558 4731 745 4805 maris,
777 4731 871 4805 ubi
916 4729 1144 4805 legimus
1179 4749 1191 4784 :
1227 4729 1340 4805 Ego
1369 4741 1539 4785 autem
1566 4730 1854 4785 orationem
1890 4744 2059 4783 meam
2085 4728 2156 4782 ad

558 4811 622 4866 te,
657 4799 896 4856 Domine.
937 4801 1121 4859 ΜΑιιτ.

634 4883 659 4913 ε
691 4874 811 4928 Pari
843 4888 1115 4930 consensu
1141 4874 1309 4929 nostri
1354 4887 1507 4941 mss.,
1536 4873 1594 4927 iu
1640 4874 1853 4929 veritate
1900 4872 2156 4929 salutaris

561 4944 658 5015 tui,
688 4944 825 5015 Tum
856 4945 998 5015 eripe
1021 4962 1100 4999 me
1130 4961 1229 5015 pro
1248 4961 1390 5015 erue,
1421 4954 1527 5000 etc.

631 5012 659 5052 ει
691 5014 808 5088 Duo
840 5012 971 5074 mss.
1003 5012 1191 5088 ﬂuvius
1213 5012 1385 5088 aquae,
1408 5024 1457 5070 et
1486 5033 1548 5071 ne
1574 5016 1861 5084 absorbent,
1898 5023 2008 5074 etc.

638 5096 662 5124 ε
697 5084 884 5144 Conon
918 5084 1269 5145 Meinminnus
1299 5105 1351 5145 et
1380 5087 1904 5145 Sun-Germanensis
1929 5096 2116 5145 noster
2141 5106 2153 5142 :

562 5155 785 5213 Intende
806 5176 994 5233 anima:
1016 5178 1159 5223 mete.
1185 5173 1233 5216 et
1254 5162 1448 5216 redime
1478 5175 1610 5215 eam.
1635 5161 1699 5216 Et
1723 5171 1930 5233 postea,
1961 5160 2158 5216 redime

566 5244 667 5300 me,
697 5245 795 5300 pro
831 5230 992 5286 libera
1024 5250 1121 5289 me.
1155 5234 1332 5290 Mur.

642 5297 664 5338 ί
696 5297 1082 5379 Cistercieusis
1115 5322 1243 5373 ms.,
1273 5314 1321 5359 et
1352 5321 1507 5379 super
1534 5303 1749 5379 plagam
1759 5306 2167 5379 vulneratorum

575 5380 783 5426 tuorum
811 5375 1111 5431 narrabant.
1151 5384 1328 5449 Atque
1363 5377 1438 5431 itu
1480 5375 1699 5448 quidem
1735 5377 1999 5433 Hebraeus
2044 5378 2161 5445 ipse

570 5466 734 5551 itapet
767 5474 931 5551 T353“
955 5452 1121 5551 Ῥθῇ
1145 5456 1464 5537 riuo-5'11
1494 5489 1506 5527 :
1539 5472 1607 5551 ad
1643 5472 1920 5551 litteram_,_
1934 5482 1983 5528 et
2008 5487 2162 5551 super

568 5537 818 5596 dolorem‘
850 5537 1231 5620 t'ttlnrfratorutrt
1281 5556 1485 5620 tuorum
1548 5541 1840 5620 loquentur.
1878 5537 2080 5620 Verum
2108 5544 2159 5620 i_n

572 5628 678 5669 ms.
717 5613 1023 5685 versiculus
1065 5613 1156 5670 ille
1194 5630 1317 5670 cum
1361 5616 1479 5684 ipso
1504 5613 1668 5672 etiam
1726 5617 1994 5682 impresso
2026 5616 2165 5685 legi-

574 5695 703 5755 tur,
722 5695 777 5760 et
806 5692 862 5737 ttl
883 5680 1127 5760 videtur,
1140 5689 1300 5760 quasi
1322 5680 1441 5757 ejus
1461 5688 1734 5760 glossema
1754 5680 1824 5747 ab
1853 5680 2164 5745 Scholiasta

571 5754 827 5829 quapiam
860 5754 1264 5829 superadditus.

646 5826 884 5903 E'Noslri
911 5826 1043 5903 mss.
1085 5830 1137 5885 in
1170 5828 1354 5886 futuro
1400 5833 1664 5903 suscipiet.
1718 5833 1775 5889 In
1820 5832 2053 5891 ιιθιιτωο
2095 5828 2164 5888 ad

571 5899 808 5972 optantis
832 5901 1073 5974 modum,
1104 5903 1372 5976 suscipiat,
1406 5899 1581 5971 elevet,
1607 5914 1711 5960 etc.

2254 4374 2371 4429 sive
2404 4374 2616 4428 titulum
2674 4373 2923 4441 Psalmis,
2971 4373 3352 4430 liisterciensis
3397 4389 3500 4430 ms.
3538 4378 3843 4443 praeponit:

2259 4443 2505 4518 Psalmus
2520 4443 2563 4497 D
2583 4445 2685 4498 ιυὶίΙ
2706 4444 3180 4513 ﬁliorumlonatlta
3200 4448 3331 4517 (leg.
3351 4445 3623 4516 Ionadab)
3635 4447 3843 4518 prior...

2256 4520 2456 4587 captivo
2489 4516 2650 4590 (lege,
2681 4525 2728 4570 et
2752 4519 2980 4590 priorum
3003 4516 3371 4590 captivorum).
3402 4518 3482 4573 Re
3506 4516 3690 4573 autem
3720 4531 3844 4574 vera

2258 4592 2462 4643 nullum
2493 4588 2546 4643 in
2580 4590 2814 4644 Hebrum
2837 4588 3001 4644 habet
3028 4588 3115 4645 hic
3139 4589 3387 4656 psalmus
3414 4590 3655 4645 titulum.
3838 4620 3843 4625 ι

2336 4659 2353 4699 ί
2384 4660 2622 4715 Alterum
2642 4661 2909 4731 glossema
2929 4662 3030 4715 hoc
3057 4662 3278 4717 additur
3298 4662 3349 4715 in
3371 4662 3725 4720 Cistcrciensi
3751 4675 3843 4714 ms.

2258 4747 2325 4788 ex
2356 4733 2529 4787 veleri
2551 4730 2725 4788 ferme
2752 4731 3060 4788 derivatum
3090 4734 3340 4789 versione
3362 4733 3582 4800 Latius,
3610 4744 3719 4788 esto
3732 4730 3849 4786 mihi

2258 4804 2311 4857 in
2339 4802 2506 4858 Deum
2532 4814 2996 4880 protectorem,,ut,
3028 4816 3136 4880 etc.
3171 4807 3331 4880 Tum,
3378 4809 3606 4880 pracipe
3658 4804 3853 4880 saltare

2259 4892 2339 4930 me
2370 4892 2388 4930 :
2424 4875 2577 4947 aeque
2621 4877 2782 4931 bene.
2816 4876 2920 4932 Sed
2950 4888 3007 4933 et
3055 4877 3307 4949 impressi
3339 4875 3551 4934 versus
3581 4892 3691 4935 una
3732 4875 3851 4932 reti-

2262 4957 2480 5003 nentur.

2335 5019 2565 5077 iCauon
2592 5018 3047 5076 Carcassonensis
3091 5036 3215 5077 cum
3244 5021 3419 5077 tribus
3448 5021 3573 5077 aliis
3619 5033 3751 5075 mss.
3791 5016 3851 5072 Et

2260 5095 2524 5164 refugium
2554 5107 2723 5147 meum
2747 5104 2821 5146 tu.
2854 5091 2960 5149 Sed
2990 5096 3272 5149 annotatio
3307 5093 3525 5164 videtur,
3553 5089 3855 5164 scholisstis

2262 5162 2435 5219 nostri
2483 5166 2687 5232 antiqui
2741 5166 2913 5227 posita
2961 5167 3014 5221 in
3061 5181 3292 5234 corpore
3341 5162 3652 5221 temeritate
3699 5163 3856 5219 libra-

2261 5237 2488 5292 riorum.
2511 5236 2694 5293 Codex
2721 5236 3104 5317 Meminimus,
3137 5236 3202 5292 Et
3226 5237 3489 5309 refugium
3515 5253 3686 5364 anhelum
3708 5252 3759 5291 es
3781 5242 3853 5286 tu.

3608 5324 3728 5364 utr.

3608 5324 3728 5366 LB'I'.

2334 5376 2363 5417 ἰ
2390 5380 2594 5452 Regius
2629 5397 2695 5438 ac
2717 5380 3094 5439 Corbeienssis
3121 5396 3254 5438 mss.
3293 5397 3307 5435 :
3344 5376 3503 5452 DeusA
3523 5375 3784 5452 Domiuug
3797 5376 3858 5447 ﬁ-

2263 5452 2425 5508 ducia
2468 5448 2579 5510 mea
2617 5470 2637 5510 :
2668 5454 2723 5510 In
2768 5454 2993 5512 Canoue
3023 5471 3157 5512 vero
3187 5453 3437 5512 Carcass.
3468 5449 3711 5519 Domine,
3754 5448 3854 5503 Do-

2265 5525 2822 5605 mine,_et_c.Mnur._
3144 5598 3158 5605 _
3271 5597 3283 5605 ,
3482 5594 3496 5605 ,
3544 5592 3576 5605 ,η
3674 5602 3683 5605 _
3747 5591 3761 5605 .

2342 5595 2361 5636 1
2395 5589 2611 5667 Reginae
2643 5614 2744 5653 ms.
2783 5597 3018 5667 Semper,
3055 5598 3217 5665 male,
3239 5597 3284 5654 si
3315 5610 3382 5654 eo
3410 5592 3604 5661 voluit,
3631 5602 3689 5649 ut
3712 5589 3856 5648 vide-

2268 5676 2377 5736 tur,
2406 5669 2718 5739 Diapsalma
2739 5671 3026 5726 denotare.
3055 5670 3175 5727 Mox
3193 5670 3540 5726 Cistercieus.
3570 5668 3857 5738 pluresque

2268 5740 2361 5796 alii
2380 5743 2523 5814 apud
2550 5742 2773 5814 Murtian
2796 5758 2915 5811 spes
2944 5759 3056 5797 mea
3081 5742 3390 5814 fortissima.

2343 5822 2380 5852 ω
2402 5813 2529 5871 Mss.
2560 5813 2741 5886 plures
2770 5833 2784 5871 :
2818 5810 2949 5887 Spes
2972 5810 3090 5870 mea
3110 5814 3417 5887 fortissima.
3441 5810 3619 5868 Μιιιτ.
