4124 6360
247 275 250 278 ’
315 271 458 338 H89

316 393 385 447 Et
417 391 776 458 comederunt,
806 401 854 446 et
885 392 1108 447 saturati
1137 402 1256 448 sunt
1284 393 1480 450 nimis:

389 472 437 517 et
465 462 778 518 desiderium
801 481 982 519 eorum
1002 467 1176 520 attulit
1201 467 1296 520 eis.

321 533 448 590 Non
475 535 862 614 “indiguerunt
891 536 1271 614 dercupiditate
1295 554 1390 593 sua
1431 537 1508 614 [h.
1541 534 1792 593 Nondum
1817 555 1911 595 ex-

461 608 727 678 pleverunt
753 608 1063 663 desiderium
1093 608 1264 679 suum]
1299 626 1317 664 :

385 693 506 733 cum
530 680 701 733 adhuc
726 679 866 734 cibus
886 691 1014 735 esset
1036 682 1090 734 in
1116 699 1203 736 ore
1226 700 1424 737 eorum.

316 747 492 805 Furor
513 768 635 821 ergo
662 749 759 806 Dei
787 753 1016 806 ascendit
1043 769 1202 822 super
1228 770 1313 809 eos
1336 770 1356 809 :

317 888 319 890 _
385 831 436 878 el
457 824 647 896 occidit
678 825 892 896 pingues
920 841 1098 878 eorum
1117 866 1131 888 ,

387 903 434 948 et
462 893 648 951 electos
679 893 849 949 Israel
881 898 1184 952 incurvavit.

314 966 384 1022 In
410 967 646 1022 omnibus
675 967 765 1041 his,
785 980 1118 1034 peccaverunt
1148 971 1308 1041 ultra,

387 1049 434 1092 et
466 1055 568 1092 non
591 1039 920 1116 crediderunt
940 1042 1003 1116 _in
1034 1039 1352 1116 mirabilibus
1380 1045 1513 1116 ejus.

313 1109 385 1164 Et
410 1112 724 1181 consumpsit
747 1114 801 1165 in
833 1112 1060 1183 vanitate
1087 1115 1194 1169 dies
1221 1109 1426 1183 eorum,

388 1189 435 1236 et
456 1200 622 1237 annos
648 1199 823 1236 eorum
846 1182 1104 1240 velociter.

314 1253 381 1310 Si
414 1255 674 1309 occidebat
716 1272 830 1324 eos,
873 1264 995 1310 tunc
1040 1257 1333 1329 quatiebant
1377 1256 1508 1331 [ΑΙ.
1550 1257 1914 1332 requirebant]

459 1342 576 1380 eum
605 1342 624 1381 ἔ
957 1343 959 1345 ’

386 1407 434 1453 et
464 1399 927 1522 Dconvertebantur
989 1409 1038 1456 et
1103 1400 1336 1458 diluculo
1398 1402 1772 1476 consurgebant
1846 1403 1915 1458 ad

513 1487 648 1522 eum.

513 1487 648 1525 eum.

390 1541 458 1597 Et
476 1541 912 1617 recordabantur,
942 1545 1064 1614 quia
1088 1543 1226 1601 Deus
1256 1546 1507 1617 fortitudo
1536 1564 1746 1617 eorum,

389 1622 436 1689 et
467 1611 609 1667 Deus
632 1617 860 1689 excelsus
889 1611 1182 1689 redemptor
1206 1611 1386 1673 eorum
1416 1633 1510 1676 est.

316 1674 384 1741 Et
411 1685 728 1762 lactaverurst
761 1687 868 1758 [AL
897 1674 1284 1762 allectdverunt]
1313 1708 1430 1746 eum
1546 1708 1634 1747 ore
1653 1708 1767 1759 suo,

386 1768 436 1813 et
458 1759 636 1828 lingua
657 1775 751 1813 sua
779 1761 975 1814 mentiti
1003 1769 1123 1816 sunt
1149 1763 1217 1818 ei.

313 1829 418 1885 Cor
447 1840 614 1883 autem
641 1846 819 1885 eorum
847 1848 947 1886 non
975 1841 1087 1894 erat
1114 1835 1322 1899 ﬁrmant
1345 1851 1463 1890 cum
1483 1852 1542 1890 eo
1568 1851 1587 1888 :

385 1918 478 1956 nec
515 1914 906 1978 permanserunt
929 1905 981 1957 in
1013 1913 1163 1975 pacto
1189 1907 1324 1978 ejus.

313 1970 438 2044 Ipse
461 1970 575 2028 vero
606 1974 890 2033 misericors

386 2045 750 2120 propitiabitur
778 2046 1060 2120 iniquitati,
1091 2057 1141 2102 et
1171 2064 1274 2104 non
1303 2049 1564 2120 disperdet
1585 2047 1614 2088 ιι
1647 2065 1662 2105 :

313 2114 640 2188 Multumque
670 2119 847 2171 avertit
869 2120 999 2172 iram
1030 2135 1199 2185 suant,

383 2198 431 2242 et
453 2206 552 2243 non
577 2191 837 2243 suscitavit
868 2200 1032 2244 totum
1059 2191 1289 2259 furorem
1310 2207 1480 2247 suum.

317 2270 340 2300 ε
369 2260 437 2316 Et
463 2261 762 2315 recordatus
789 2271 860 2316 est
890 2263 1015 2332 quia
1033 2277 1156 2316 caro
1186 2273 1353 2318 essent
1375 2279 1394 2317 :

383 2334 596 2405 spiritus
629 2335 816 2388 vadens
845 2343 894 2388 et
920 2350 1022 2388 non
1045 2345 1315 2390 revertens.

315 2404 524 2474 Quoties
556 2415 957 2476 prouocauerunt
979 2422 1098 2460 eum
1122 2407 1173 2460 in
1195 2406 1397 2462 deserto
1419 2423 1442 2461 .°

381 2478 690 2547 afﬂixerunt
713 2493 829 2542 eum
854 2477 909 2530 in
934 2478 1216 2532 soiitudine
1237 2494 1256 2532 :

308 2546 379 2603 Et
407 2546 631 2603 canversi
654 2560 796 2613 sunt,
829 2558 876 2602 et
903 2558 1217 2604 tentaveruut
1243 2548 1433 2617 Deum,

380 2630 428 2674 et
453 2631 690 2675 sanctum
719 2619 891 2676 Israel
919 2623 1332 2688 concitaverunt,

309 2691 363 2746 Ν
369 2707 434 2766 an
461 2703 583 2766 sunt
607 2693 865 2766 recordati
892 2709 1072 2747 manus
1096 2696 1210 2766 ejus
1229 2710 1249 2748 .°

381 2763 469 2836 die
499 2765 610 2836 [ΑΙἶ
643 2764 765 2835 dieij
795 2781 896 2836 qua
925 2763 1142 2819 redemit
1168 2781 1254 2820 eos
1285 2765 1348 2818 de
1369 2763 1665 2821 tribulante.

312 2835 414 2902 Qui
443 2834 562 2904 fecit
593 2835 669 2908 [h.
705 2834 898 2908 posuit]
928 2837 982 2890 in
1012 2836 1244 2908 rEgypto
1275 2838 1426 2908 signa
1455 2853 1582 2906 sua,

379 2917 428 2960 et
448 2916 648 2961 ostenta
674 2924 768 2961 sua
793 2909 844 2962 in
867 2909 1074 2978 regione
1106 2909 1327 2963 Taneos.

312 2977 415 3043 Qui
441 2980 677 3032 convertit
702 2980 755 3032 in
782 2977 1087 3050 sanguinem
1109 2981 1296 3048 fluvios
1317 2979 1345 3015 ά
1368 2995 1548 3034 eorum
1565 3023 1580 3049 ,

379 3058 428 3103 et
450 3050 586 3105 rivos
617 3067 812 3118 eorum,
844 3061 900 3104 ut
933 3069 1034 3105 non
1065 3052 1310 3106 biberent.

311 3119 414 3188 Qui
438 3121 649 3177 immisit
677 3123 732 3176 in
760 3138 846 3178 eos
871 3138 1022 3178 omne
1046 3141 1204 3197 genus
1226 3126 1547 3197 muscarum,
1581 3133 1635 3180 ut
1668 3127 1907 3186 comede-

449 3203 564 3248 rent
591 3211 678 3249 eos
693 3235 709 3260 ,

379 3273 426 3319 et
450 3281 629 3329 ranas,
660 3275 713 3319 ut
741 3266 1098 3335 disperderent
1120 3285 1224 3324 eos.

310 3335 410 3403 Qui
438 3336 579 3408 dedit
602 3337 794 3392 brucho
823 3354 1027 3408 germen
1055 3356 1251 3408 eorum,

380 3416 428 3462 et
452 3406 679 3462 laborem
709 3406 885 3463 eorum
913 3411 1147 3467 locustaz.

311 3480 411 3545 Qui
438 3481 625 3534 occidit
655 3481 706 3534 in
733 3483 987 3552 grandine
1012 3484 1184 3538 vineas
1207 3501 1407 3554 eorum,

375 3560 426 3628 et
445 3568 737 3628 sycoriroi'os
759 3569 934 3628 eorum
955 3555 1011 3607 in
1039 3557 1250 3628 frigore.

311 3622 413 3690 Qui
439 3622 656 3698 tradidit
684 3625 927 3698 grandini
949 3622 1145 3696 pascuu
1170 3645 1378 3695 eorum,

376 3705 423 3774 et
436 3695 876 3774 jumenta'eorum
903 3695 1189 3774 volucribus
1221 3700 1298 3774 [_h.
1326 3699 1596 3774 diabolis].

309 3765 413 3840 Qui
438 3765 576 3821 misit
604 3769 656 3820 in
676 3783 763 3821 eos
786 3772 919 3822 iram
949 3773 1141 3840 furoris
1164 3765 1247 3825 sui
1278 3787 1296 3830 ε

377 3839 808 3919 indignationem,
843 3852 890 3894 et
911 3839 1387 3919 commutationem,
1412 3853 1459 3900 et
1480 3845 1772 3919 angustiam
1798 3861 1837 3909 ε,

375 3912 739 3982 immissionem
771 3913 1072 3982 angelorum
1099 3915 1376 3970 malorum.

305 3979 531 4037 ﬂunivit
553 3991 576 4019 ο
606 3979 1036 4054 εετηὶιαιηγιιτωὶ
1057 4001 1176 4054 suo,

379 4070 481 4108 non
515 4054 736 4121 pepercit
767 4070 798 4107 a
828 4068 990 4111 morte
1018 4059 1207 4112 anima:
1235 4075 1415 4113 eorum
1439 4075 1459 4113 :

376 4131 426 4180 tl
445 4125 729 4180 animantia
758 4142 933 4180 eorum
961 4129 1090 4200 pesti
1120 4131 1354 4185 tradidit.

307 4195 375 4252 Et
399 4200 647 4277 percussit
674 4213 824 4252 omne
853 4195 1256 4277 primogenitum
1277 4203 1330 4277 in
1363 4201 1597 4277 ﬁgi/pta
1627 4218 1647 4277 ς

377 4271 687 4346 principium
716 4281 895 4341 partus
918 4271 1238 4346 [h.doloris]
1269 4276 1321 4329 in
1344 4271 1692 4332 tabernaculis
1714 4274 1896 4336 Cham.

306 4341 372 4397 Et
403 4341 520 4416 tulit
543 4343 678 4416 velut
705 4359 818 4398 oves
847 4341 1096 4416 populum
1117 4341 1290 4412 suum,

375 4421 425 4467 et
454 4415 662 4467 minavit
691 4430 779 4468 eos
805 4415 933 4470 sicut
955 4433 1160 4490 gregem
1185 4420 1237 4472 in
1269 4417 1494 4475 deserto.

302 4554 438 4616 gunt
466 4546 730 4601 chraice
753 4559 836 4602 est
863 4559 1064 4612 τιτι-ιβ,
1101 4560 1155 4604 et
1181 4535 1508 4611 immaturi.

379 4617 638 4690 {Totum
668 4618 812 4690 istud
845 4621 1002 4690 colon
1033 4621 1134 4673 hoc
1163 4625 1323 4675 modo
1349 4627 1585 4690 positum
1621 4623 1898 4680 invenitur

302 4687 358 4744 in
391 4687 649 4744 Vaticano
678 4689 865 4743 codice
900 4707 912 4760 ς
947 4688 1197 4743 Nondum
1228 4687 1558 4760 expleverunt
1586 4695 1896 4750 desiderium

302 4777 476 4826 suum,
505 4777 621 4814 cum
647 4760 818 4814 adhuc
849 4759 990 4814 cibus
1020 4776 1196 4814 eorum
1227 4759 1399 4816 inore
1424 4780 1618 4817 eorum.
1654 4765 1896 4820 Priorem

295 4831 467 4905 igitur
485 4847 702 4905 versum
735 4833 786 4886 in
817 4832 1024 4887 scliolio
1043 4833 1324 4901 marginaii
1349 4835 1564 4905 reliquit
1587 4838 1898 4904 exscriptor

301 4901 540 4959 Cunonis
583 4904 1030 4959 Carcassnnensis
1062 4945 1076 4969 ,
1132 4901 1484 4972 posteriorem
1511 4924 1640 4962 vero
1667 4909 1718 4962 in
1768 4901 1899 4964 con-

302 4983 506 5030 testum
542 4975 763 5030 invexit.
791 4975 1004 5045 Canon}
1028 4974 1556 5034 San-Germnnensis
1583 4995 1704 5036 cum
1733 4988 1897 5036 caete-

303 5048 378 5102 ris
407 5063 538 5103 mss.
561 5048 862 5112 codicibus,
915 5047 1082 5118 Hegio
1104 5049 1336 5116 scilicet,
1367 5048 1682 5108 Corbciensi
1710 5095 1725 5118 ,
1761 5054 1894 5108 Cur-

300 5122 537 5195 nntensi,
595 5125 651 5173 et
692 5120 991 5195 Snrbonicu
1025 5163 1038 5186 ,
1081 5135 1268 5187 puram
1329 5123 1525 5178 retinet
1579 5125 1891 5195 Hieronymi

298 5190 585 5246 iecrionem
633 5206 796 5261 quain
845 5192 1113 5248 edidimus
1144 5237 1159 5262 ,
1201 5201 1257 5248 et
1309 5207 1433 5249 cum
1477 5196 1561 5251 liis
1594 5190 1891 5252 concordat

297 5262 673 5318 Menimianus.
704 5263 882 5318 Msnr.

370 5335 396 5374 ι)
435 5335 654 5409 Videtur
697 5335 754 5391 S.
791 5339 948 5409 Pater
994 5335 1080 5391 hic
1117 5351 1204 5390 eos
1243 5352 1554 5409 pronomen
1575 5338 1882 5408 addidisse,

295 5407 375 5463 sic
401 5409 548 5482 enin!
568 5408 790 5463 Sunnius
815 5423 878 5482 ac
907 5407 1136 5482 Fretelze
1164 5407 1458 5482 respondet
1482 5429 1494 5465 :
1526 5408 1712 5464 Dicitis
1741 5412 1883 5482 quod

295 5495 410 5545 eos,
433 5481 488 5533 in
507 5479 688 5534 erco
710 5495 811 5533 non
841 5480 1054 5547 habeat,
1084 5481 1222 5550 quod
1245 5491 1289 5534 et
1317 5497 1494 5536 verum
1514 5491 1587 5537 est
1607 5499 1626 5549 ;
1655 5479 1880 5548 sed'uos,

295 5567 360 5604 ne
378 5555 628 5627 sententia
659 5550 1192 5627 pendeut__,_Lat_in_um
1222 5568 1505 5627 sermonem
1525 5571 1618 5609 sua
1646 5559 1884 5627 proprie-

294 5631 398 5678 tate
439 5625 822 5697 complevitnus.
870 5623 983 5697 Nisi
1014 5623 1057 5678 si
1081 5624 1148 5697 de
1178 5626 1293 5697 sola
1325 5625 1401 5681 ibi
1442 5623 1884 5697 interpretatione

293 5708 390 5750 sua
417 5711 482 5766 ex
509 5696 697 5751 Grmco
731 5696 995 5763 putandus
1020 5703 1105 5749 est.
1126 5694 1295 5766 loqui.

370 5775 392 5838 ς
419 5765 476 5820 ln
507 5768 853 5824 Cisterciens.
881 5785 982 5824 ins.
1016 5768 1105 5822 sed
1129 5765 1458 5838 recordatus,
1490 5779 1596 5826 etc.

293 5874 303 5911 ι
367 5836 396 5874 ά
444 5839 747 5898 Pronomen
805 5858 980 5898 eorum
995 5884 1010 5914 ,
1064 5841 1118 5898 in
1147 5836 1497 5900 Cisterciensi
1544 5859 1645 5901 ius.
1697 5850 1879 5900 tacet:

1627 271 1835 332 LIBER
1877 272 2311 334 PSALMORUM.

1939 404 1983 461 Λ
2017 397 2081 453 Et
2110 397 2288 451 eduxit
2314 412 2398 451 eos
2427 411 2542 449 cum
2571 393 2765 465 fiducia
2789 403 2835 450 et
2864 393 3053 466 absque
3081 393 3295 451 timore:

3474 275 3614 336 1190

2089 471 2325 522 inimicos
2347 477 2516 522 autem
2539 484 2717 540 eorum
2746 469 2944 540 operuit
2969 483 3134 522 mare.

2019 539 2086 595 Et
2115 541 2336 594 adduxit
2365 557 2449 594 eos
2479 539 2545 594 ad
2576 539 2851 593 terminum
2879 539 3258 610 sanctiﬁcatum
3279 540 3477 602 suumI,‘

2091 623 2312 665 montem
2343 615 2518 677 istum,
2553 628 2702 682 quem
2733 610 2750 649 τ
2774 612 3006 683 possedit
3027 613 3239 667 dextera
3268 615 3403 685 ejus.

2020 683 2087 738 Et
2109 685 2259 756 ejecit
2287 701 2317 736 a
2339 684 2478 756 facie
2506 699 2686 737 eorum
2708 693 2882 753 gentes
2905 699 2925 738 :

2090 755 2140 808 et
2170 755 2433 824 possidere
2453 771 2539 809 cos
2562 757 2684 826 fecit
2709 757 2763 808 in
2791 757 3024 819 funiculo
3052 756 3426 812 hereditatem.

2091 838 2136 883 et
2157 826 2429 881 collocavit
2461 828 2515 880 in
2538 826 2888 882 tabernaculis
2918 844 3097 882 eorum
3127 828 3290 883 tribus
3320 826 3515 883 Israel.

2019 897 2088 953 Et
2115 909 2454 964 tentaverunt,
2481 909 2527 952 et
2551 909 2950 970 prouocaret-unt
2980 899 3146 956 Deum
3173 898 3432 956 excelsunt
3459 914 3480 954 :

2090 980 2138 1026 et
2162 971 2451 1026 testimonia
2475 973 2587 1043 ejus
2614 986 2718 1024 non
2742 972 3118 1027 custodierunt.

2018 1041 2089 1096 Et
2120 1043 2311 1097 reuersi
2338 1054 2458 1116 sunt
2485 1041 2532 1096 et
2565 1044 2887 1110 praevaricati
2907 1055 3027 1098 sunt
3053 1053 3107 1099 ut
3129 1051 3302 1116 patres
3333 1059 3510 1099 eorum
3531 1058 3553 1098 ς

2091 1115 2345 1169 incurvati
2376 1125 2494 1168 sunt
2520 1118 2670 1185 quasi
2695 1130 2846 1169 arcus
2874 1116 3093 1171 inutilis.

2019 1185 2088 1241 Et
2119 1196 2520 1256 prouocauerunt
2547 1201 2661 1239 eum
2688 1187 2740 1240 in
2772 1187 2988 1241 excelsis
3014 1189 3144 1252 suis,

2091 1272 2139 1314 et
2181 1259 2231 1311 in
2267 1256 2595 1330 sculptilibus
2629 1259 2740 1312 suis
2768 1258 2836 1312 ad
2859 1258 3218 1315 a'ntulandum
3246 1276 3362 1316 eum
3392 1258 3624 1316 concita-

2160 1337 2360 1384 verunt.

2021 1401 2230 1457 Audirit
2261 1402 2423 1470 Deus,
2452 1411 2498 1456 et
2532 1419 2633 1457 non
2667 1402 2916 1458 distulit:

2089 1484 2140 1529 et
2165 1475 2380 1545 projecit
2407 1473 2723 1530 vehementer
2745 1474 2934 1530 Israel.

2020 1543 2090 1599 Et
2117 1543 2322 1616 reliquit
2345 1546 2730 1601 tabernaculum
2754 1546 2870 1602 Silo
2893 1563 2911 1601 :

2090 1620 2366 1672 tentorium
2387 1619 2524 1689 quod
2551 1618 2820 1672 cotlocavit
2845 1620 2978 1673 inter
3001 1616 3256 1674 homines.

2025 1688 2089 1743 Et
2113 1691 2324 1744 tradidit
2348 1688 2407 1745 in,
2421 1692 2769 1760 captivitatem
2795 1700 2819 1737 ε
2849 1692 3085 1746 virtutem
3105 1709 3275 1760 suam,

2090 1773 2138 1815 et
2168 1764 2398 1816 decorem
2421 1779 2570 1817 suum
2599 1764 2653 1816 in
2685 1779 2840 1816 manu
2866 1762 3050 1817 hostis.

1939 1807 1990 1869 Β
2016 1807 2444 1888 ιῑίὲοὶὶὲῐῖιὲῖῖἒιῖ
2452 1807 2653 1904 ’έιῖᾶἇίῖ
2666 1807 2929 1906 sunt};
2937 1807 3117 1901 ἱὶὶῖιὶη,

2086 1914 2133 1959 et
2160 1906 2210 1957 in
2236 1906 2590 1959 [nereditatem
2613 1923 2759 1960 suam.
2790 1923 2892 1959 non
2919 1907 3141 1961 distulit.

2014 1973 2236 2030 Iuvenes
2265 1978 2374 2047 ejus
2404 1977 2662 2030 devoravit
2691 1975 2856 2048 ignis,

2088 2057 2134 2101 et
2164 2049 2384 2120 virgines
2413 2050 2527 2120 ejus
2553 2064 2702 2102 nemo
2731 2051 2888 2103 luxit.

2016 2119 2325 2191 Sacerdotes
2351 2119 2462 2191 ejus
2487 2121 2540 2174 in
2569 2120 2747 2191 gladio
2769 2120 3088 2189 ceciderunt,

2088 2201 2135 2246 et
2162 2189 2190 2266 il
2220 2189 2390 2266 vidua’
2417 2195 2532 2266 ejus
2554 2189 2658 2246 non
2679 2202 2797 2248 sunt
2822 2195 2980 2266 flette.

2018 2262 2084 2317 Et
2108 2265 2363 2335 evigilavit
2385 2262 2532 2335 quasi
2555 2262 3098 2319 dorniiens'Dominus
3134 2279 3154 2318 :

2085 2338 2238 2406 quasi
2264 2338 2416 2406 fortis
2453 2346 2566 2403 post
2595 2338 2861 2409 crapulam
2887 2336 3008 2390 vini.

2016 2406 2082 2461 Et
2121 2409 2370 2478 percussit
2401 2409 2569 2462 hostes
2590 2406 2709 2462 suos
2731 2419 3057 2478 retrorsum:

2089 2476 2419 2550 opprobrium
2441 2480 2803 2550 sempiternum
2831 2479 2972 2532 dedit
3015 2476 3028 2516 ί
3064 2478 3158 2534 eis.

2013 2547 2084 2604 Et
2113 2547 2327 2622 projeeit
2353 2547 2740 2622 tabernaculum
2763 2549 2980 2621 Ioseph,

2085 2632 2131 2676 et
2163 2621 2354 2676 trib-um
2383 2621 2642 2694 Ephraim
2663 2639 2766 2678 non
2795 2623 2972 2694 elegit.

2015 2691 2122 2749 Sed
2145 2693 2294 2764 elegit
2324 2694 2514 2748 tribum
2538 2692 2684 2748 Juda
2707 2737 2721 2758 ,

2085 2777 2306 2819 montem
2330 2765 2463 2822 Sion
2490 2783 2638 2831 quem
2669 2765 2872 2820 dilexit.

2013 2834 2082 2890 Et
2110 2837 2390 2916 aediﬁcavit
2419 2839 2470 2892 in
2495 2836 2842 2916 similitudine
2869 2839 3212 2896 monocerotis
3245 2837 3358 2916 [ΑΙ.
3381 2852 3619 2894 monoce—

2153 2907 2325 2981 roton]
2357 2910 2712 2964 sanctuarium
2737 2927 2889 2964 suum
2913 2925 2930 2963 :
3245 2907 3265 2916 ”

2088 2982 2103 3030 1
2143 2983 2293 3050 quasi
2321 2993 2510 3036 terram
2531 2982 2770 3048 fundavit
2800 2981 2934 3038 illud
2963 2982 3016 3038 in
3043 2983 3313 3040 saeculum.

2015 3048 2080 3105 Et
2109 3048 2261 3124 elegit
2293 3053 2462 3108 David
2491 3069 2693 3108 servum
2717 3070 2893 3119 suum,

2082 3135 2130 3178 et
2151 3125 2267 3178 tulit
2295 3142 2409 3178 eum
2430 3126 2494 3179 de
2519 3127 2758 3196 gregibus
2780 3127 2967 3182 ovium.

1934 3213 1980 3278 α
2013 3193 2322 3278 Sequentrm
2350 3197 2481 3278 fetas
2501 3193 2726 3278 adduxit
2753 3214 2889 3263 eum,

2085 3277 2404 3346 ut-pasccret
2429 3267 2460 3346 ιιι
2494 3269 2547 3322 in
2573 3267 2733 3346 Iacob
2761 3269 3008 3346 populum
3040 3274 3178 3346 ejus,

2081 3349 2129 3394 et
2151 3341 2203 3394 in
2227 3337 2397 3394 Israel
2419 3337 2772 3396 hteretlitatcm
2794 3345 2924 3411 ejus.

2015 3413 2118 3482 Qui
2149 3414 2286 3484 pavit
2317 3429 2401 3466 eos
2426 3413 2478 3466 in
2510 3412 2839 3484 simplicitate
2865 3413 3034 3467 cordis
3051 3414 3154 3482 sui,

2083 3496 2130 3538 et
2155 3485 2209 3538 in
2243 3481 2258 3522 ¹
2295 3484 2572 3555 prudentia
2603 3481 2849 3539 manuum
2881 3501 3094 3540 suarum
3116 3481 3224 3540 dux
3249 3500 3424 3540 eorum
3457 3483 3578 3558 fuit.

2369 3613 2633 3656 CANTICUI
2668 3597 2743 3671 [h.
2782 3594 3039 3670 psswus]
3069 3613 3256 3656 sssru.

2011 3691 2313 3766 [ιΧΧιΧ.
2345 3691 2363 3766 ~|
2400 3694 2593 3765 lDeus,
2645 3701 2888 3749 venerunt
2943 3703 3116 3766 gentes
3163 3695 3217 3749 in
3262 3691 3618 3750 luereditatem

2155 3775 2293 3820 tuam

2080 3811 2654 3910 polluerunttemplum
2679 3849 2916 3893 sanctum
2948 3847 3093 3910 tuum
3122 3853 3142 3892 :

2081 3906 2732 3979 posueruntlerusalemiu
2753 3926 2963 3964 acervos
2984 3909 3092 3982 [ΑΙ.
3119 3906 3337 3982 acervis]
3359 3907 3616 3982 lapidum.

2010 3981 2280 4038 Dederuut
2307 3983 2561 4036 cadavera
2590 3999 2854 4036 servorum
2887 3981 3093 4036 tuorum

2080 4069 2250 4112 escam
2277 4054 2386 4126 [AL
2417 4052 2580 4125 escas]
2608 4053 2900 4126 volatilibus
2927 4056 3049 4126 cteli
3072 4070 3090 4108 :

2079 4142 2262 4180 carnes
2279 4122 2598 4182 "sanctorum
2639 4125 2717 4199 [h.
2751 4122 3186 4198 misericordium]
3214 4134 3417 4181 tuorum
3445 4123 3619 4180 bestiis

2153 4207 2325 4254 terrae.

2153 4214 2325 4254 tet-rte.

2010 4269 2330 4338 Effuderunt
2354 4272 2658 4342 sanguinem
2684 4285 2860 4342 eoru_m

2080 4344 2230 4415 quasi
2255 4339 2515 4413 aquamin
2547 4342 2764 4415 circuitu
2783 4339 3102 4409 Jerusalem,

2081 4412 2128 4470 et
2158 4432 2264 4470 non
2293 4412 2402 4469 erat
2430 4415 2518 4484 qui
2543 4412 2800 4482 sepeliret.

1926 4562 1982 4624 Ι)
2007 4549 2170 4620 paulo
2219 4556 2380 4619 post,
2428 4545 2570 4601 misit
2607 4546 2682 4599 eis
2716 4561 2813 4615 pro
2841 4543 2928 4614 qui
2964 4543 3176 4598 immisit
3213 4543 3269 4598 in
3309 4558 3431 4610 eos,
3473 4542 3610 4616 legi-

2007 4632 2271 4748 ωῗιάθηι
2322 4704 2424 4745 ms.
2455 4689 2688 4744 semitam
2716 4689 2910 4759 furoris
2938 4687 3048 4755 tui,
3080 4695 3134 4743 et
3161 4686 3392 4759 pepercit
3423 4688 3604 4759 morti,

2001 4774 2108 4874 etcf.
2135 4833 2266 4890 Vide
2311 4847 2438 4903 quae
2472 4831 2631 4887 nobis
2671 4833 2736 4888 ad
2771 4831 2913 4886 hunc
2966 4831 3141 4886 locum
3169 4831 3222 4886 in
3273 4830 3504 4900 epistola
3532 4829 3601 4888 ad

1999 4907 2263 4962 Sunnium
2308 4902 2365 4961 et
2403 4902 2672 4960 Fretelam
2714 4905 2999 4959 observata
3047 4911 3190 4958 sunt.
3235 4902 3604 4971 Conjectura,

2000 4995 2160 5050 quam
2193 4979 2258 5034 ad
2299 4977 2659 5050 supplendum
2693 4975 2766 5030 ibi
2805 4975 2862 5031 S.
2900 4975 3078 5050 Putris
3109 4983 3313 5050 textum
3345 4977 3607 5050 proponi-

1999 5046 2120 5106 mus
2148 5068 2216 5107 ex
2244 5051 2344 5106 hac
2373 5046 2592 5104 Videtur
2620 5046 3072 5118 interpretatione
3101 5047 3490 5101 verosimtlior.

2067 5134 2094 5201 β
2128 5124 2306 5201 Diost'ri
2340 5137 2472 5177 mss.
2495 5121 3024 5201 gloriam-suampro
3051 5119 3324 5201 virtutem,
3359 5126 3463 5173 etc.

2065 5191 2093 5232 ¹ι
2133 5195 2377 5262 Quatuor
2405 5189 2534 5247 mss.
2567 5192 2789 5248 scholiis
2817 5191 2991 5264 vitiati
3026 5232 3041 5256 ,
3075 5189 3143 5244 Et
3171 5191 3342 5246 vidute
3385 5206 3601 5264 eorum,

1992 5267 2078 5323 vel
2097 5270 2213 5334 ejus
2241 5309 2255 5330 ,
2289 5283 2391 5320 non
2419 5265 2770 5337 ploraverunt.
2806 5263 2984 5337 MART.

2069 5337 2085 5410 ἰ
2118 5339 2338 5410 Regium
2372 5335 2502 5391 mss.
2532 5335 2677 5389 dedit
2706 5352 2793 5391 eos
2820 5350 2913 5402 pro
2935 5335 3032 5388 eis.

2063 5409 2078 5461 i
2116 5403 2352 5466 Pretium
2389 5410 2476 5462 hic
2504 5422 2722 5478 quoque
2759 5411 2866 5478 erit
2907 5419 3088 5476 opem
3116 5404 3176 5461 S.
3208 5403 3503 5461 Doctorem
3532 5405 3602 5460 de

1990 5481 2155 5552 hujus
2195 5483 2298 5537 loci
2350 5477 2803 5549 interpretatione
2839 5477 3202 5552 disserentem
3255 5478 3307 5531 in
3339 5481 3506 5552 epist.
3533 5478 3600 5552 ad

1988 5547 2252 5610 Subnium
2282 5566 2337 5610 et
2360 5547 2627 5608 Fretélam
2658 5551 2878 5616 audire,
2905 5564 3026 5603 cum
3053 5547 3186 5602 nihil
3219 5558 3403 5606 tamen
3434 5549 3511 5605 ibi
3533 5549 3602 5604 de

1992 5627 2239 5681 versione
2265 5641 2360 5681 sua
2391 5627 2490 5680 ἰείη
2518 5639 2582 5678 ex
2617 5623 2891 5677 Hebraico
2912 5621 3078 5675 dicat.

2060 5695 2088 5736 κ
2116 5700 2250 5754 Tres
2277 5712 2434 5765 mss.,
2467 5705 2692 5765 pasceret
2717 5693 2950 5764 Iacob...
2983 5703 3031 5746 et
3061 5690 3235 5746 Israel
3255 5732 3272 5758 ,
3312 5693 3519 5763 absque
3549 5692 3604 5747 in

1988 5784 2396 5842 prteposnione.

2065 5841 2083 5883 ι
2127 5843 2389 5900 Observat
2428 5840 2486 5898 S.
2523 5839 2888 5912 Hieronymus
2917 5839 2972 5895 in
3012 5835 3174 5907 epist.
3207 5833 3277 5892 ad
3309 5835 3516 5915 .Suun.
3549 5845 3606 5893 et
