4124 6360
328 280 466 343 1195

390 398 732 456 ambulabunt
754 399 809 457 in
832 398 1065 455 consiliis
1091 396 1223 454 suis.

324 470 540 545 Utinam
566 472 788 545 populus
816 488 955 545 meus
984 471 1218 545 audisset
1246 483 1327 524 me
1357 483 1376 523 :

394 542 643 599 Israel'in
670 544 765 598 viis
795 543 920 597 meis
946 543 1279 598 ambulasset.

322 615 486 682 Quasi
512 615 736 671 nihilum
764 616 1004 670 inimicos
1032 618 1145 688 ejus
1172 614 1549 685 humiliassem,

392 696 438 741 et
457 704 610 759 super
631 687 801 759 hostes
826 703 1002 740 eorum
1023 686 1281 759 vertissent
1309 703 1516 739 manum
1549 700 1740 739 meam.

325 757 427 826 Qui
448 757 665 813 oderunt
696 758 1002 826 Dominum,
1036 758 1294 830 negabunt
1324 774 1439 811 eum
1472 776 1485 813 :

392 840 438 884 et
460 831 555 885 erit
587 840 786 899 tempus
809 846 982 884 eorum
1011 832 1063 884 in
1089 828 1358 884 sreculum.

323 899 389 957 Et
412 901 599 956 cibavit
622 912 648 937 τι
671 919 755 972 eos
784 917 848 956 ex
874 902 1026 971 adipe
1050 902 1315 972 frumenti,

393 981 439 1026 et
470 974 533 1027 de
552 984 699 1044 petra
723 971 747 1010 δ
772 972 922 1028 melle
943 971 1196 1028 saturavit
1229 988 1335 1027 eos.

663 1056 932 1132 esuriem:
968 1074 1048 1149 [h.
1080 1074 1339 1148 PSALMUS]
1366 1091 1557 1133 ASAPII.

330 1177 677 1253 [LXXXIL]
704 1180 842 1236 Deus
877 1182 1019 1236 stetit
1052 1183 1107 1238 in
1136 1190 1267 1239 coetu
1306 1180 1406 1237 Dei
1432 1197 1454 1237 :

398 1253 453 1305 in
492 1253 660 1307 medio
688 1254 807 1307 deos
827 1254 1058 1325 judicat.

329 1320 607 1397 Usque-quo
627 1320 881 1397 judicat'is
904 1326 1246 1397 iniquitatem,

394 1403 453 1473 e_t_
468 1396 635 1467 facies
652 1396 933 1473 impiorum
952 1396 1240 1473 suscipitis.
1264 1401 1501 1459 SEIIPER.

323 1463 568 1521 Iudicate
595 1463 813 1539 pauperi
838 1477 885 1523 et
910 1463 1133 1539 pupillo,

394 1547 633 1613 egeno_et
654 1539 797 1609 inopi
826 1550 848 1578 α
870 1543 1017 1612 juste
1045 1544 1219 1613 facite.

327 1606 538 1684 Saluate
562 1606 843 1684 imperitet
870 1606 1152 1684 pauperem
1175 1632 1195 1670 :

396 1680 461 1735 de
485 1696 639 1735 manu
652 1680 938 1752 impiorum
965 1680 1199 1742 liberate.

325 1750 453 1830 Non
475 1750 927 1830 cognoscunt,_ne_c
953 1754 1274 1830 intelligunt,

397 1825 452 1878 in
480 1824 697 1880 tenebris
723 1824 989 1880 ambulant
1017 1846 1035 1884 :

396 1897 733 1969 movebuntur
755 1898 930 1951 omnia
948 1900 1286 1969 fundamenta
1310 1908 1475 1957 term.

326 1964 443 2039 Ego
463 1968 600 2039 dixi,
624 1968 701 2022 dii
728 1968 848 2023 estis
870 1964 979 2039 vos,

399 2049 449 2093 et
477 2038 578 2109 ﬁlii
606 2040 793 2095 excelsi
823 2038 995 2097 omnes
1019 2040 1046 2080 ά
1075 2060 1184 2099 vos.

326 2107 640 2181 Ergo-quasi
665 2111 833 2165 Adam
861 2116 1170 2179 moriemini,

396 2192 443 2235 et
473 2182 621 2258 qua_si
647 2198 780 2238 unus
808 2184 871 2258 de
901 2186 1224 2258 principibus
1254 2188 1473 2243 cadetis.

328 2250 518 2324 Surge,
545 2251 707 2327 Deus,
730 2250 919 2327 judica
946 2250 1133 2312 terram
1162 2275 1181 2313 :

399 2325 647 2396 quoniam
680 2334 704 2363 θ
732 2325 788 2381 iu
815 2326 1146 2384 haereditabis
1163 2331 1217 2385 in
1241 2346 1416 2387 omnes
1442 2338 1634 2404 gentes.

783 2455 1050 2498 CANTICUII
1076 2455 1265 2499 PSALMI
1295 2456 1483 2499 ASAPH.

330 2544 711 2625 [LXXXIIL]
740 2549 904 2618 Deus,
928 2569 991 2625 ne
1017 2550 1035 2590 ε
1067 2560 1238 2609 taceas
1266 2554 1378 2622 tibi,
1407 2570 1471 2608 ne
1494 2552 1670 2608 sileas.

407 2631 431 2669 ε
461 2633 510 2676 et
539 2639 641 2678 non
670 2621 923 2691 q'uiescas,
957 2621 1118 2679 Deus.

337 2693 480 2761 Quia
498 2709 613 2749 ecce
632 2695 829 2767 inimici
853 2697 927 2749 tui
948 2697 1254 2752 tumultuati
1282 2704 1425 2767 sunt,

404 2773 452 2819 et
478 2766 566 2836 qui
582 2766 885 2840 oderuntte,
909 2767 1202 2822 levaverunt
1237 2768 1346 2840 [AL
1376 2763 1720 2838 elevaverunt]
1745 2774 1923 2838 caput,

338 2835 533 2909 Contra
559 2838 809 2909 populum
840 2849 985 2891 tuum
1012 2835 1634 2905 nequiter'tractaverunt,

405 2917 453 2962 et
483 2908 711 2963 inierunt
735 2910 1010 2964 consilium
1034 2911 1282 2965 adversus
1305 2926 1552 2964 arcanum
1587 2918 1752 2963 tuum.

337 2977 616 3047 Dixerunt,
644 2981 807 3054 penite
834 2995 852 3034 :
879 2990 928 3036 et
957 2992 1281 3054 conteramus
1309 2998 1396 3054 eos
1428 2981 1490 3054 de
1512 2992 1682 3054 gente,

408 3061 456 3105 et
478 3066 581 3104 non
610 3052 672 3105 sit
696 3054 944 3107 memoria
973 3053 1192 3107 nominis
1221 3050 1393 3106 Israel
1425 3050 1583 3107 ultra.

342 3121 600 3190 Quoniam
631 3131 977 3195 tractaverunt
1007 3121 1036 3161 h
1058 3125 1210 3177 corde
1241 3125 1437 3195 pariter
1466 3139 1485 3178 :

411 3202 589 3266 contra
616 3204 664 3266 te
706 3194 869 3266 fmdus
895 3196 1219 3266 pepigerunt.

338 3263 970 3321 Tabernacularldumt’ete
995 3263 1039 3321 et
1064 3265 1456 3322 Ismaelitarunt

342 3335 503 3407 {loab
528 3346 577 3390 et
603 3336 846 3407 Agareni.

341 3404 507 3461 Gebal
534 3418 580 3462 et
609 3404 828 3464 Ammon
848 3419 898 3464 et
922 3409 1132 3465 Amalec
1161 3426 1179 3465 .'

411 3476 700 3553 Palaestina
727 3496 843 3535 cum
874 3481 1245 3553 habitatoribus
1277 3482 1423 3553 Tyri.

343 3548 453 3625 Sed
481 3562 538 3625 et
560 3551 891 3625 Assur‘venit
915 3550 992 3625 [h.
1023 3552 1216 3622 iunxit]
1238 3548 1355 3625 cum
1377 3554 1449 3608 eis
1480 3568 1499 3606 .·

415 3621 541 3692 facti
569 3634 687 3678 sunt
718 3621 983 3678 brachium
1007 3621 1235 3694 filiorum
1264 3624 1383 3687 Lot.
1415 3625 1657 3681 Saurea.

345 3690 455 3747 Fac
486 3694 591 3748 illis
618 3696 749 3751 sicut
778 3690 1017 3762 Madian,

415 3767 549 3838 sicut
580 3766 686 3838 [ΑΙ.
719 3764 787 3837 et]
820 3766 1035 3838 S_isar_a:,
1063 3768 1195 3823 sicut
1228 3768 1387 3823 Jabin
1421 3769 1475 3823 in
1501 3775 1727 3823 torrente
1755 3766 1930 3822 (iisan.

346 3834 715 3892 Contriti'sunt
746 3834 799 3892 in
826 3836 1053 3892 En-Dor
1086 3854 1106 3893 :

420 3912 633 3979 fuerunt
653 3910 805 3977 quasi
825 3910 1201 3979 sterquilinium
1225 3919 1395 3967 terrae.

348 3977 495 4035 Pone
526 3980 635 4053 [ΑΙ.
665 3977 1031 4053 pones]_duces
1056 3998 1239 4053 eorum,
1262 3985 1394 4036 sicut
1424 3982 1579 4048 Oreb,
1609 3992 1656 4036 et
1678 3981 1802 4049 Zeb,

419 4050 551 4107 sicut
582 4052 691 4123 [ΑΙ.
734 4050 1014 4124 et'JVZebee,
1048 4061 1095 4107 et
1142 4052 1401 4109 Salmnna
1450 4070 1625 4112 omnes
1677 4054 1937 4127 principes

490 4139 669 4178 eorum

352 4194 454 4263 Qui
478 4194 744 4262 dixerunt,
768 4196 1122 4265 possideamus
1151 4197 1299 4254 nobis

420 4265 857 4338 pulchritudinem
879 4268 998 4325 Dei.

424 4394 451 4423 ⁸
489 4386 675 4442 Canon
701 4387 948 4461 careass.
972 4388 1101 4459 legit
1125 4405 1352 4446 numero
1379 4390 1635 4461 singulari
1667 4411 1679 4443 ε
1706 4390 1775 4445 Ει
1803 4389 1943 4444 ciba-

350 4457 420 4530 ρει
448 4474 639 4530 eum...
663 4468 714 4511 et
736 4459 797 4512 de
828 4457 1170 4530 petramellis
1190 4463 1443 4515 saturavit
1470 4457 1616 4515 ctuti.
1642 4460 1747 4516 Alii
1775 4463 1940 4517 etiam

355 4526 539 4596 legunt
564 4569 577 4591 ,
607 4527 671 4581 de
704 4526 852 4596 petra
875 4529 1062 4583 mellis.
1095 4531 1272 4586 ΜΛιιτ.

428 4597 456 4637 b
495 4599 670 4672 Duo‘e
690 4601 887 4653 nostris
910 4615 1041 4672 mss.
1065 4602 1129 4672 de
1158 4612 1304 4672 petra
1329 4602 1516 4657 mellis.

431 4680 454 4744 ς
496 4668 715 4744 Regina:
740 4683 845 4722 ms.
868 4684 977 4723 uno
1003 4668 1169 4744 habet
1183 4675 1372 4744 verbo,
1406 4674 1715 4744 justiﬁcate.

429 4742 456 4777 ά
496 4739 580 4795 Ab
618 4738 720 4796 hoc
769 4741 1088 4809 pronomine
1130 4758 1241 4807 vos,
1289 4738 1639 4798 Cisterciéns.
1689 4757 1793 4797 ms.
1856 4741 1933 4797 al-

360 4822 532 4869 terum
558 4827 771 4884 versum
796 4811 1097 4879 exorditur,
1125 4812 1228 4867 Vos
1260 4829 1382 4884 ergo
1412 4815 1558 4883 quasi
1582 4814 1771 4884 Adam,
1800 4821 1930 4881 etc.,

358 4885 502 4956 quod
531 4892 587 4940 et
611 4881 858 4939 Graecum
884 4881 1629 4956 Alexandrinum'exemplar
1656 4883 1801 4939 facit.
1830 4886 1935 4940 Ite-

358 4955 497 5028 ginte
525 4962 703 5028 autem
733 4971 833 5028 ms.
860 4956 1033 5025 ipsum
1051 4955 1195 5028 istud
1230 4971 1522 5025 pronomen
1548 4966 1708 5011 tacet.

362 5026 381 5049 ⁵
433 5038 458 5097 9
500 5027 600 5081 Ms.
633 5026 875 5097 Regium,
902 5027 1144 5096 quoniam
1170 5026 1496 5082 hazreditabis
1532 5044 1708 5081 omnes
1737 5036 1934 5097 gentes.

438 5096 457 5135 ί
501 5106 607 5159 9m
635 5096 913 5161 silentium,
951 5109 1007 5151 ut
1058 5113 1250 5153 sensus
1293 5100 1380 5166 sit,
1412 5114 1480 5154 ne
1513 5099 1584 5155 sit
1634 5096 1934 5155 tibi’silen-

362 5169 518 5233 tium,
546 5170 599 5224 id
626 5179 729 5235 est,
759 5186 820 5223 ne
864 5170 1042 5235 sileas,
1087 5170 1279 5231 ἁπλῶς.

437 5250 462 5288 8
501 5240 761 5297 Voculam
790 5240 881 5295 tibi
920 5239 1111 5310 Regia.
1148 5257 1252 5295 ms.
1284 5242 1545 5311 praeterit.
1585 5239 1939 5298 Cisterciens.

362 5311 609 5379 Domine,
630 5329 693 5366 ne
719 5323 912 5379 taceas,
934 5320 991 5368 et
1018 5328 1107 5366 nec
1133 5311 1308 5367 sileas.

432 5382 465 5433 ηιι
503 5382 684 5439 Nostri
714 5397 902 5439 omnes
938 5396 1070 5453 mss.
1108 5398 1303 5440 nomen
1332 5384 1486 5439 corde
1525 5391 1725 5449 tacent,
1775 5384 1947 5453 magis

365 5453 432 5510 ad
454 5454 726 5522 Graecum,
758 5452 1148 5527 ὲϐουλεύσαντο,
1182 5470 1252 5510 ex
1301 5470 1473 5527 eoque
1501 5454 1796 5512 derivatam
1828 5452 1950 5511 ver-

364 5528 572 5597 sionem
595 5535 857 5591 veterem,
882 5526 1248 5597 cogitaverunt.

447 5596 463 5633 ί
509 5597 683 5653 Verba
711 5607 828 5651 ante
860 5599 1043 5667 faciem
1071 5597 1122 5651 in
1147 5598 1497 5655 Cisterciensi
1530 5613 1635 5654 ms.
1675 5613 1782 5653 non
1807 5604 1951 5661 sunt,

369 5682 600 5741 moxque
630 5669 822 5741 legitur
850 5668 1107 5741 comburet
1148 5668 1362 5738 silvam,
1402 5686 1500 5740 pro
1537 5670 1812 5733 comburit,
1845 5678 1953 5723 etc.

371 5739 596 5865 Bergium
625 5739 812 5809 juncto
832 5751 886 5795 et
908 5740 1128 5809 Reginae
1148 5742 1271 5798 cod.
1295 5739 1598 5814 persequere
1619 5758 1727 5812 eos,
1757 5751 1810 5800 ct
1835 5757 1956 5795 cono

374 5820 457 5865 tur
491 5828 521 5865 a
540 5827 644 5865 eos.

374 5820 521 5869 turba
540 5827 644 5869 eos.

657 5907 933 5972 Ρηιιοι..
982 5906 1279 5972 XXVIII.

1615 277 1823 339 LIBER
1860 278 2313 342 PSALMORUM.

1934 400 1988 461 Α
2015 394 2156 453 Deus
2184 413 2347 468 meus,
2397 410 2548 468 pone_
2567 410 2652 450 eos
2681 400 2736 448 ut
2753 401 2972 468 rotam:

1952 3174 1999 3238 C

1962 4574 2016 4634 D

3472 275 3613 337 H94

2086 470 2233 539 quasi
2254 462 2505 538 stipulam
2534 466 2553 505 ί
2593 474 2713 521 ante
2737 462 2932 539 faciem
2948 462 3100 521 venti.

2019 538 2287 609 QuOmodo
2306 541 2440 610 ignis
2465 539 2717 593 comburit
2739 538 2943 602 silvam,

2086 624 2133 668 et
2156 614 2285 667 sicut
2312 615 2523 683 ﬂamma
2552 611 2759 663 devorat
2781 619 2997 663 montes.

2018 684 2108 739 Sic
2136 684 2453 754 persequeris
2485 698 2571 736 eos
2615 683 2667 734 in
2698 690 3000 754 tempestate
3026 689 3138 747 tua,

2087 766 2135 810 et
2166 758 2218 810 in
2249 753 2450 812 turbine
2480 764 2569 807 tua
2592 753 2921 806 conturbabis
2948 767 3053 806 eos.

2018 826 2188 899 Imple
2225 827 2381 897 facies
2411 842 2587 879 eorum
2615 824 2920 899 ignominia,

2089 894 2135 951 et
2162 894 2388 969 qtttvt‘ettl
2408 912 2592 950 nomen
2619 906 2785 969 tuum,
2822 894 3061 949 Domine.

2015 965 2429 1043 Confundantun
2455 979 2502 1023 et
2550 965 2914 1022 conturbentur
2946 984 3105 1038 usque
3133 968 3187 1021 in
3232 967 3479 1024 saeculum
3524 966 3601 1043 [h.

2160 1038 2431 1111 internum]
2466 1058 2478 1094 :
3449 1070 3454 1075 -

2088 1124 2137 1169 et
2166 1112 2483 1178 erubescant,
2512 1120 2558 1165 et
2588 1117 2816 1183 pereant.

2087 1185 2158 1240 Et
2179 1184 2342 1238 sciant
2371 1184 2491 1253 quia
2521 1180 2704 1236 nomen
2733 1192 2877 1236 tuum
2900 1191 2975 1238 est
3014 1180 3264 1239 Dominus
3294 1184 3435 1240 solus
3461 1192 3517 1240 tu
3549 1202 3566 1239 :

2088 1255 2317 1312 excelsus
2342 1272 2496 1326 super
2520 1270 2721 1309 omnem
2748 1263 2961 1310 terram.

2020 1354 2235 1411 νιετοηί
2283 1367 2385 1411 ιιιιο
2425 1354 2440 1403 1
2500 1365 2940 1417 τοιιουιΑιιιΒυε,
2984 1363 3238 1407 rmonuu
3289 1364 3425 1409 cons
3476 1366 3609 1411 csu-

2536 1438 2697 1480 thuu
2727 1421 2804 1494 [h.
2834 1422 3110 1494 PSALIIUS].

2020 1518 2279 1593 [LXXXI
2294 1518 2381 1591 V.]
2415 1519 2581 1587 Quam
2603 1517 2790 1593 dilecta
2813 1515 3143 1572 tabernacula
3166 1528 3280 1586 tua,

2090 1592 2314 1647 Domine
2332 1590 2685 1646 exercituum!

1916 1652 1933 1659 4
2017 1660 2290 1719 Desiderat
2318 1674 2367 1719 et
2394 1662 2568 1733 deﬁcit
2595 1662 2774 1715 anima
2802 1660 3009 1733 meain
3051 1660 3187 1733 atria
3214 1658 3427 1733 Domini
3458 1679 3477 1717 :

2090 1751 2179 1790 cor
2206 1751 2375 1791 meum
2398 1731 2591 1790 et'caro
2619 1749 2733 1788 mea
2763 1732 3046 1787 laudabunt
3070 1731 3096 1771 ιι
3118 1731 3312 1798 Deum,
3338 1731 3504 1789 Deum
3536 1734 3610 1788 vi-

2163 1818 2382 1861 ventem.

2021 1875 2295 1948 Siquidem
2318 1894 2495 1949 passer
2518 1877 2628 1949 [AL
2649 1874 2791 1949 avis]
2829 1875 3272 1949 invenitdomum,

2101 1944 2150 2004 et
2206 1944 2443 2020 avis'[Al.
2470 1944 2670 2020 passer]
2713 1947 2894 2000 nidum
2932 1946 3053 2013 sibi,
3086 1947 3170 2002 ubi
3200 1955 3357 2018 ponat
3390 1945 3405 1983 ι
3439 1946 3616 2019 pullos

2164 2036 2287 2074 διιοε
2318 2034 2335 2072 .'

2024 2091 2231 2148 Altaria
2274 2100 2382 2159 tua,
2415 2089 2637 2145 Domine
2667 2091 3011 2156 exercituum,

2093 2180 2189 2219 rex
2210 2179 2351 2218 meus
2374 2171 2420 2216 et
2453 2161 2588 2217 Deus
2616 2179 2779 2217 meus.

2024 2233 2177 2291 Beati
2197 2234 2286 2305 qui
2306 2233 2559 2305 habitant
2599 2234 2655 2287 in
2684 2234 2839 2305 domo
2870 2240 2960 2287 tua
2992 2249 3012 2287 :

2096 2302 2271 2361 adhuc
2296 2303 2584 2360 laudabunt
2612 2314 2679 2358 te.
2710 2302 2955 2360 Saurea.
3012 2310 3017 2315 ‘

2024 2377 2219 2433 Beatus
2246 2376 2400 2431 homo
2440 2377 2586 2447 cujus
2624 2375 2879 2444 fortitudo
2911 2375 3062 2430 estin
3088 2384 3133 2429 te
3164 2388 3184 2430 :

2100 2450 2298 2505 semita:
2322 2450 2375 2502 in
2400 2448 2554 2502 corde
2581 2447 2716 2517 ejus.

2027 2520 2373 2577 Transeuntes
2402 2519 2455 2573 in
2487 2519 2620 2573 valle
2647 2521 2823 2589 ﬂetus,

2098 2595 2291 2663 fontem
2320 2599 2507 2662 ponent
2530 2605 2642 2643 eam
2665 2606 2683 2641 :

2098 2659 2499 2719 benedictionem
2527 2676 2725 2730 quoque
2750 2659 3020 2715 amicietur
3049 2660 3248 2714 doctor.

2026 2733 2188 2790 Ibunt
2219 2735 2283 2788 de
2316 2733 2620 2805 fortitudine
2649 2734 2703 2785 in
2733 2733 3091 2805 fortitudinem
3123 2747 3143 2785 .'

2098 2801 2352 2875 parebunt
2381 2804 2524 2875 apud
2547 2801 2715 2857 Deum
2742 2805 2795 2858 in
2825 2803 2975 2858 Sion.

2026 2874 2250 2933 Domine
2272 2874 2423 2932 Deus
2452 2875 2792 2941 exercituum,
2827 2874 3015 2930 exaudi
3039 2874 3327 2927 orationem
3358 2888 3522 2929 meam
3553 2889 3573 2929 :

2098 2949 2335 3005 ausculta
2361 2949 2438 3021 [h.
2467 2946 2680 3021 auribus
2712 2946 2958 3021 percipe],
2995 2943 3134 3000 Deus
3165 2944 3349 2999 Jacob.
3376 2944 3620 3002 Saurea.

2028 3018 2251 3093 Clypeus
2267 3018 2464 3093 {noster
2493 3018 2700 3093 uidet?
2727 3018 2869 3093 Deus
2887 3061 2901 3085 ,

2099 3088 2146 3146 et
2176 3088 2378 3147 attende
2402 3090 2589 3214 facient
2614 3088 2808 3143 Christi
2839 3090 2937 3143 tui.

2099 3165 2298 3214 toniam
2319 3178 2398 3214 me
2422 3162 2503 3214 ior
2530 3170 2604 3214 est
2627 3161 2736 3214 dies
2764 3162 2819 3214 in
2849 3170 2937 3214 atr:

2034 3164 2298 3233 Quoniam
2319 3160 2503 3217 melior
2530 3170 2604 3215 est
2627 3161 2736 3217 dies
2764 3162 2819 3214 in
2849 3160 2997 3233 atriis
3024 3161 3130 3233 tuis
3154 3176 3305 3232 super
3334 3162 3499 3217 millia
3528 3177 3546 3215 :

2101 3236 2238 3308 elegi
2279 3234 2512 3308 abjectus
2539 3248 2646 3308 esse
2666 3232 2721 3286 in
2740 3232 2903 3308 domo
2935 3231 3031 3287 Dei
3054 3234 3176 3308 mei,

2101 3302 2267 3379 ma'gis
2291 3302 2446 3376 quam
2473 3304 2707 3379 habitare
2733 3303 2787 3379 in
2810 3302 3161 3379 tabernaculis
3192 3304 3494 3376 impietatis.

2033 3377 2176 3444 Quia
2189 3373 2285 3432 'sol
2304 3373 2353 3431 et
2381 3386 2581 3430 scutum
2604 3373 2860 3428 Dominus
2889 3373 3052 3441 Deus,
3096 3398 3128 3437 ε

2104 3450 2405 3530 gratiaptet
2422 3447 2640 3530 gloriam
2668 3446 2811 3500 dabit
2837 3444 3116 3515 Dominus,

2032 3518 2147 3577 Nec
2174 3518 2460 3591 prohibebit
2489 3520 2674 3591 bonum

2105 3588 2277 3645 ab'his
2302 3590 2392 3662 qui
2416 3589 2679 3644 ambulant
2708 3590 2763 3643 in
2790 3588 3129 3660 perfectione.

2035 3662 2259 3718 Domine
2282 3662 2623 3725 exercituum,

2108 3736 2284 3789 beatus
2306 3733 2457 3788 homo
2480 3733 2566 3804 qui
2593 3730 2807 3800 conﬁdit
2831 3732 2889 3785 in
2916 3738 2982 3786 te.

2074 3843 2288 3884 vncrom
2336 3840 2588 3883 riuonuu
2635 3840 2806 3891 conn,
2865 3839 3130 3881 omnem!
3176 3823 3252 3898 [h.
3305 3828 3587 3898 manus].

2039 3919 2153 3994 [LX
2162 3918 2263 3994 XX
2278 3918 2369 3994 Ἃ]
2404 3918 2651 3994 Placatus
2681 3934 2754 3981 es,
2777 3916 3026 3994 Domine,
3056 3926 3205 3972 terra:
3230 3927 3330 3973 ture
3359 3936 3377 3972 :

2107 3986 2369 4046 reduxisti
2387 3991 2738 4060 captivitatem
2764 3986 2949 4060 Iacob.

2039 4062 2301 4119 Dimisisti
2324 4058 2643 4130 iniquitatem
2670 4058 2865 4131 populo
2897 4070 2985 4114 tuo
3016 4076 3034 4114 :

2114 4134 2361 4206 operuisti
2386 4148 2562 4187 omnes
2591 4132 2887 4206 iniquitates
2917 4147 3116 4186 eorum.
3139 4132 3379 4187 Saurea.

2044 4202 2353 4263 Continuisti
2380 4219 2580 4260 omnem
2606 4202 3020 4273 indignationem
3050 4212 3192 4257 tuam
3221 4220 3240 4258 :

2114 4293 2387 4333 conversus
2413 4292 2464 4331 es
2485 4274 2549 4329 ab
2580 4275 2660 4328 ira
2690 4275 2883 4343 furoris
2912 4274 3009 4328 tui.

2122 4390 2135 4474 ξ
2186 4390 2376 4474 Minori
2400 4400 2626 4443 numero
2656 4385 2709 4440 in
2740 4384 2944 4440 nostris
2976 4398 3111 4440 mss.
3143 4385 3360 4457 legitur,
3387 4384 3495 4442 Pro
3524 4396 3631 4441 tor.

2047 4463 2262 4586 mimihi
2292 4530 2400 4586 duo
2435 4530 2681 4586 Canones
2711 4525 3233 4583 San-Germanensis
3262 4542 3325 4583 ac
3361 4528 3631 4585 Memmia-

2039 4642 2162 4684 nus.
2183 4623 2339 4694 Quod
2360 4622 2577 4693 quidem
2600 4620 2706 4691 legi
2736 4629 2913 4690 potest
2938 4636 3002 4678 ex
3027 4620 3193 4677 Hebr.
3220 4631 3280 4682 ’Π
3304 4606 3376 4681 ‘7}:
3395 4606 3469 4683 ΒΝ
3493 4632 3632 4699 um

2031 4724 2327 4795 jerannenu
2348 4718 2485 4795 el_el
2511 4715 2635 4795 hbui
2665 4714 2797 4795 :__ubi
2820 4725 3024 4795 νοω-ηδτ
3055 4716 3101 4770 el
3123 4716 3409 4795 [geminata
3435 4734 3633 4795 nomen

2041 4771 2543 4860 Deicongreminat.
2577 4785 2836 4860 Hodierni
2868 4771 3098 4860 primum
3123 4771 3195 4847 9‘s:
3223 4788 3272 4840 el
3303 4771 3655 4858 praepositio}

2044 4878 2167 4920 nem
2200 4857 2321 4917 esse
2348 4860 2572 4925 volunt,
2603 4857 2847 4912 vocalem
2872 4857 3013 4927 segot
3042 4857 3635 4928 supponentes’litterze

2046 4948 2086 4993 ις
2135 4931 2287 5004 ateph
2330 4946 2471 5004 cum-
2510 4929 2858 5004 hiassorethis
2908 4929 3113 5004 Laude
3188 4930 3638 5001 interpretantur,

2048 4998 2375 5062 exsultabant
2404 5000 2471 5054 ad
2501 5000 2667 5055 Deum
2688 5000 2874 5053 vivum.
2906 4998 3084 5055 tum.

2109 5074 2361 5132 —Semel
2385 5080 2590 5127 tantum
2616 5071 2779 5126 habet
2807 5071 3155 5127 Cisterciens.
3188 5087 3291 5128 ms.
3324 5071 3507 5127 Deum.
3531 5071 3644 5127 No-

2053 5178 2220 5225 tatum
2244 5181 2377 5222 vero
2415 5175 2470 5221 et
2492 5164 2826 5237 biartianteo,
2854 5148 3143 5237 duplexqu
3175 5166 3224 5219 in
3256 5165 3484 5221 Hebraeo
3514 5165 3642 5237 legi,

2050 5255 2279 5314 quorum
2324 5240 2577 5314 alterum,
2613 5235 2892 5314 substrata
2921 5235 3074 5314 sego-l
3102 5245 3304 5314 puncto
3321 5279 3361 5314 ,_
3382 5235 3643 5314 ρι’-ερρυὲί-

2055 5306 2262 5369 tionem
2286 5309 2360 5362 ad
2392 5316 2571 5363 sonat.
2611 5306 2701 5363 Sic
2727 5315 2905 5361 autem
2945 5306 3217 5376 accipiunt
3243 5316 3298 5363 et
3338 5306 3484 5364 LXX
3500 5306 3646 5364 ante

2059 5379 2609 5459 natosbiassorethas
2639 5379 2884 5459 immane
2900 5387 3182 5459 quantum.

2140 5452 2158 5491 ι
2204 5451 2497 5507 Vaticanus
2520 5464 2621 5504 ms.
2642 5462 2764 5503 cum
2802 5449 2962 5521 editis
2991 5449 3167 5521 libris,
3192 5458 3245 5503 ut
3274 5459 3506 5521 reponat.
3538 5449 3647 5521 Alii

2060 5525 2225 5583 etiam
2260 5523 2463 5578 habent
2490 5530 2703 5590 reponat
2733 5535 2751 5572 :
2780 5518 2876 5574 sed
2917 5534 3037 5577 cum
3082 5520 3169 5575 ubi
3222 5518 3478 5576 adverbio
3504 5565 3518 5591 ,
3561 5520 3651 5574 ubi

2058 5605 2292 5668 reponat.
2326 5594 2507 5648 MART.

2134 5679 2174 5705 ω
2216 5667 2313 5721 Ms.
2336 5664 2555 5734 Reginae
2579 5661 2802 5717 verbum
2824 5661 2956 5726 vide,
2986 5661 3283 5734 bisArepctit
3312 5676 3473 5734 :_mox
3496 5661 3650 5729 juxta

2062 5750 2304 5795 veterem
2352 5731 2850 5807 interpretationem
2902 5733 3021 5806 plus
3068 5731 3251 5802 habet,
3302 5731 3412 5787 dies
3456 5747 3560 5787 una
3597 5736 3653 5786 in

2063 5810 2228 5867 atriis.

3163 5898 3240 5959 38
