4124 6360
295 365 428 426 1201

300 557 370 615 1η
393 559 631 614 manibus
653 558 733 632 [ἡ.
763 558 970 632 palmis]
1003 559 1276 632 portabunt
1300 568 1348 614 te
1373 575 1393 613 :

370 648 432 685 ne
453 632 586 702 forte
609 630 840 703 offendat
869 631 936 685 ad
954 630 1182 701 lapidem
1209 639 1458 703 pestuns.

301 700 474 774 Super
498 702 804 774 aspidemet
835 700 1131 774 basiliscum
1160 711 1185 738 α
1209 700 1450 755 calcabis
1480 713 1500 754 :

373 772 698 828 conculcabis
727 773 928 828 leonem
955 783 999 829 et
1023 772 1320 827 draconem.

302 844 564 912 Quoniam
585 845 713 898 mihi
734 843 975 909 adhazsit,
1008 853 1058 900 et
1087 843 1313 899 liberabo
1338 859 1454 898 eum
1487 858 1505 896 :

371 915 615 989 exaltabo
641 931 778 981 eum,
806 917 1053 989 quoniam
1077 916 1312 986 cognovit
1338 931 1518 970 nomen
1549 930 1742 970 meum.

310 987 584 1044 Invocabit
609 1003 711 1060 me,
737 994 787 1041 et
817 987 1255 1060 exaudiangeum,

373 1075 491 1114 cum
521 1060 634 1130 ipso
661 1057 688 1096 δ
718 1074 812 1132 ego
836 1059 891 1132 in
920 1057 1275 1132 tribulatione,

365 1145 556 1186 eruam
577 1146 714 1194 eum,
747 1130 794 1184 et
833 1130 1135 1201 gloriﬁcabo
1157 1146 1294 1201 eum.

303 1201 650 1274 Longitudine
671 1196 873 1274 dierum
894 1196 1114 1274 implebo
1144 1200 1220 1274 [_h.
1254 1196 1481 1271 satiabo]
1509 1215 1642 1269 eum,

373 1271 435 1330 et
449 1273 716 1329 ostendam
748 1271 828 1327 illi
855 1272 1086 1328 salutare
1115 1271 1303 1328 meum.

592 1387 829 1430 PSALIUS
860 1387 1074 1430 CANTICI
1093 1389 1146 1428 IN
1179 1389 1269 1430 DIE
1297 1386 1538 1430 SABBA'I‘I.

307 1483 376 1558 [Χ
387 1481 455 1539 CI
464 1481 539 1556 1.]
565 1481 775 1558 Donum
800 1492 874 1558 est
895 1482 1161 1558 confiteri
1181 1482 1429 1558 Domino,

377 1563 429 1627 et
461 1553 685 1627 psullere
709 1555 907 1610 nomini
936 1555 1332 1622 tuo,Altissime.

265 1671 267 1674 ‹
308 1626 391 1682 Ad
415 1625 835 1682 annuntiandum
863 1642 1012 1682 mane
1033 1625 1441 1681 miscricordiam
1467 1632 1634 1694 tuam,

381 1706 430 1752 et
463 1707 487 1736 ο
519 1698 676 1769 ﬁdem
707 1707 846 1752 luant
877 1699 930 1753 in
951 1707 1118 1769 nocte.

311 1767 380 1824 In
400 1767 724 1825 decachordo
745 1776 792 1825 et
814 1770 868 1824 in
894 1768 1138 1838 psalterio
1161 1810 1175 1836 ,

380 1841 435 1893 in
456 1841 655 1912 cantico
678 1841 753 1912 [h.
789 1840 1066 1912 carmine],
1093 1841 1143 1893 in
1172 1839 1398 1912 cithara.

315 1911 576 1980 Quoniam
605 1911 879 1982 lmtiﬁcasti
905 1927 1004 1981 me,
1029 1911 1265 1974 Domine,
1286 1911 1337 1982 in
1373 1926 1524 1979 opere
1555 1919 1644 1965 tuo
1666 1927 1685 1966 :

381 1983 436 2037 in
459 1985 678 2054 facturis
700 1980 947 2037 manuum
975 1980 1179 2037 tuarum
1205 1980 1447 2054 laudabo.

316 2051 488 2126 Quam
516 2054 849 2126 magnificam
873 2062 991 2108 sunt
1019 2069 1175 2125 opera
1204 2062 1314 2126 tua,
1345 2051 1567 2126 Domine
1596 2053 1618 2106 !

382 2125 508 2180 satis
537 2124 812 2194 profunda:
836 2129 990 2196 facta:
1015 2124 1133 2180 sunt
1154 2124 1497 2194 cogitationes
1523 2133 1648 2181 tum.

318 2195 414 2251 Vir
441 2196 692 2270 insipiens
719 2212 821 2270 non
837 2195 1134 2270 cognoscet,

383 2276 434 2322 et
463 2266 650 2340 stultus
679 2283 782 2340 non
803 2266 1059 2340 intelliget
1078 2266 1243 2340 istud.

313 2336 736 2394 Germinaverunt
759 2336 784 2376 ἀ
810 2339 956 2411 impii
977 2336 1127 2410 quasi
1168 2338 1364 2409 fenum,

313 2442 325 2477 ι
384 2417 432 2464 et
452 2411 739 2480 ﬂoruerunt
766 2404 940 2464 omnes
962 2404 1050 2480 qui
1080 2404 1355 2479 operantur
1387 2404 1735 2477 iniquitatem,

385 2490 441 2534 ut
471 2491 802 2536 conterantur
822 2497 980 2552 usque
1002 2481 1057 2535 in
1085 2480 1478 2550 sempiternum.

319 2550 400 2607 Tu
427 2561 600 2606 autem
622 2552 850 2608 excelsus
884 2550 904 2607 ἐ

386 2624 440 2677 in
461 2632 717 2697 a'ternum
740 2623 816 2697 [ἡ.
844 2619 1113 2697 steculum]
1139 2619 1382 2697 Domine.

315 2692 450 2750 Ecce
471 2694 595 2768 [Al._
612 2689 929 2768 addfenim]
955 2689 1150 2768 inimici
1176 2694 1276 2760 tui,
1301 2689 1543 2757 Domine,

388 2765 504 2820 ecce
523 2765 718 2821 inimici
741 2766 838 2829 tui,
866 2765 1128 2836 peribunt,

389 2846 436 2892 et
462 2832 946 2911 dissipabuntur
974 2832 1288 2906 dividentur]
1320 2847 1493 2891 omnes
1512 2832 1601 2904 qui
1630 2842 1911 2906 operantur

464 2908 810 2981 iniquitatem.

321 2977 390 3032 Et
411 2977 722 3034 exaltubitur
748 2979 901 3051 quasi
928 2977 1268 3051 monocerotis
1289 2991 1453 3031 cornu
1482 2992 1675 3046 meum,

391 3059 439 3105 et
457 3059 687 3106 senectus
712 3047 826 3104 mea
851 3050 903 3103 in
934 3047 1048 3104 oleo
1079 3050 1253 3104 ubere.

327 3119 396 3178 Et
426 3131 451 3159 ε
480 3123 720 3190 respiciet
750 3122 931 3176 oculus
957 3137 1096 3176 meus
1122 3119 1426 3174 insidiantes
1450 3119 1602 3184 mihi,

392 3192 456 3246 de
481 3188 667 3264 his'qui
695 3201 1012 3264 consurgunt
1036 3191 1316 3247 adversum
1337 3206 1416 3245 me
1437 3188 1838 3263 malignantibus

395 3263 572 3318 audiet
591 3265 734 3320 auris
758 3279 891 3318 mea.

321 3334 508 3390 Justus
531 3343 584 3408 ut
605 3335 784 3408 palma
809 3333 1036 3406 florebit,

396 3415 454 3461 ut
477 3402 658 3461 cedrus
686 3402 885 3461 Libano
905 3402 1355 3476 multiplicabilur.

327 3475 726 3548 Transplantati
745 3478 798 3532 in
827 3476 978 3548 domo
1003 3474 1213 3548 Domini
1232 3490 1252 3529 :

395 3549 453 3620 in
479 3546 626 3603 atriis
647 3549 747 3602 Dei
768 3547 931 3602 nostri
962 3546 1343 3620 germinabunt.

328 3619 514 3690 Adhuc
535 3619 992 3690 fructificabuntin
1014 3625 1275 3673 senectute
1305 3633 1323 3670 :

407 3689 428 3730 ί
455 3689 670 3764 pingues
698 3701 746 3746 et
779 3689 1079 3764 frondentes
1092 3696 1267 3764 _erunt
1298 3703 1319 3741 :

331 3758 715 3818 Annuntiantes
744 3758 865 3834 quia
893 3770 1060 3815 rectus
1081 3758 1332 3834 Dominus
1361 3774 1380 3813 :

357 3834 658 3960 xfortitudo
687 3828 820 3899 mea,
845 3841 894 3887 et
921 3849 1026 3886 non
1055 3838 1126 3884 est
1150 3831 1390 3899 iniquitas
1408 3828 1464 3884 in
1484 3845 1562 3885 eo.

411 3903 598 3960 CIII.|
624 3903 872 3958 Dominus
902 3913 927 3950 8
958 3901 1181 3960 reanavit

333 3901 872 3980 [XCIILLquinus
902 3913 927 3950 8
958 3901 1181 3976 regnavit

347 3974 366 4049 '_
405 3977 575 4049 gloria
589 3974 814 4049 indutus
840 3985 912 4049 est
938 3989 958 4029 :

336 4040 562 4104 Inuictus
587 4057 661 4102 est
690 4044 718 4084 h
743 4046 1000 4116 Dominus
1030 4042 1356 4116 fortitudine,
1395 4051 1442 4096 et
1471 4040 1731 4116 accinctus
1749 4050 1856 4099 est:

411 4120 621 4189 insuper
642 4117 887 4190 appendit
916 4113 1088 4170 orbem
1116 4115 1204 4186 qui
1235 4131 1335 4169 non
1362 4113 1781 4171 commovebitur.

340 4187 582 4245 Firmum
608 4187 797 4244 solium
820 4198 962 4242 tuum
992 4204 1054 4241 ex
1076 4197 1217 4255 tunc,

411 4278 444 4315 a
470 4261 577 4334 [AL
611 4261 676 4314 ab
698 4258 916 4334 interno]
946 4258 1136 4334 saeculo
1159 4266 1211 4311 tu
1239 4273 1315 4315 es.

340 4329 654 4389 Leuaverunt
673 4329 916 4402 fiumina,
943 4329 1182 4398 Domine,

1893 631 1924 642 δ

415 4471 825 4541 -—Reginzems.
851 4484 974 4524 cum
999 4466 1206 4541 pridem
1221 4465 1402 4541 editis,
1426 4483 1458 4519 a
1475 4481 1643 4541 morsu
1666 4461 1924 4541 insanieno

352 4547 416 4598 tis
440 4534 682 4595 meridie:
700 4534 1095 4603 Cistercicnsis,
1124 4554 1155 4589 a
1175 4552 1349 4591 morsu
1364 4537 1604 4590 du’monii
1624 4534 1922 4590 meridiani.

350 4610 620 4684 Ipsesalihi
656 4610 723 4684 S_._
753 4610 913 4666 Pater
951 4608 1296 4663 transtulisse
1325 4607 1497 4662 fertur
1527 4624 1542 4662 :
1573 4623 1605 4660 a
1634 4621 1809 4660 morsu
1845 4605 1928 4673 fu-

351 4681 512 4739 rentis
542 4681 774 4736 meridie.

427 4764 451 4790 α
474 4752 620 4809 Idem
653 4751 843 4823 Regin.
881 4764 984 4823 ms.
1018 4756 1063 4802 et
1096 4746 1407 4823 basiliscmn
1460 4744 1746 4823 ambulabis
1770 4784 1785 4810 ,
1828 4749 1940 4797 tum

353 4825 534 4883 addita
566 4834 613 4879 et
641 4816 858 4893 cop'ula,
885 4819 1232 4876 Cisterciens.
1263 4826 1313 4872 et
1340 4816 1684 4893 conculcabis.

430 4896 456 4935 ι)
483 4894 664 4951 Nostri
696 4886 887 4950 omnes
910 4907 1042 4947 mss.
1073 4906 1159 4944 ero
1185 4904 1280 4958 pro
1307 4904 1401 4957 ego
1419 4929 1434 4953 ,
1465 4888 1644 4941 minus
1673 4886 1835 4958 bene.

431 4979 454 5007 ο
506 4965 561 5023 In
610 4966 782 5021 tribus
810 4981 942 5020 mss.
971 4955 1244 5030 Carcass.,
1270 4955 1441 5016 Va‘tic.
1477 4968 1532 5014 et
1558 4959 1616 5014 S.
1644 4957 1805 5013 Mich.
1833 4999 1848 5024 ,
1880 4955 1947 5012 Et

359 5041 686 5112 ﬁdemtuam
716 5053 805 5112 per
848 5044 1065 5112 noctem.
1097 5033 1276 5112 Ménr.

432 5115 461 5149 α
500 5109 664 5165 Iidem
707 5099 794 5164 l'iic
848 5107 1031 5177 legunt
1079 5121 1094 5159 :
1145 5103 1272 5159 Cum
1333 5101 1728 5177 germinaverint
1797 5099 1948 5172 impii

359 5182 509 5256 quasi
529 5183 725 5248 fenum,
747 5190 794 5234 et
820 5173 1108 5249 floruerunt
1134 5191 1307 5228 omnes
1329 5173 1350 5237 ζ
1368 5184 1473 5230 etc.
1507 5173 1685 5228 Man'r.
1834 5243 1846 5255 ο
1873 5242 1886 5254 σ

439 5263 463 5292 θ
496 5250 664 5308 Iidem
694 5265 849 5306 mss.:
883 5247 952 5302 Et
983 5246 1224 5317 despiciet
1255 5244 1433 5300 oculus
1455 5261 1596 5300 meus
1618 5260 1727 5317 eos,
1759 5259 1845 5313 qut
1868 5259 1948 5296 m-

364 5327 627 5380 sitliautur
681 5323 809 5378 mihi
849 5336 868 5376 :
920 5315 1143 5391 propius
1195 5317 1263 5372 ad
1320 5326 1560 5373 veterem
1627 5315 1950 5386 itum-preta-

367 5399 595 5452 tionem.

445 5465 598 5522 tHic
637 5476 865 5536 quoque
902 5459 1120 5536 propius
1169 5457 1236 5514 ad
1289 5457 1538 5536 Graecum
1595 5471 1661 5514 ac
1709 5466 1950 5514 veterem

369 5530 787 5597 translationem
809 5530 1158 5588 Cisterciens.
1189 5545 1319 5597 ms.,
1353 5530 1550 5600 pingui.

443 5621 468 5659 ες
492 5606 640 5664 Idem
668 5623 768 5662 ms.
817 5604 1027 5659 titulum
1065 5605 1228 5657 istum
1257 5601 1542 5671 praeponit,
1577 5601 1717 5655 Laus
1763 5600 1949 5656 cantici

376 5679 546 5737 David
583 5697 600 5734 :
627 5678 719 5749 qui
743 5675 964 5749 tametsi
985 5690 1052 5730 ex
1074 5673 1423 5744 Septuaginta
1445 5672 1722 5749 derivatur
1745 5671 1952 5749 (nullus

376 5755 520 5810 enim
547 5743 701 5806 estin
725 5743 996 5818 llebraao),
1013 5755 1096 5802 est
1115 5743 1290 5818 tamen
1311 5743 1526 5818 caeteris
1549 5745 1764 5801 brevior
1777 5743 1952 5799 omni-

381 5827 502 5894 bus,
527 5822 625 5894 qui
646 5821 875 5894 varii‘ex
905 5814 966 5875 ea
982 5817 1240 5894 fersione
1267 5814 1575 5894 laudantur.

453 5885 721 5955 "Variam
742 5890 941 5951 habent
964 5889 1286 5950 divisionem
1316 5885 1552 5946 Canonis
1583 5886 1950 5961 exemplaria:

1587 367 1793 427 LIBER
1830 369 2280 429 PSALMORUM.

365 495 422 542 ut
449 486 746 560 custodiant
773 493 822 544 te
846 487 917 560 in
941 487 1176 560 omnibus
1205 487 1300 542 viis
1333 486 1454 542 tuis.
1911 499 1966 560 Α

3444 373 3584 432 12ὓὲ

2067 487 2357 542 levaverunt
2381 489 2601 562 ﬂumina
2623 503 2796 544 vocem
2832 503 2978 544 suam
3003 487 3112 562 [AL
3141 503 3287 544 voces
3308 484 3484 560 tuas]:

1998 556 2318 633 Levaverunt
2348 556 2566 630 flumina
2591 562 2820 633 gurgites
2849 577 2970 615 suos
3001 556 3021 616 ἓ

2067 647 2099 683 a
2127 629 2335 703 uocibus
2350 629 2608 703 aquarum
2630 629 2935 686 multarum.

1997 696 2235 773 Grandes
2265 696 2462 773 fructus
2484 705 2641 757 maris
2665 721 2684 758 .'

2066 771 2282 842 grandis
2301 773 2352 828 in
2374 775 2572 830 excelso
2595 774 2867 830 Dominus.

1995 839 2311 917 Testimonia
2342 854 2430 898 tua
2468 846 2644 915 fidelia
2673 847 2812 917 facta
2838 855 2956 901 sunt
2987 847 3160 902 nimis.

2070 913 2280 986 domum
2309 925 2452 970 tuam
2469 913 2614 971 decet
2635 913 2904 986 sanctitas,

2070 984 2310 1058 Domine,
2332 989 2385 1042 in
2406 988 2725 1058 longitudine
2748 984 2969 1042 dierum.

1999 1054 2148 1129 [Χςι
2167 1055 2251 1127 V.']
2275 1057 2414 1112 Deus
2443 1054 2995 1126 ultionum,.Domine;
3280 1062 3294 1126 ζ

2072 1126 2214 1182 Deus
2234 1126 2511 1196 ultionum,
2540 1131 2827 1186 ostendere.

2005 1197 2218 1274 Elevare
2251 1199 2295 1274 ί,
2317 1202 2486 1274 judea:
2515 1209 2666 1256 terra:
2692 1218 2711 1256 :

2071 1271 2232 1326 redde
2248 1271 2648 1345 vicissitudinem
2671 1271 2901 1345 superbis
2923 1287 2943 1326 :

2007 1339 2282 1414 Usquequo
2311 1344 2477 1416 impii,
2509 1339 2748 1416 Domine,

2075 1429 2338 1484 usquequo
2357 1415 2506 1485 impii
2536 1415 2896 1480 exsultabant;

2004 1482 2055 1537 F
2059 1482 2213 1558 luent
2232 1482 2492 1558 loquentes
2519 1489 2824 1558 antiquum;

2075 1554 2305 1629 garrient
2329 1559 2616 1629 omnesqui
2642 1554 2924 1629 operantur
2951 1554 3307 1626 iniquitatem;

2010 1625 2276 1699 Populum
2306 1640 2472 1698 tuum,
2497 1625 2736 1695 Domine,
2766 1625 3050 1694 conterent,

2078 1707 2124 1771 et
2149 1700 2499 1755 [nereditatem
2527 1710 2670 1755 tuam
2695 1701 2928 1771 affligent
2958 1716 2978 1764 ;

2021 1768 2242 1824 Viduam
2269 1781 2320 1842 et
2350 1771 2600 1826 advenam
2627 1768 2954 1842 interﬁcient,

2082 1849 2131 1894 et
2159 1841 2384 1913 pupillos
2414 1843 2641 1896 occident
2666 1860 2686 1909 ;

1927 1912 1978 1974 B
2009 1908 2078 1964 Et
2110 1908 2370 1978 dixerunt,
2405 1929 2507 1966 non
2527 1908 2712 1968 videbit
2735 1914 3008 1972 Dominus,

2077 1983 2264 2057 et_[‘_Al.
2293 1991 2399 2038 tac.
2431 1982 2501 2057 et]
2518 2000 2629 2057 non
2649 1984 2898 2057 intelliget
2924 1982 3061 2039 Deus
3090 1981 3254 2037 Iacob
3281 1982 3308 2036 ?

2005 2051 2309 2126 Intelligite.
2334 2051 2560 2126 stulti—in
2578 2058 2791 2126 papula,

2079 2132 2128 2197 et
2153 2125 2454 2197 insipientes
2485 2124 2498 2176 i
2537 2124 2818 2197 aliquando
2845 2125 3046 2182 discite.

2007 2193 2113 2261 Qui
2144 2193 2399 2263 plantavit
2423 2193 2631 2263 aurem,
2651 2216 2752 2254 non
2781 2197 2955 2252 audiet
2989 2213 3008 2250 :
3305 2249 3312 2258 .

2074 2260 2167 2340 aut
2187 2268 2275 2340 qui
2296 2269 2447 2340 finxit
2477 2260 2702 2334 oculum,
2727 2286 2829 2323 non
2857 2268 3042 2322 videbit
3075 2266 3163 2340 [hc
3185 2260 3486 2340 respiciet]?

2007 2336 2112 2405 Qui
2142 2339 2312 2412 erudit
2341 2339 2416 2412 [I_r.
2447 2339 2685 2412 castigat]
2711 2351 2903 2411 gentes,
2932 2356 3036 2412 non
3056 2336 3257 2410 urguet,

2076 2409 2166 2477 qui
2193 2409 2625 2465 docet'hominem
2643 2409 2948 2466 scientiam?

2005 2475 2265 2562 Dominus
2285 2481 2424 2534 novit
2446 2481 2780 2550 cogitationes
2810 2481 3099 2546 hominum,

2076 2559 2201 2619 quia
2227 2567 2371 2605 vana:
2399 2559 2541 2606 sunt.

2006 2616 2199 2696 Beatus
2221 2623 2298 2696 vir
2319 2639 2469 2690 quem
2493 2620 2515 2658 ⁸(
2539 2632 2593 2678 tu
2605 2624 2857 2678 erudieris
2868 2622 2949 2696 [Ιι.
2965 2616 3334 2694 castigaveris],
3355 2619 3594 2690 Domine,

2079 2701 2129 2746 et
2158 2692 2223 2766 de
2244 2693 2353 2766 lege
2376 2703 2465 2766 tua
2484 2696 2718 2750 docueris
2747 2692 2885 2766 eum.

2013 2759 2083 2817 Ut
2103 2759 2330 2838 quiescit
2355 2781 2387 2838 ᾳ
2415 2765 2590 2820 diebus
2608 2765 2912 2838 afﬂictionis
2941 2781 2960 2820 :

2087 2835 2248 2890 donec
2277 2836 2506 2907 fodiatur
2533 2835 2694 2904 impio
2719 2837 2976 2892 interitus.
3259 2881 3262 2883 λ

2013 2904 2138 2962 Non
2162 2904 2300 2980 enim
2326 2905 2645 2980 derelinquet
2670 2909 2918 2980 Dominus
2946 2907 3191 2980 populum
3221 2923 3400 2976 suum,

2083 2985 2131 3032 et
2159 2975 2510 3034 hcereditatem
2529 2975 2678 3034 suam
2707 2997 2811 3034 non
2840 2975 3054 3034 deseret.

2013 3047 2276 3116 Quoniam
2302 3050 2372 3102 ad
2390 3052 2649 3124 justitiam
2678 3060 2952 3124 revertetur
2983 3049 3272 3124 judicium,

2084 3128 2135 3175 et
2170 3122 2443 3190 sequentur
2463 3123 2595 3176 illud
2618 3139 2793 3177 omnes
2811 3122 2935 3176 recti
2957 3122 3131 3175 corde.

2017 3189 2148 3256 Quis
2168 3190 2331 3263 stabit
2356 3209 2452 3263 pro
2474 3208 2555 3248 me
2580 3193 2824 3248 adversus
2848 3191 3014 3246 malos
3035 3193 3062 3246 ?

2088 3261 2205 3344 quis
2229 3257 2382 3344 stabit
2404 3279 2497 3344 pro
2519 3280 2598 3318 me
2625 3263 2870 3344 aduersus
2899 3263 3158 3332 aperarios
3187 3257 3476 3332 iniquitatis
3507 3257 3532 3310 1’

1939 3307 1986 3372 Ο
2019 3329 2072 3387 Ν
2085 3307 2150 3388 ὗε
2177 3331 2299 3402 quia
2326 3307 2579 3389 Do'utinus
2602 3334 2883 3389 auxiliator
2901 3307 3042 3388 nieus
3073 3349 3091 3387 :

2131 3401 2284 3476 paulo
2321 3406 2489 3458 minus
2515 3403 2791 3461 habitasset
2821 3407 2873 3459 in
2900 3408 3099 3476 inferno
3120 3401 3292 3457 anima
3317 3415 3432 3455 mea
3453 3415 3474 3453 :

2022 3475 2086 3532 Si
2113 3473 2362 3548 dicebam,
2389 3484 2556 3548 motus
2587 3476 2698 3548 [ΑΙ.
2722 3473 3025 3545 commotus]
3049 3485 3119 3529 est
3148 3491 3237 3548 pes
3255 3486 3427 3548 meus:

2096 3547 2453 3688 misezictjrdia
2491 3543 2612 3618 tua',
2656 3547 2912 3616 Domine,
2953 3543 3261 3602 sustentabit
3286 3543 3373 3616 [Al
3409 3548 3610 3596 susten-

2193 3634 2224 3670 a
2258 3627 2310 3670 at
2356 3633 2457 3672 me.

2171 3624 2333 3672 tabatl
2356 3633 2457 3672 me.

2029 3687 2096 3745 In
2118 3682 2446 3770 multitudine
2470 3690 2836 3762 cogitationum
2864 3704 3118 3756 mearum,
3145 3701 3261 3758 qua:
3287 3692 3408 3740 sunt
3436 3682 3490 3737 in
3529 3698 3612 3738 me

2171 3760 2479 3814 intrinsecus
2505 3779 2526 3815 :

2106 3829 2479 3886 consolationes
2505 3841 2604 3887 tua:
2619 3830 2942 3887 delectabunt
2966 3831 3194 3884 animam
3213 3842 3401 3882 meam.

2036 3900 2304 3970 Numquid
2327 3905 2583 4011 particeps
2611 3904 2705 3957 erit
2736 3904 2809 3956 tui
2837 3905 3052 3956 thronus
3089 3898 3402 3956 insidiarum

2111 3973 2305 4011 ﬁni:an
2382 3972 2610 4011 dnlnrnm
2642 3975 2697 4011 in
2722 3983 2972 4011 nrmrnnln

2105 3973 2305 4045 fingens
2332 3972 2351 4011 1
2382 3972 2612 4028 dolorem
2642 3975 2700 4027 in
2722 3983 2995 4045 prwcepto.

2036 4043 2432 4115 Copulabuntur
2463 4043 2966 4100 adversus'animam
2997 4043 3146 4110 iusti,

2108 4125 2157 4170 et
2182 4117 2485 4186 sanguinem
2512 4117 2832 4171 innocentem
2861 4115 3268 4170 condemnabuut
3291 4127 3310 4168 :

2038 4185 2156 4242 Erit
2176 4185 2344 4259 autem
2359 4187 2614 4242 Dominus
2641 4187 2767 4242 mihi
2793 4188 2846 4240 in
2875 4187 3156 4259 refugium.

2113 4267 2163 4312 et
2190 4256 2333 4331 Deus
2360 4273 2504 4314 meus
2520 4260 2672 4331 quasi
2699 4267 2844 4331 pelru
2864 4256 2969 4331 spei
2993 4256 3136 4312 metu.

2043 4326 2114 4383 Et
2143 4338 2184 4366 ω
2204 4330 2440 4385 restituet
2461 4321 2614 4402 super
2645 4321 2732 4386 eos
2763 4321 3086 4401 iniquitatem
3108 4343 3259 4382 suam
3282 4324 3363 4399 [ἡ.
3394 4321 3624 4379 dolorem

2031 4460 2203 4532 codex
2230 4461 2680 4520 Carcassonensis
2707 4461 2786 4518 sic
2806 4460 3018 4532 legit‘in
3047 4459 3288 4516 secundo
3306 4463 3590 4532 commate
3608 4474 3642 4532 :_

2037 4531 2362 4589 Fortitudine
2399 4536 2658 4588 accinctus
2685 4541 2757 4586 est
2779 4547 2797 4585 :
2820 4530 3348 4588 Sim-Germanensis
3369 4536 3550 4582 autem
3571 4537 3629 4582 et

1954 4570 2009 4630 D
2043 4570 2397 4660 Memmianus
2421 4605 2524 4660 hoc
2546 4605 2703 4658 colon
2753 4602 2999 4657 dividunt
3020 4617 3125 4656 non
3150 4603 3200 4656 in
3226 4603 3328 4656 tria
3346 4641 3361 4666 ,
3391 4598 3487 4654 sed
3512 4607 3632 4652 tan-

2045 4683 2159 4730 tum
2186 4677 2238 4729 in
2270 4677 2378 4730 duo
2405 4684 2694 4737 commata,
2719 4684 2776 4728 ut
2795 4687 2893 4729 nos
2911 4673 3180 4729 edidimus
3196 4671 3352 4744 juxta
3369 4669 3624 4726 Hebraeo-

2046 4759 2166 4800 rum
2196 4745 2363 4801 etiam
2392 4746 2626 4801 codices.
2668 4745 2849 4801 Msn'r.

2124 4815 2362 4891 [Tresse
2386 4817 2586 4891 nostris
2613 4831 2770 4872 mss.:
2791 4815 3044 4891 Elevare,
3071 4817 3159 4891 qui
3170 4814 3382 4890 judicas
3414 4820 3626 4866 terram.

2045 4885 2605 4960 redde_uicissitudines
2631 4888 2881 4960 superbis.

2122 4957 2370 5034 ipsum)
2399 4953 2884 5034 _(_larcassonensis,
2926 4961 2994 5017 Et
3055 4960 3353 5034 {snsipsigntes
3423 4953 3636 5026 quando

2047 5030 2369 5101 erudimini?
2398 5031 2638 5096 Memm.,
2668 5031 2877 5101 quando
2908 5029 3203 5088 discedent?
3222 5029 3401 5085 MART.

2122 5099 2148 5140 ¹ί
2173 5101 2228 5159 S.
2257 5101 2587 5176 Augustinus
2619 5096 2930 5176 in'Speculo
2951 5115 3006 5160 et
3025 5103 3231 5176 sCanon
3281 5096 3639 5176 Memmianus

2051 5171 2238 5248 legunt
2257 5166 2376 5248 sine
2399 5175 2716 5248 pronomine
2741 5166 2800 5228 'tu
2842 5189 2861 5248 ς
2897 5175 3047 5248 quod
3071 5184 3251 5248 tamen
3276 5166 3635 5248 supplendum

2051 5237 2213 5300 d6cet
2265 5237 2636 5316 Hicrbnymus
2667 5245 2720 5298 in
2769 5237 2930 5314 epist:
2984 5247 3052 5301 ad
3108 5245 3277 5302 Sunn.
3330 5237 3393 5298 et
3433 5237 3639 5294 Fretel.

2052 5316 2313 5386 consulat
2349 5315 2524 5371 locum
2553 5315 2643 5386 qui
2668 5317 2920 5386 noluerit.
2961 5317 3140 5372 MART.

2130 5385 2150 5426 1
2177 5384 2522 5443 Cisterciens.
2556 5384 2686 5452 ἡ]ςᾴ
2709 5385 2909 5458 ﬁngens
2937 5389 3187 5452 laborem;
3212 5392 3321 5441 etc.

2129 5469 2170 5496 ω
2197 5457 2544 5515 Cisterciens.
2606 5447 2719 5512 ms:
2744 5447 2810 5512 in"
2841 5459 3077 5516 secunda
3109 5447 3340 5529 persona
3378 5451 3533 5524 legit,
3576 5447 3647 5504 Et

2059 5531 2298 5586 restitues
2327 5547 2482 5601 super
2509 5545 2594 5584 eos
2623 5529 2964 5600 iniquitatem,
2991 5544 3090 5585 nec
3113 5528 3276 5584 addit
3313 5541 3460 5582 suam
3483 5539 3500 5576 :
3527 5532 3643 5601 tum

2061 5593 2408 5674 cohznrenter
2438 5602 2617 5673 perdes
2635 5593 2724 5674 eos
2753 5593 2980 5674 utroque
3006 5603 3059 5674 in
3091 5601 3232 5666 loco,
3256 5609 3482 5669 quorum
3509 5593 3644 5674 alte-

2060 5690 2180 5731 rum
2211 5661 2566 5745 Reginae'ms.
2597 5672 2760 5745 plane
2790 5661 2957 5736 tacet.
2993 5661 3348 5733 Contine'nt'er
3372 5679 3509 5724 vero
3539 5661 3643 5727 lte-

2058 5747 2244 5803 braeus
2266 5744 2612 5823 refragatur.
3541 5790 3545 5792 .
