4124 6360
363 348 500 408 1209

364 465 432 523 Ut
467 467 640 524 bibant
665 466 839 523 omnia
859 467 1108 524 animalia
1128 468 1416 540 regionum,

435 549 482 595 et
511 541 748 610 reficiant
777 543 964 613 onagri
988 542 1128 595 sitim
1147 557 1314 597 suam.

366 609 540 685 Super
570 609 1019 685 ea‘volucres'caeli
1041 613 1374 685 morabuntur
1395 625 1414 664 :

437 682 502 736 de
533 682 699 739 medio
720 700 982 738 nemorum
1010 684 1201 738 dabunt
1225 698 1416 738 vocem.

368 753 473 826 Qui
500 755 692 826 irrigas
720 766 918 811 montes
943 755 1007 810 de
1032 755 1310 809 cwnaculis
1327 755 1448 808 tuis.

439 825 504 881 de
553 818 726 900 fritctu
772 843 988 898 operum
1027 835 1228 882 tuorum
1273 825 1574 896 implebitur
1630 825 1704 898 [h.
1742 818 1954 879 satiabi-

515 906 620 954 turl
644 907 800 954 terra.

364 896 917 1044 Germfi’t‘t'alntsezzrbam
931 969 1189 1044 jumentis
1215 969 1291 1043 [h.
1320 962 1523 1042 san".],

433 1049 483 1095 et
501 1041 676 1108 fenum
703 1041 1257 1110 servituti'ltominum,’

364 1111 433 1166 Ut
458 1113 643 1167 educat
664 1130 848 1184 panem
874 1113 938 1168 de
963 1122 1099 1174 terra
1128 1129 1148 1168 :

431 1191 480 1256 ct
505 1184 676 1256 vinum
699 1185 923 1256 laetiﬁcat
953 1202 1040 1239 cor
1068 1185 1312 1240 hominis.

361 1255 440 1309 Ad
471 1255 870 1330 exhilarandan't
894 1255 1078 1330 faciem
1105 1259 1160 1310 in
1189 1257 1265 1330 [h.
1290 1255 1462 1329 super]
1489 1256 1641 1311 oleo:

431 1327 585 1398 panis
610 1343 699 1382 cor
723 1326 948 1398 hominis
977 1326 1206 1382 roborat:

361 1396 749 1473 saturabuntur
773 1397 917 1473 ligna
944 1399 1152 1473 Domini
1179 1413 1201 1454 .°

429 1469 573 1524 cedri
600 1469 786 1524 Libani
809 1468 936 1539 quas
963 1468 990 1507 δ
1019 1469 1292 1541 plantavit.

361 1539 446 1594 Ibi
470 1557 588 1596 aves
609 1541 971 1612 nidiﬁcabunt,

433 1613 588 1667 mier
608 1613 748 1685 abies
770 1613 950 1685 domus
974 1615 1107 1685 ejus.

362 1683 566 1739 Montes
596 1684 784 1739 excelsi
809 1684 967 1738 cervis
992 1683 1018 1738 ξ

434 1765 578 1825 petra
602 1766 625 1794 ο
656 1756 916 1827 refugium
939 1754 1166 1812 hericiis.

362 1825 511 1880 Fecit
538 1825 724 1882 lunam
740 1825 836 1898 per
865 1836 1092 1898 tempora
1113 1843 1134 1883 :

433 1898 513 1953 sol
538 1895 769 1970 cognovit
797 1895 824 1935 ἀ
853 1895 1078 1952 cubitum
1103 1915 1273 1955 suum.

368 1967 615 2025 Posuisti
627 1967 878 2035 tenebras,
903 1979 950 2024 et
981 1971 1117 2036 facta
1145 1979 1219 2024 est
1249 1985 1352 2026 nox
1379 1986 1399 2026 :

435 2041 486 2093 in
516 2042 627 2113 ipsa
651 2041 1015 2113 moventur[h.
1043 2039 1254 2113 repunt]
1284 2059 1460 2098 omnes
1482 2042 1653 2098 bestia:
1676 2042 1852 2113 sylvce.

361 2109 557 2167 Leones
584 2114 844 2186 rugientes
865 2112 933 2186 ad
943 2109 1206 2182 praedam,

433 2191 479 2259 et
506 2183 791 2259 qurcrentes
814 2200 848 2237 a
875 2183 988 2259 ‘Deo
1009 2200 1178 2239 escam
1199 2183 1310 2259 [ΑΙ.
1343 2183 1508 2258 escas]
1533 2184 1654 2240 sibi.

365 2254 574 2309 Oriente
599 2253 708 2310 sole
732 2254 994 2318 recedent,

430 2335 477 2400 e_t
503 2327 556 2380 in
574 2325 829 2400 speluncis
858 2326 931 2397 [h.
964 2328 1017 2382 in
1037 2326 1310 2400 cubilibus]
1334 2328 1441 2384 suis
1461 2327 1738 2383 cubabunt.

365 2407 388 2434 θ
419 2395 728 2472 Egredietur
755 2395 908 2453 homo
936 2401 1005 2453 ad
1034 2416 1162 2472 opus
1189 2395 1361 2464 suum,

431 2478 480 2522 et
507 2469 576 2523 ad
599 2470 890 2525 servitutem
917 2469 1075 2524 suam
1095 2487 1257 2542 usque
1285 2472 1354 2524 ad
1380 2487 1662 2541 vesperum.

365 2539 533 2607 Quam
563 2541 726 2595 multa
753 2551 871 2596 sunt
892 2558 1049 2612 opera
1074 2539 1183 2611 tua,
1207 2542 1454 2598 Domine!

433 2612 606 2684 omnia
625 2613 677 2666 in
697 2615 951 2684 sapientia
979 2616 1149 2684 fecisti
1171 2629 1190 2666 :

432 2682 646 2752 impleta
672 2682 912 2739 est-terra
937 2682 1258 2756 possessione
1285 2693 1390 2740 tua.

367 2754 480 2826 Hoc
506 2771 647 2810 mare
672 2771 916 2826 magnum
938 2754 990 2811 et
1019 2758 1182 2811 latum
1209 2756 1460 2824 manibus,

438 2824 740 2898 ibireptilia
760 2824 1167 2882 innumerabilia
1190 2844 1210 2885 :

433 2897 685 2951 animalia
705 2914 867 2963 parva
883 2915 996 2953 cum
1025 2899 1328 2967 grandibus.

362 2967 390 3023 Ι
399 2969 449 3024 bi
469 2984 621 3024 naves
649 2968 668 3006 ί
702 2979 1062 3039 pertranseunt
1089 2985 1110 3024 .°

437 3039 693 3114 leviathan
722 3041 877 3095 istum
905 3041 1176 3114 plasmasti
1205 3051 1229 3090 8
1252 3051 1308 3097 ut
1337 3041 1580 3098 illuderet
1599 3041 1664 3096 ei.

365 3109 552 3184 Omnia
571 3111 624 3167 in
655 3121 702 3184 te
721 3109 956 3184 sperant,

431 3193 487 3238 ut
511 3183 602 3238 des
623 3182 791 3258 cibum
811 3185 961 3258 eisin
989 3193 1214 3258 tempore
1237 3203 1352 3242 suo.

362 3253 538 3310 Dante
567 3266 618 3328 te
635 3254 765 3320 illis,
797 3255 1040 3328 colligent
1073 3253 1093 3311 ἐ

433 3326 779 3402 aperiente‘te
818 3326 1030 3382 manum
1067 3336 1207 3383 tuam
1229 3371 1244 3397 ,
1276 3329 1610 3401 replebuntnr
1639 3328 1715 3402 [h.
1755 3333 1953 3383 satura-

505 3394 714 3468 buntur]
742 3397 892 3452 bono.

361 3468 656 3525 Abscondes
681 3468 880 3524 vultum
909 3478 1074 3540 tuum,
1098 3471 1460 3540 turbabuntur;

433 3542 637 3610 auferes
659 3541 904 3610 spiritum
930 3559 1123 3610 eorum,
1155 3543 1415 3612 deficient,

432 3621 480 3666 et
506 3613 559 3666 in
587 3612 847 3683 pulverem
870 3630 1019 3668 suum
1045 3623 1378 3669 revertentur.

363 3681 838 3755 Emittes'spiritum
863 3694 1009 3738 tuum
1037 3694 1082 3738 et
1108 3685 1454 3754 creabuntur,‘

434 3765 481 3808 et
502 3755 814 3826 instaurabis
843 3757 1027 3826 faciem
1050 3767 1198 3811 terra:
1221 3776 1241 3813 :

365 3824 454 3901 Sit
476 3826 645 3901 gloria
673 3824 883 3901 Domini
905 3827 962 3880 in
991 3829 1357 3901 sempiternum
1384 3829 1460 3901 [h.
1488 3827 1541 3883 in
1565 3824 1832 3899 sacculum]
1861 3841 1878 3882 :

435 3895 692 3969 lambitur
722 3895 974 3952 Dominus
999 3900 1050 3953 in
1073 3895 1313 3969 operibus
1343 3895 1470 3955 suis.

365 3968 471 4034 Qui
501 3967 705 4044 respicit
729 3977 916 4022 terram
935 3979 993 4044 Aet
1017 3967 1195 4044 tremet
1223 3971 1333 4044 [ΑΙ.
1370 3967 1561 4041 tremit]
1587 3987 1606 4025 :

435 4039 597 4112 tangit
626 4049 822 4112 montes
845 4047 893 4112 ct
919 4039 1206 4112 fumabunt.

363 4110 590 4166 Cantabo
613 4109 837 4164 Domino
861 4109 1049 4167 invita
1079 4130 1190 4167 mea
1217 4131 1237 4170 :

435 4182 659 4254 psallam
686 4179 798 4254 Deo
827 4199 938 4238 meo
962 4185 1212 4254 quamdiu
1241 4203 1374 4244 sum.

365 4251 585 4308 Placeat
613 4253 656 4324 ei
679 4251 939 4324 eloquium
965 4251 1132 4310 meum
1160 4273 1180 4312 :

437 4340 529 4398 ego
559 4323 671 4396 [AL
704 4323 794 4378 ad.
824 4327 1016 4398 autem]
1044 4327 1258 4386 laetabor
1287 4333 1340 4388 in
1374 4330 1620 4388 Domino.

366 4383 938 4470 Deﬁ'c_iaitt__peccatores
965 4383 1026 4452 de
1048 4409 1203 4470 terra,

433 4474 480 4518 et
501 4464 644 4534 impii
669 4465 809 4519 ultra
835 4483 937 4521 non
961 4473 1062 4525 sint
1086 4489 1106 4528 :

433 4535 660 4664 beiizgzc,
691 4537 864 4591 anima
892 4554 1029 4609 mea,
1061 4543 1279 4599 Domino
1309 4544 1416 4617 [AL
1452 4543 1778 4616 Dominum].
1812 4544 1946 4600 Alle-

434 4843 461 4872 "
488 4842 626 4911 Quid
652 4849 838 4897 notare
862 4839 1090 4897 voluerit
1109 4839 1441 4896 Scholiastes
1459 4849 1666 4908 noster,
1699 4858 1808 4898 non
1830 4856 1958 4913 pos-

358 4932 547 4971 sumus
586 4914 860 4980 divinare;
888 4913 1012 4983 quia
1036 4913 1239 4966 nullum
1272 4922 1356 4966 est
1377 4915 1597 4968 verbum
1629 4915 1950 4971 llebraicum

361 4988 414 5044 in
444 4989 524 5040 his
545 4985 811 5054 versibus,
836 4984 982 5056 quod
1003 4999 1098 5038 san
1116 4983 1406 5056 scribatur,
1432 4985 1514 5040 vel
1537 4985 1748 5056 legitur.
1767 4987 1950 5042 MART.

431 5058 460 5097 ι)
489 5058 692 5114 Nedum
722 5054 861 5112 mss.
876 5054 1070 5123 quibus
1087 5055 1306 5118 utimur,
1328 5055 1446 5125 pari
1469 5054 1660 5112 omnes
1681 5073 1948 5113 consensu

363 5131 550 5199 legunt
579 5130 630 5184 in
673 5128 1194 5199 secundapersona
1238 5126 1488 5199 plantasti
1529 5144 1547 5182 :
1597 5144 1781 5199 verum
1835 5129 1951 5196 ipse

362 5197 524 5256 etiam
567 5211 804 5254 assertor
855 5197 1124 5267 hujusmet
1173 5197 1425 5253 lectionis
1455 5208 1538 5253 est
1588 5198 1646 5255 S.
1692 5201 1852 5255 Pater
1893 5201 1946 5254 in

359 5270 776 5328 Commentariis
806 5269 871 5323 ad
903 5268 1060 5323 Isaia:
1087 5283 1207 5338 cap.
1241 5283 1301 5333 ll,
1335 5269 1443 5323 col.
1473 5270 1564 5338 59,
1591 5271 1702 5332 uhi,
1732 5270 1797 5324 In
1822 5287 1946 5325 ren-

357 5346 556 5403 tesimo.
599 5343 703 5412 ait,
741 5341 891 5395 tertio
937 5338 1155 5412 Psalmo
1185 5339 1404 5412 legimus
1432 5341 1606 5412 juxta
1640 5341 1950 5396 llebraicam

357 5417 619 5471 veritatem
643 5454 657 5479 ,
685 5411 1077 5468 Satnrabuntur
1122 5410 1262 5479 ligna
1297 5410 1538 5478 Domini,
1585 5423 1642 5468 et
1671 5413 1817 5468 cedri
1863 5412 1951 5468 Li-

358 5451 1111 5555 ἦῗιῖῖωίίυᾶεψηι’ριαηιαδιῂ
1145 5451 1655 5555 [θίὶιίιορῡρὶιιςέιιιῖι
1699 5451 1752 5539 in
1774 5451 1950 5540 der-tio

358 5559 500 5628 legat
528 5552 792 5612 Hebrznus
841 5552 1017 5609 textus
1042 5563 1158 5618 me:
1178 5598 1192 5625 ,
1225 5552 1361 5608 nihil
1391 5553 1478 5610 hic
1520 5569 1722 5613 censeo
1753 5555 1951 5611 immu-

359 5629 598 5684 tandum.

435 5712 455 5739 ε
484 5697 628 5771 Editi
648 5740 664 5764 ,
696 5698 954 5771 refugium
985 5696 1253 5771 herinacii.
1284 5694 1735 5771 Ciarcassoncnsis
1765 5699 1950 5754 Canon

360 5779 500 5826 utet
526 5769 892 5836 Memmianus,
927 5769 1185 5841 refugium
1214 5769 1461 5841 cuniculi.
1505 5770 1558 5825 Id
1590 5771 1770 5841 legunt
1801 5771 1953 5826 simi-

361 5842 482 5912 liter
510 5857 639 5896 mss.
663 5839 1101 5912 Sorbonicus,_et
1125 5839 1185 5895 S.
1211 5839 1514 5912 Michaelis.
1532 5842 1588 5897 In
1619 5839 1717 5898 has
1736 5843 1952 5898 varian-

381 5929 441 5971 es
473 5913 733 5970 lectiones
762 5913 986 5970 consulo
1025 5910 1339 5986 Hieronymi
1376 5912 1657 5984 epistolam
1682 5913 1795 5985 jam
1825 5929 1950 5972 cene

1625 339 1828 400 LlBER
1865 338 2235 400 PSALMORU
2245 341 2314 400 Μ.

1972 461 2027 521 Α
2055 463 2220 538 [CV.]
2249 463 2572 538 Con/itemini
2596 466 2839 530 Domino,
2870 465 3101 538 invocate
3129 477 3310 538 nomen
3332 463 3443 538 ejus
3467 476 3490 538 .j

3512 339 3652 400 mo

2058 532 2387 610 notasfacite
2406 539 2609 610 pOpulis
2635 539 2966 610 cogitationes
2989 536 3061 609 [h.
3087 532 3488 605 adinventibnes]
3516 540 3648 602 ejus.

2059 609 2274 664 Cantate
2303 610 2370 682 ei,
2393 609 2445 682 et
2474 609 2679 682 psallite
2699 609 2788 665 illi
2816 627 2834 664 .°

2129 684 2158 721 ιι
2189 679 2458 748 loquimini
2474 678 2544 736 'in
2572 683 2826 737 universis
2852 678 3176 735 mirabilibus
3199 679 3334 750 ejus.

2057 747 2338 810 Exsultate
2360 750 2433 823 [h.
2458 753 2795 826 Laudamini]
2825 755 2878 826 in
2905 751 3110 826 nomine
3137 747 3318 805 sancto
3343 747 3456 816 ejus
3490 765 3507 802 τ

2131 828 2440 896 lwtetur_cor
2467 824 2803 896 qurerentinm
2834 824 3132 896 Dominum.

2061 895 2289 966 Quwrile
2316 893 2595 951 Dominum
2619 907 2666 952 et
2684 898 2924 951 rirtutem
2947 895 3059 965 ejus
3088 908 3107 947 :

2125 964 2558 1043 quwrite‘faciem
2586 970 2702 1043 ejus
2723 970 2946 1042 jugiter.

2056 1037 2428 1112 Recordamini
2448 1037 2769 1112 mirabiliuin
2790 1037 2905 1112 Ejus
2931 1054 3048 1109 qua:
3077 1037 3204 1112 fecit
3229 1050 3246 1088 :

2126 1114 2393 1186 signorum
2420 1108 2496 1186 [h.
2526 1105 2902 1186 prodigiorum]
2930 1105 2978 1166 et
3001 1110 3330 1182 judiciorum
3356 1105 3464 1161 oris
3507 1109 3642 1176 ejus.

2057 1180 2248 1242 Semen
2266 1180 2537 1254 Abraham
2565 1180 2696 1238 servi
2728 1186 2843 1254 ejus
2865 1198 2884 1236 :

2130 1253 2409 1328 filiilacob
2437 1252 2588 1328 electi
2615 1258 2747 1328 ejus.

2056 1322 2178 1402 Ipse
2201 1324 2457 1402 Dominus
2474 1322 2615 1381 Deus
2635 1322 2824 1388 'noster
2849 1344 2868 1383 :

2127 1401 2182 1454 in
2210 1399 2447 1471 universa
2469 1404 2606 1471 terra
2622 1401 2834 1471 judicia
2861 1400 2992 1470 ejus.
3126 1469 3134 1471 4
3226 1468 3242 1471 _
3398 1470 3405 1471 ί
3461 1451 3468 1461 ,

2056 1469 2384 1543 Recordatus
2406 1476 2479 1543 est
2503 1468 2555 1522 in
2584 1468 2837 1528 internum
2867 1468 2941 1543 [h.
2974 1468 3245 1543 saxulum]
3268 1470 3407 1543 pacti
3431 1468 3553 1524 sui:

2127 1542 2283 1603 verbi.
2313 1539 2452 1620 quod
2488 1547 2730 1615 praecepit
2767 1545 2845 1620 [h.
2869 1539 3095 1598 verbum
3126 1541 3391 1612 pracepit]
3421 1545 3475 1596 in
3500 1539 3646 1596 mille

2201 1613 2577 1682 generationes.
2657 1613 2665 1615 ⁷
2768 1613 2786 1620 “
2881 1633 2889 1643 κ

2061 1686 2210 1753 Quod
2233 1683 2424 1756 pepigit
2448 1701 2563 1739 cum
2589 1685 2875 1756 Abraham,

2129 1765 2178 1811 et
2202 1757 2491 1825 juramenti
2520 1758 2602 1810 sui
2627 1775 2745 1812 cum
2767 1759 2941 1814 Isaac.

1982 1855 2032 1916 B
2062 1827 2129 1881 Et
2156 1828 2382 1951 ﬁrmqvil
2401 1826 2488 1970 ][h.
2510 1830 2707 1902 statuit]
2735 1831 2871 1886 illud
2897 1830 2910 1868 ί
2947 1828 3110 1885 Jacob
3135 1828 3188 1883 in
3211 1827 3321 1900 lege
3350 1826 3644 1901 [h.inprat-

2140 1967 2160 1970 _
2199 1915 2299 1970 cep
2314 1914 2398 1952 um
2451 1914 2469 1954 :

2199 1907 2398 1967 ceptum

2129 1967 2300 2023 Israel
2323 1969 2379 2023 in
2404 1967 2613 2040 pactum
2640 1974 3029 2040 sempiternum.

2055 2040 2268 2106 Dicens,
2282 2039 2374 2094 tibi
2401 2039 2535 2095 dabo
2556 2039 2757 2098 terram
2774 2044 3022 2099 Chanaan
3049 2061 3069 2100 :

2128 2113 2419 2178 funiculum
2445 2112 2766 2170 hmreditatis
2792 2125 2994 2172 vestrm.

2056 2183 2187 2239 Cum
2209 2191 2377 2255 essent
2401 2184 2497 2238 viri
2524 2187 2701 2255 pauci,

2126 2253 2316 2308 modici
2343 2264 2392 2308 et
2417 2253 2629 2311 advena:
2656 2257 2708 2312 in
2733 2275 2813 2312 ea.

2056 2325 2126 2382 Et
2149 2327 2469 2403 transierunt
2497 2326 2572 2403 [h.
2605 2329 3023 2403 ambulaverunt]
3046 2330 3110 2384 de
3139 2336 3289 2403 gente
3314 2328 3367 2382 in
3387 2335 3608 2400 gentem,

2127 2407 2175 2452 et
2197 2399 2265 2470 de]
2287 2414 2450 2470 regno,
2474 2397 2542 2453 ad
2573 2398 2826 2470 p0pulum
2853 2397 3094 2457 alterum.

2059 2467 2184 2524 Non
2213 2466 2408 2550 dimisit
2432 2466 2716 2538 hominem,
2747 2481 2803 2526 ut
2842 2483 3045 2529 noceret
3094 2472 3172 2546 [h.
3217 2466 3646 2538 calumniarelur]

2199 2555 2296 2604 eis,

2129 2609 2454 2686 etcorripuit
2483 2628 2578 2686 pro
2612 2615 2684 2686 eis
2712 2630 2874 2686 reges.

2060 2681 2244 2739 Nolite
2274 2681 2490 2754 tangere
2515 2681 2733 2744 christos
2751 2681 2908 2752 meos,

2131 2762 2180 2809 et
2201 2752 2478 2831 prophetas
2507 2770 2645 2813 meos
2673 2756 2835 2816 nolite
2861 2760 3121 2831 afﬂigere.

2061 2826 2130 2882 Et
2167 2824 2362 2878 vocavit
2393 2829 2581 2904 famem
2605 2845 2762 2904 super
2789 2824 3024 2904 terr'ain':

2134 2911 2336 2974 omnem
2365 2897 2565 2974 virgam
2605 2897 2680 2972 [hi
2714 2899 2978 2974 baculum]
3007 2903 3158 2974 panis
3188 2899 3451 2956 contrivit.

1955 3027 1964 3044 η
2062 2968 2208 3044 Misit
2235 2974 2355 3020 ante
2372 2966 2555 3036 faciem
2572 2966 2753 3028 eorum
2783 2973 2949 3044 virum
2961 2966 2992 3028 ἐ

2134 3042 2192 3115 in
2215 3053 2420 3115 servum
2438 3044 2778 3100 venumdatus
2797 3053 2871 3115 est
2895 3043 3113 3115 Ioseph.

2061 3111 2378 3186 Affliagerunt
2403 3109 2457 3162 in
2478 3117 2722 3186 compede
2757 3113 2914 3184 pedes
2947 3109 3056 3186 ejus
3088 3131 3108 3171 :

2134 3181 2190 3237 in
2207 3183 2400 3253 ferrum
2419 3181 2551 3236 venit
2578 3181 2767 3242 anima
2777 3186 2914 3253 ejus.

1981 3244 2028 3310 C
2068 3244 2240 3329 Usque
2261 3252 2330 3329 ad
2360 3256 2750 3329 tempusqdonec
2779 3244 2968 3329 veniret
2998 3272 3163 3313 sermo
3189 3259 3343 3329 ejus:

2047 3369 2086 3399 ._
2099 3323 2394 3399 _7el_oquium_
2415 3321 2631 3382 Domini
2652 3328 2885 3399 probavit
2905 3346 3040 3385 eum.

2057 3395 2204 3453 Misit
2229 3392 2327 3448 rex
2353 3392 2664 3472 regem],
2699 3411 2749 3455 et
2778 3399 2926 3472 solvit
2954 3417 3091 3455 eum.

2130 3463 2370 3539 princeps
2398 3463 2473 3536 [h.
2512 3463 2914 3543 dominatorem]
2980 3471 3317 3543 populorum,
3362 3478 3410 3525 et
3446 3468 3649 3523 dimisit

2200 3538 2276 3608 [h.
2305 3535 2480 3608 solvit]
2508 3540 2678 3596 illum.
3449 3539 3462 3548 ’

2238 3539 2276 3591 't.
2305 3539 2479 3596 solvit]
2508 3540 2678 3596 illum.
2897 3539 2914 3543 ⁷
2980 3539 2990 3543 ⁷
3049 3539 3059 3542 ⁷
3449 3539 3462 3548 ’

2133 3538 2136 3539 ⁷
2200 3538 2276 3610 [h.
2305 3538 2480 3608 solvit]
2508 3540 2678 3596 illum.
2897 3538 2914 3543 ⁷
2980 3538 2991 3543 ⁷
3049 3538 3060 3542 ⁷
3449 3539 3462 3548 ⁷

2054 3609 2244 3665 Posuit
2271 3623 2392 3688 eum
2419 3606 2683 3688 dominum
2709 3614 2786 3688 [h.
2819 3611 3219 3688 dominatorem]
3267 3612 3453 3688 domus
3515 3626 3645 3688 suae,

2124 3690 2172 3735 et
2202 3679 2483 3748 principem
2505 3683 2580 3755 [h.
2611 3679 3009 3756 dominatorem]
3051 3686 3104 3739 in
3155 3679 3296 3738 omni
3326 3683 3649 3754 possessione

2195 3767 2311 3806 εαα.

2059 3821 2128 3880 Ut
2153 3822 2378 3903 erudiret
2403 3820 2477 3893 [h.
2511 3828 2804 3903 castigaret]
2825 3828 3082 3900 principes
3107 3830 3220 3902 ejus
3250 3824 3532 3881 secundum
3559 3840 3650 3880 vo-

2206 3893 2458 3947 luntatent
2483 3893 2655 3963 suam;

2039 4011 2044 4018 .
2067 4035 2106 4041 _
2128 3975 2176 4041 et
2205 3979 2351 4019 senes
2376 3965 2492 4035 ejus
2519 3974 2828 4041 sapientiam
2849 3973 3078 4030 doceret.
3162 4037 3205 4041 ᾔ
3412 3988 3414 3990 '

2058 4035 2126 4092 Et
2153 4039 2414 4117 ingressus
2433 4049 2506 4117 est
2531 4035 2700 4099 Israel
2733 4044 2838 4117 [ΑΙ.
2868 4043 2994 4098 add.
3015 4041 3098 4117 in]
3131 4037 3446 4113 ngyptum,

2129 4117 2177 4162 et
2200 4105 2368 4160 Jucob
2396 4111 2599 4184 advena
2631 4105 2814 4184 fuit‘in
2837 4127 2973 4171 terra
3003 4105 3187 4168 Cham.

2060 4178 2128 4234 Et
2155 4193 2380 4259 crescere
2401 4182 2526 4259 fecit
2554 4178 2808 4259 populum
2833 4203 2984 4259 suum
3011 4185 3186 4259 nimis,

2128 4258 2178 4332 et
2204 4253 2465 4332 roboravit
2495 4253 2792 4332 eum'super
2820 4258 2997 4332 hostes
3029 4257 3178 4332 ejus;
3343 4307 3354 4320 κ,

2060 4320 2074 4372 i
2116 4319 2377 4399 Convertit
2404 4338 2493 4378 cor
2512 4319 2711 4399 eorum;
2736 4338 2789 4383 ut
2822 4327 2944 4383 odio
2976 4319 3220 4399 haberent
3241 4325 3494 4399 populum
3515 4324 3652 4398 ejus.

2129 4401 2187 4464 ut
2219 4390 2398 4464 dolose
2419 4408 2625 4464 agerent
2645 4390 2822 4455 contra
2849 4413 3022 4453 servos
3054 4395 3220 4451 illius.

2023 4471 2025 4474 ‘
2059 4462 2205 4518 Misit
2232 4460 2415 4516 Mosen
2438 4460 2639 4522 servum
2668 4487 2819 4526 suum
2843 4486 2861 4523 :

2130 4533 2238 4613 [Al_.
2261 4531 2490 4613 add._et]
2515 4539 2715 4613 Aaron,
2741 4556 2892 4613 quem
2918 4538 3070 4610 elegit
3091 4540 3214 4609 sibi,

1983 4631 2038 4692 D
2069 4605 2249 4664 Posuit
2276 4609 2331 4664 in
2360 4608 2434 4663 eis
2464 4605 2615 4666 verba
2635 4605 2903 4686 signorum
2930 4605 3171 4679 suorum,

2061 4841 2164 4898 ties
2184 4848 2542 4900 recantatam.
2575 4841 2768 4903 Mam.

2133 4914 2158 4954 d
2190 4914 2310 4968 Duo
2339 4928 2464 4979 ms,
2495 4913 2787 4968 occubitum
2812 4930 2984 4971 suum.
3450 4951 3459 4955 -

2134 4997 2158 5025 ο
2189 4985 2545 5041 Cistcrciens.
2580 4985 2738 5050 liber,
2769 4986 2821 5041 in
2854 4983 3097 5052 instanti,
3123 4984 3406 5056 egreditur.

2133 5056 2152 5096 ἲ
2180 5056 2335 5128 Μαίη
2373 5073 2476 5112 ms.
2502 5072 2667 5128 naves
2683 5058 3086 5128 pertransibunt.

2126 5139 2152 5176 8
2174 5127 2248 5184 Ita
2269 5127 2624 5189 Memmianus
2645 5127 2856 5196 canon,
2886 5129 2974 5186 cui
2994 5137 3294 5183 consonant
3315 5139 3447 5180 mss.
3468 5140 3658 5191 quam-

2052 5201 2273 5270 plnres:
2304 5205 2492 5259 Canon
2539 5209 2722 5254 autem
2754 5197 3204 5270 Carcassonensis
3238 5213 3300 5250 ac
3341 5213 3445 5251 ms.
3471 5197 3529 5270 S.
3561 5197 3660 5270 Mi-

2055 5268 2262 5327 chaelis
2283 5273 2465 5343 legunt
2493 5269 2831 5343 manifestius
2855 5271 3010 5343 juxta
3058 5270 3343 5343 Hclirasum
3375 5310 3387 5331 ,
3427 5268 3659 5343 nt__lude-

2057 5359 2138 5416 res
2159 5344 2215 5416 in
2231 5360 2309 5401 eo.
2337 5339 2488 5416 Quod
2510 5343 2578 5416 ab
2591 5341 2886 5416 scholiaste
2905 5339 3450 5416 videturderigatnm.
3475 5339 3654 5394 ΜΑιιτ.

2128 5412 2171 5488 ¹²λ
2197 5415 2322 5488 Sint:
2347 5410 2733 5488 'prasposilipne
2762 5413 2816 5488 in
2843 5413 3078 5488 legimus
3118 5411 3171 5488 in
3229 5410 3566 5488 Memmiana
3587 5425 3655 5466 ac

2054 5480 2368 5544 Sorbonico'
2417 5480 2548 5542 mss.
2568 5527 2584 5549 ,
2616 5480 2924 5552 Loquimini
2943 5483 3190 5537 universis
3228 5480 3488 5536 mirabilia
3519 5482 3656 5551 ejus.

2055 5555 2114 5611 In
2145 5557 2565 5614 Carcassonensi
2592 5564 2648 5610 et
2681 5571 2785 5611 ms.
2811 5554 2998 5610 codice
3026 5553 3085 5610 S.
3121 5553 3282 5608 Mich.
3305 5597 3320 5624 ,
3353 5553 3651 5622 Loquimini

2059 5628 2295 5690 universa
2319 5627 2578 5684 mirabilia
2607 5630 2744 5698 ejus.
2779 5627 2960 5682 Man'r.

2139 5697 2152 5736 ί
2193 5699 2290 5755 llic
2319 5716 2448 5757 vero
2471 5692 2816 5755 Cisterciens.
2877 5714 2981 5754 ms.
3034 5713 3151 5752 cum
3196 5692 3358 5749 Iacob
3398 5694 3451 5749 in
3496 5693 3646 5764 lege:

2059 5769 2360 5848 cumlsrael
2391 5773 2444 5826 in
2466 5778 2695 5848 pactum
2718 5778 2824 5825 ειο·
3032 5841 3042 5848 ,
3107 5838 3155 5848 ,,
3401 5836 3439 5848 ,ι
3519 5835 3531 5848 .

2135 5843 2148 5892 i
2189 5843 2302 5897 Duo
2323 5860 2353 5899 e
2369 5836 2570 5898 nostris
2587 5857 2714 5898 mss.
2727 5883 2742 5910 ,
2763 5853 2808 5900 et
2819 5841 3084 5899 convertit.
3107 5838 3226 5896 Mox
3251 5851 3388 5894 unus
3401 5836 3642 5910 Reginae,

2062 5920 2118 5969 ut
2144 5913 2293 5970 dolos
2316 5925 2544 5990 agerent.
