4124 6360
365 309 524 400 ωε

380 430 562 486 Multis
583 428 776 485 vicibus
803 428 1035 485 liberavit
1063 446 1147 486 eos
1179 447 1197 488 :

452 503 553 572 ipsi
585 519 704 557 vero
725 502 1065 570 provocabunt
1094 505 1146 557 in
1180 501 1406 558 consiliis
1435 502 1564 565 suis,

450 571 498 628 et
523 571 782 648 humiliati
801 582 918 648 sunt
947 585 1153 646 propter
1179 575 1504 645 iniquitatem
1547 591 1694 630 suam
1725 573 1835 648 [ΑΙ.
1868 575 1964 628 ini-

521 646 741 716 quitates
766 645 928 716 suas}.
948 643 957 646 ⁷
1044 643 1052 646 “
1268 643 1274 645 ⁷
1727 643 1744 648 ”

381 715 452 769 Ει
474 716 597 770 vidit
631 715 1009 772 tribulationem
1037 733 1214 772 eorum
1239 734 1260 779 :

451 804 566 840 cum
598 786 796 840 audiret
825 803 910 842 eos
941 799 1205 858 rogantes.

380 857 449 912 Et
479 860 778 912 recordatus
808 867 879 913 est
905 857 1042 929 pacti
1063 863 1144 914 sui
1164 878 1280 919 cum
1309 864 1380 920 eis
1406 880 1425 919 :

449 940 496 983 et
520 929 754 1013 paenituit
957 930 1046 984 ad.
1079 934 1211 1006 cum]
1257 935 1538 992 secundum
1580 931 1971 988 multitudinem

521 1015 886 1054 misericordia:
908 1017 1034 1055 ευαξ.

375 1068 447 1123 Et
476 1070 618 1124 dedit
641 1088 723 1125 eos
754 1071 1070 1126 miserabiles
1093 1090 1114 1129 :

448 1157 620 1214 coram
651 1142 884 1214 omnibus
909 1145 996 1214 qui
1018 1156 1257 1214 ceperant
1283 1165 1389 1205 eos.

378 1212 540 1268 Salva
561 1229 675 1280 nos,
708 1211 930 1267 Domine
949 1211 1096 1289 Deus
1129 1230 1322 1289 noster,

447 1294 495 1337 et
524 1300 782 1356 congrega
811 1301 902 1338 nos
925 1284 986 1338 de
1012 1289 1246 1353 gentibus
1271 1308 1287 1346 .-

379 1353 449 1409 Ut
469 1353 808 1422 conﬁteantur
837 1356 1032 1433 nomini
1057 1371 1235 1416 sancto
1263 1372 1374 1433 tuo,

445 1437 490 1479 et
515 1443 762 1479 canamus
795 1436 821 1463 ιι
847 1427 1117 1485 laudantes
1149 1442 1214 1488 te.

373 1495 682 1553 Benedictus
712 1495 961 1552 Dominus
991 1497 1124 1556 Deus
1152 1501 1348 1559 Israel.

447 1569 756 1692 αἰηαίενηοἲ
772 1577 817 1621 et
838 1585 994 1708 iisque
1025 1574 1077 1628 in
1107 1576 1444 1650 teternum[h.
1463 1576 1703 1632 asmculo
1733 1583 1784 1632 et
1808 1590 1970 1647 usque

517 1656 570 1692 in
601 1655 733 1692 stecu
762 1657 842 1693 um
899 1657 910 1692 :

517 1656 570 1692 υι
601 1655 865 1693 εωεαιωηι
899 1657 910 1692 ζ

444 1721 490 1782 et
508 1709 838 1782 dicetiomnis
863 1713 1104 1782 populus,
1129 1733 1301 1773 amen.
1339 1719 1591 1774 Alleluia.

372 1779 601 1860 [CVII
632 1779 955 1860 Conﬁtemini
990 1785 1230 1860 Domino,
1258 1790 1501 1860 quoniam
1533 1790 1696 1844 bonus
1736 1805 1754 1860 .°

443 1853 686 1931 quoniam
706 1852 757 1906 in
779 1862 1021 1931 tete'rnum
1047 1856 1120 1931 [It
1149 1852 1417 1931 steeulum]
1441 1859 1803 1931 misericordia
1829 1858 1963 1929 ejus.

373 1921 564 1978 Dicant
589 1923 974 2046 red'emptiJAI.
1007 1921 1095 1999 qui
1114 1932 1359 2001 redempti
1381 1921 1524 2004 sunt]
1555 1950 1585 1986 a
1616 1921 1873 1986 Domino}

442 2011 569 2046 auos
601 1993 821 2046 redemit
888 2014 913 2046 ε
942 2015 1096 2046 manu
1126 2001 1310 2046 hostis-

442 2011 569 2065 quos
601 1993 821 2065 redemit
848 1993 913 2049 de
942 1993 1096 2054 manu
1125 1993 1311 2058 hostis.

371 2064 440 2120 Et
456 2064 532 2141 de
555 2064 700 2141 terris
729 2072 1050 2141 congregavit
1075 2086 1182 2136 eos,

443 2137 505 2190 ab
536 2137 731 2216 oriente
750 2146 797 2190 et
827 2137 1088 2216 occidente
1113 2159 1133 2216 ξ
1154 2142 1217 2198 ab
1239 2143 1482 2216 aquilone
1511 2150 1558 2196 et
1586 2141 1718 2200 mari
1751 2155 1771 2198 .°

374 2206 691 2261 Erraverunt
715 2207 765 2260 in
794 2210 1086 2276 solitudine,
1117 2215 1171 2268 in
1201 2206 1406 2270 deserta
1433 2214 1516 2270 via
1543 2230 1562 2268 :
1675 2230 1678 2232 ‘

443 2281 698 2357 civitatem
726 2295 840 2350 qua:
864 2282 1199 2357 habitaretur,
1229 2303 1331 2340 non
1352 2294 1675 2357 repererunt.

446 2350 743 2403 Esurientes
764 2359 812 2404 et
840 2353 1075 2410 sitientes
1106 2372 1124 2412 :

443 2423 616 2494 anima
647 2436 821 2474 eorum
841 2440 895 2477 in
927 2427 1050 2484 ipsis
1081 2427 1366 2494 deficiebat.

372 2491 443 2546 Et
477 2493 825 2546 clamauerunt
848 2496 915 2548 ad
945 2491 1222 2552 Dominum
1245 2499 1298 2553 in
1321 2497 1654 2554 tribulatione
1677 2515 1772 2556 sua
1798 2512 1818 2554 .'

445 2565 510 2644 de
536 2563 822 2644 afﬂictione
851 2564 927 2638 Ut.
959 2569 1240 2644 angustiis]
1270 2587 1448 2626 eorum
1468 2569 1662 2644 eripuit
1689 2586 1796 2634 eos.

379 2632 448 2688 Et
469 2634 498 2673 ι)
521 2632 666 2708 auem
693 2635 807 2708 illos
835 2632 926 2708 per
953 2632 1085 2692 viain
1111 2632 1319 2704 rectam.

447 2717 500 2759 ut
521 2707 748 2760 venirent
777 2707 1105 2766 incivitatem
1129 2712 1482 2766 habitabilem.

372 2775 788 2855 Con/iteaiitur_°
819 2779 1481 2855 Dominogmisericordiam
1510 2785 1624 2855 ejus
1652 2823 1668 2849 ,

446 2859 492 2924 et
521 2849 783 2924 mirabilia
810 2853 924 2924 ejus
952 2854 1003 2906 in
1030 2853 1167 2924 ﬁlios
1190 2857 1456 2910 hominum
1477 2897 1493 2924 ,

383 2918 520 2985 Quia
540 2921 792 2973 saturavit
821 2918 1050 2977 animam
1076 2942 1313 2992 vacuant,
1479 2918 1486 2928 ’

446 2992 753 3068 etanintant
785 2994 1086 3068 esurientem
1114 2995 1339 3068 implevit
1363 2995 1528 3050 bonis.

376 3061 680 3118 Habitantes
708 3063 762 3116 in
793 3066 1010 3124 tenebris
1039 3075 1087 3122 et
1117 3061 1299 3126 umbra
1328 3069 1530 3132 mortis,

451 3134 694 3204 alligatos
724 3134 899 3204 inopia
928 3145 974 3191 et
1005 3137 1164 3206 ferro.

381 3205 516 3272 Quia
547 3218 948 3272 prouocauerunt
976 3223 1232 3264 sermones
1271 3207 1390 3272 Dei.

443 3286 493 3349 et
517 3273 680 3349 consil
687 3276 790 3349 ium
803 3279 1004 3349 excelsi
1021 3279 1526 3349 blasphemaverunt.

374 3345 764 3401 Et'humiliavit
793 3348 848 3401 in
871 3349 1044 3404 labore
1059 3345 1148 3406 cor
1173 3368 1347 3406 eorum
1373 3366 1391 3404 :

444 3416 473 3454 ἀ
492 3419 811 3494 corruerunt,
840 3431 887 3473 et
917 3438 1020 3494 non
1049 3433 1157 3474 erat
1187 3423 1276 3494 qui
1301 3421 1586 3494 adjuvarel.

377 3488 444 3543 Et
469 3490 815 3542 clamaret-unt
855 3493 924 3544 (td
948 3488 1226 3546 Dominum
1255 3493 1306 3546 in
1332 3488 1664 3550 tribulatione
1687 3509 1781 3548 sua
1810 3507 1828 3547 ἔ

450 3570 474 3597 θ
505 3563 568 3632 de
594 3563 843 3632 angustiis
870 3579 1047 3618 eorum
1073 3565 1285 3620 saltavit
1317 3582 1424 3620 eos.

374 3628 445 3685 Et
468 3631 643 3686 eduxit
663 3628 761 3686 'eos
787 3634 848 3688 de
875 3636 1092 3690 tenebris
1119 3647 1163 3690 et
1191 3637 1372 3696 umbra
1397 3637 1603 3704 mortis,

445 3711 492 3756 et
508 3704 729 3778 _vincula
753 3721 929 3778 eorum
961 3707 1205 3778 disrupit.

375 3771 732 3848 Conﬁteantur
762 3774 981 3834 Domino
1005 3771 1412 3848 misericordiam
1443 3778 1578 3848 ejus,

445 3856 492 3921 et
519 3847 777 3921 mirabilia
803 3849 914 3918 ejus
941 3849 992 3900 in
1022 3845 1160 3917 ﬁlios
1184 3849 1290 3921 [AL
1323 3845 1475 3918 filiis]
1490 3845 1781 3921 hominum.

380 3915 517 3984 Quia
546 3919 783 3994 contrivit
813 3915 990 3989 portas
1017 3915 1286 3994 afreas'lh.
1323 3915 1470 3973 ostia
1497 3916 1679 3989 aerea],

447 3999 500 4063 et
525 3997 683 4041 vectes
712 3988 903 4063 ferreos
936 3988 1228 4063 confregit."

380 4056 578 4112 Stultos
598 4056 804 4130 propter
830 4060 963 4112 riam
979 4056 1069 4131 ili.
1098 4056 1160 4114 tt'e
1189 4058 1292 4130 vial
1315 4060 1518 4116 sceleris
1541 4077 1742 4129 eorum,

446 4137 497 4183 et
557 4128 764 4205 prapter
813 4128 1110 4201 iniquitates
1162 4131 1238 4205 [‘h.
1285 4128 1358 4187 de
1411 4128 1770 4205 iniquitatibus
1833 4128 1962 4200 suis]

519 4203 764 4272 afﬂictos.

379 4273 589 4329 Omnem
613 4273 780 4328 cibum
805 4273 1100 4328 abominata
1129 4285 1202 4327 est
1232 4275 1407 4328 anima
1428 4289 1638 4340 eorum,

445 4354 494 4398 et
514 4355 833 4398 accesserunt
867 4343 939 4396 ad
949 4345 1074 4468 LAI.
1108 4362 1267 4416 usque
1297 4345 1384 4413 ad|
1411 4357 1586 4417 portas
1618 4343 1821 4399 mortis.

473 4415 822 4468 clamarerunt
850 4416 918 4468 ad
1001 4417 1229 4468 ominum
1259 4417 1312 4468 in
1340 4417 1676 4468 tribulatione
1707 4432 1802 4468 sua

376 4413 442 4467 Et
473 4415 822 4470 clamauerunt
850 4416 918 4468 ad
949 4413 1229 4469 Dominum
1259 4417 1312 4469 in
1340 4413 1676 4470 tribulatione
1707 4432 1802 4469 sua
1836 4429 1856 4471 .°

446 4487 509 4537 de
537 4486 653 4556 (Al.
675 4496 722 4538 et
748 4485 832 4554 de]
862 4487 1115 4556 angustiis
1151 4503 1323 4542 eorum
1354 4488 1572 4542 saluauit
1598 4503 1706 4541 eos.

377 4553 522 4608 Misit
540 4553 750 4608 verbum
774 4553 947 4620 suum,
972 4566 1019 4608 et
1038 4557 1239 4610 sanavit
1266 4574 1350 4611 eos
1369 4573 1388 4611 :

449 4634 498 4680 et
526 4627 737 4678 saluauit
766 4626 829 4692 de
850 4626 1061 4680 interitu
1081 4642 1279 4679 eorum.

375 4693 728 4768 Conﬁteantur
755 4695 976 4754 Domino
999 4697 1404 4768 misericordiam
1432 4699 1569 4768 ejus,

447 4765 495 4840 et
524 4768 780 4822 mirabilia
808 4771 923 4840 ejus
953 4768 1005 4821 in
1036 4765 1172 4837 ﬁlios
1196 4767 1272 4842 [h.
1313 4765 1467 4842 filiis]
1490 4767 1783 4824 hominum.

450 4995 474 5023 ε
508 4983 646 5040 Editi
695 4984 895 5040 habent
929 5026 945 5048 .
990 4997 1039 5042 et
1070 4999 1317 5041 canamus
1359 4981 1414 5036 in
1444 4981 1598 5036 laude
1634 4991 1743 5036 tua.
1776 4980 1964 5036 Canon

377 5055 732 5128 Memmianus
784 5073 888 5112 non
925 5055 1055 5128 legit
1109 5067 1156 5111 te
1211 5056 1263 5109 in
1312 5053 1460 5110 line:
1501 5064 1548 5110 et
1576 5070 1822 5107 canamus
1851 5052 1959 5107 lau-

378 5129 579 5181 dantes.
611 5126 786 5183 MART.

445 5198 472 5236 δ
505 5197 854 5252 Memmianns
882 5197 1066 5252 Conon
1099 5213 1112 5251 :
1141 5193 1340 5250 Eduxit
1367 5211 1453 5248 eos
1480 5211 1570 5264 per
1587 5195 1717 5247 viam
1747 5203 1962 5261 rectam,

374 5270 427 5323 in
458 5270 711 5323 civitatem
737 5271 1082 5324 habitabilem.
1110 5268 1297 5323 Melius
1326 5265 1470 5338 quod
1502 5276 1583 5338 est
1607 5265 1657 5319 in
1687 5266 1868 5333 editis,
1900 5282 1964 5324 ac

374 5342 589 5396 caeteris
611 5354 740 5394 mss.
767 5342 1062 5395 codicilms.
1086 5336 1542 5394 Carcassonensis
1564 5336 1713 5409 legit,
1731 5348 1784 5390 ut
1807 5339 1960 5407 irent,

374 5428 494 5483 pro,
528 5419 581 5465 ut
613 5411 858 5466 venirent.
894 5412 1070 5466 MART.

443 5515 480 5524 ν
500 5514 513 5522 -
539 5483 640 5537 Ms.
671 5484 1015 5538 Cisterciens.
1065 5481 1132 5536 Et
1182 5481 1356 5535 educit
1381 5495 1465 5534 eos
1499 5497 1510 5530 :
1541 5485 1595 5535 et
1625 5479 1782 5547 paulo
1814 5488 1959 5548 post,

373 5556 716 5623 conﬁteantur
743 5555 958 5610 Domino
981 5553 1349 5608 misericordia:
1385 5553 1516 5624 ejus.
1540 5551 1715 5624 Quam
1753 5551 1959 5624 lectio-

375 5622 497 5681 nem
529 5625 757 5700 inferius
780 5641 991 5700 quoque
1019 5626 1242 5692 retinet,
1278 5625 1370 5678 ubi
1404 5622 1714 5678 'versiculus
1749 5623 1849 5678 iste
1878 5623 1961 5678 bis

377 5706 564 5766 terque
593 5699 876 5766 repetitur.

450 5764 628 5822 cMss.
657 5764 906 5840 aliquot,
941 5765 1558 5840 Con/iteanturﬁDomino
1596 5764 1962 5840 misericordia:

377 5839 507 5909 ejus,
537 5849 580 5893 et
604 5836 862 5896 mirabilia
893 5836 1016 5912 ejus
1042 5841 1095 5895 in
1137 5839 1260 5910 filiis
1305 5839 1586 5895 hominum.
1631 5836 1962 5894 Sorbonicus

1621 311 1826 372 LIBER
1865 313 2318 373 PSALMORUM.

2001 434 2051 494 A
2083 431 2149 488 Et
2194 430 2458 488 immolent
2487 431 2682 488 hostias
2706 431 2987 507 gratiarum
3020 433 3094 507 [h.
3131 433 3556 506 confessionum],

1987 3224 2035 3286 C

3538 315 3684 378 iii"

2147 514 2196 557 et
2228 514 2436 558 narrent
2465 521 2621 573 opera
2643 507 2754 574 ejus
2784 507 2835 558 in
2861 505 3035 562 laude.

2075 573 2178 642 Qui
2207 575 2522 629 descendunt
2552 574 2568 612 ί
2593 573 2730 630 mare
2759 578 2810 630 in
2842 579 3050 636 navibus
3074 594 3092 631 :

2143 645 2388 721 facientes
2418 663 2546 715 opus
2578 648 2684 721 ΙΛΙἒ
2714 647 3058 721 ορεγναιὶοηεδ]
3086 649 3142 704 in
3170 649 3318 721 aquis
3346 647 3550 706 multis.

2074 715 2188 786 Ipsi
2219 717 2451 790 viderunt
2479 715 2635 790 opera
2660 715 2891 784 Dotini,

2145 787 2643 862 et__ni_irabilia‘eius
2682 792 2733 862 in
2771 791 3056 862 profundo.

2075 857 2143 913 Et
2174 859 2332 935 dirit,
2361 869 2408 935 et
2437 863 2660 935 surrearit
2683 857 2988 935 [hfstatuitj
3019 871 3195 918 ventus
3222 862 3558 935 tempestatis,

2145 940 2192 983 et
2217 931 2428 1003 elevavit
2456 931 2840 1003 gurgites'ejus.

2073 1001 2373 1076 Ascendunt
2393 1003 2445 1056 in
2476 1001 2761 1076 caelum,et
2789 1004 3100 1076 descendunt
3124 1005 3178 1076 in
3195 1005 3406 1076 abyssos
3433 1019 3452 1058 :

2145 1072 2318 1125 anima
2342 1089 2517 1126 eorum
2546 1077 2605 1156 in.
2638 1075 2922 1144 afflictione
2945 1076 3020 1148 [ἡ.
3059 1074 3224 1201 υκαιοὶ
3249 1072 3593 1134 consumitur.

2145 1152 2488 1201 istupuerunt.
2515 1153 2560 1197 et
2590 1156 2962 1201 mtremuerunt
2994 1150 3139 1201 quasi
3167 1164 3192 1200 e
3230 1149 3338 1201 rius
3377 1163 3398 1201 :

2077 1141 2488 1218 Obstupueram,
2515 1153 2560 1197 et
2590 1141 2963 1202 intremuerunl
2994 1150 3139 1218 quasi
3167 1141 3338 1203 ebrius
3377 1163 3398 1202 .°

2145 1224 2191 1288 et
2220 1215 2456 1270 universa
2487 1218 2741 1288 sapientia
2769 1234 2945 1288 eorum
2982 1215 3224 1288 absorpta
3249 1229 3342 1272 est.

2077 1294 2101 1332 Β
2131 1285 2490 1359 (limitaverunt
2513 1285 2680 1341 autem
2713 1288 2783 1342 ad
2808 1287 3087 1344 Dominum
3109 1285 3164 1345 in
3194 1287 3665 1359 tribulationefsua,

2145 1367 2190 1411 et
2222 1357 2285 1411 de
2305 1359 2558 1416 angustiis
2587 1375 2764 1413 eorum
2789 1361 2965 1413 eduxit
2992 1379 3098 1416 eos.

2147 1376 2189 1411 ρι
2222 1376 2285 1411 ae
2305 1376 2370 1411 an
2413 1376 2558 1412 ηδιιιδ
2587 1376 2764 1413 eorum
2789 1376 2965 1413 eauxtt
2992 1379 3098 1416 608.

2147 1429 2352 1503 Statuet
2374 1376 2452 1502 fit.
2500 1428 2808 1500 Suscitabit]
2843 1431 3096 1488 turbinem
3123 1434 3178 1486 in
3214 1430 3664 1503 tranquillitatem.

2145 1513 2192 1552 et
2224 1499 2444 1572 silebit—nt
2463 1503 2652 1572 fluctus
2672 1503 2719 1572 ej
2727 1499 2803 1558 us.

2074 1571 2429 1636 Ltetabuntur,
2461 1574 2702 1641 quoniam
2729 1575 3048 1641 quieverunt,

2145 1651 2190 1698 et
2203 1642 2425 1718 deducet
2449 1660 2534 1718 eos
2565 1644 2632 1718 ad
2665 1655 2868 1718 portum
2893 1662 3046 1718 quem
3074 1643 3367 1718 voluerunt.

2075 1713 2425 1786 Conﬁteantur
2457 1714 2677 1769 Domino
2706 1713 3111 1774 misericordiam
3139 1717 3274 1786 ejus,

2146 1797 2192 1840 et
2223 1785 2482 1838 mirabilia
2507 1787 2620 1852 ejus
2645 1787 2698 1840 in
2725 1787 2861 1856 filios
2903 1785 3190 1842 hominum.

2002 1829 2048 1892 θ
2075 1829 2619 1930 ιςινέαέαιιεηιζ-έιῑηῖῖᾱ
2634 1829 3070 1930 ἑῖεἰὲἕίῖι“ρῖιῖ›ὶὶίἐ’ξ

2142 1937 2188 1980 et
2211 1926 2264 1980 in
2297 1926 2544 1980 cathedra
2562 1928 2828 1982 seniorum
2851 1926 3066 1984 laudent
3094 1945 3236 1983 eum.

2076 1995 2244 2051 Ponet
2273 1997 2496 2065 flumina
2522 1997 2576 2049 in
2606 1997 2881 2063 desertum,

2139 2078 2188 2122 et
2217 2071 2383 2142 fontes
2415 2066 2492 2142 [ξι.
2523 2067 2715 2142 exitus]
2735 2085 2987 2142 aquarum
3016 2069 3069 2122 in
3099 2069 3265 2124 sitim.

2071 2135 2282 2194 Terram
2296 2135 2618 2211 fructi/eram
2647 2135 2714 2193 in"
2725 2135 3042 2211 salsuginem
3067 2155 3085 2194 :

2140 2225 2248 2281 pra:
2268 2208 2468 2263 malitia
2496 2210 2845 2264 habitatorum
2871 2208 3004 2282 ejus,

2070 2281 2238 2336 Ponet
2261 2282 2594 2354 desertumin
2619 2282 2834 2353 paludes
2858 2281 3111 2354 aquarum
3129 2322 3155 2354 ί,

2139 2361 2188 2407 et
2209 2348 2629 2426 terraminviam
2650 2348 2915 2426 infantes
2933 2354 2948 2426 |V
2973 2354 3027 2410 h.
3056 2348 3248 2422 exitus]
3273 2367 3556 2426 aquarum.

2068 2423 2137 2479 Et
2170 2423 2440 2477 collocavit
2483 2424 2552 2476 ibi
2583 2425 2904 2480 esurientes:

2139 2503 2187 2548 et
2215 2493 2505 2564 fundabunt
2536 2495 2706 2548 urbem
2741 2497 2808 2548 ttd
2839 2494 3201 2550 habitandum.

2069 2565 2138 2622 Et
2161 2570 2328 2635 ferent
2355 2581 2528 2635 agros,
2559 2575 2607 2619 et
2638 2565 2944 2635 plantabunt
2972 2566 3146 2622 vineas
3170 2582 3188 2619 :

2142 2646 2190 2710 et
2215 2637 2409 2710 facient
2430 2641 2604 2710 fruges
2626 2639 2855 2707 germina
2884 2638 3004 2710 [AL
3025 2635 3334 2710 genimina].

2068 2708 2138 2763 Et
2170 2708 2465 2781 benedicent
2497 2708 2590 2772 eis,
2621 2717 2668 2761 et
2697 2708 3179 2781 multiplicabuntur
3209 2709 3382 2775 nimis,

2140 2790 2187 2832 et
2211 2794 2398 2848 pecora
2421 2776 2500 2851 [Ιι.
2537 2779 2788 2849 iumenta]
2815 2775 2991 2836 eorum
3019 2795 3124 2833 non
3155 2775 3184 2816 ιι
3209 2781 3595 2838 imminuantur.

2068 2849 2352 2905 Imminuta
2379 2849 2498 2902 sunt
2524 2859 2695 2904 autem
2717 2862 2762 2904 et
2786 2853 3014 2922 afflicta,

2139 2931 2352 2993 propter
2379 2921 2674 2993 angustiam
2704 2921 2828 2977 mali
2844 2921 2904 2977 et
2931 2923 3147 2978 doloris.

2069 2991 2147 3048 Et
2164 2991 2393 3060 effundet
2420 2992 2802 3066 despectionem
2828 3011 2991 3066 super
3013 2995 3275 3065 principes
3297 3037 3312 3060 ,

2139 3075 2188 3118 et
2213 3079 2392 3137 errare
2416 3079 2504 3137 eos
2534 3065 2687 3134 faciet
2719 3064 2772 3117 in
2800 3062 3080 3120 solitudine
3103 3062 3250 3122 devia
3279 3066 3354 3137 [Ιι.
3387 3062 3580 3134 inani].

2069 3135 2138 3190 Et
2163 3133 2447 3189 sublevabit
2475 3133 2757 3207 pauperem
2788 3137 2851 3190 de
2879 3137 3082 3207 inOpia,

2141 3217 2186 3280 et
2217 3216 2369 3280 ponet
2392 3207 2538 3280 quasi
2570 3206 2774 3280 gregem
2802 3207 2878 3278 [Ιι.
2915 3206 3054 3277 oves]
3088 3207 3342 3280 familias.

2075 3276 2330 3332 Videbunt
2355 3276 2482 3331 recti
2507 3317 2524 3343 ,
2555 3286 2604 3332 et
2631 3276 2944 3333 ltetabuntur
2968 3295 2985 3332 :

2137 3359 2192 3406 et
2210 3349 2375 3404 omnis
2406 3348 2648 3420 iniquitas
2675 3352 2939 3408 contrahet
2978 3366 3033 3404 os
3060 3365 3237 3406 suum.

2079 3419 2212 3487 Quis
2235 3420 2461 3487 sapiens,
2492 3427 2539 3472 et
2567 3421 2815 3474 custodiet
2845 3423 2986 3478 haec:

2143 3501 2192 3550 et
2219 3491 2475 3562 intelliget
2504 3490 2886 3548 misericordias
2917 3490 3173 3548 Domini?

2516 3623 2780 3663 CANTICUDI
2814 3623 3002 3665 ιιεΑικι
3034 3623 3213 3664 DAVID.

2069 3699 2132 3772 [,C
2140 3699 2215 3772 γι
2224 3698 2252 3756 I
2261 3701 2284 3754 Ι
2295 3698 2334 3771 ,Ἰ
2366 3699 2620 3759 Paratum
2647 3719 2736 3758 cor
2765 3720 2932 3758 meum
2959 3747 2974 3772 ,
3014 3703 3152 3760 Deus
3177 3718 3192 3756 :

2147 3770 2161 3808 ί
2196 3770 2436 3850 cantabo,
2466 3784 2511 3827 et
2538 3773 2782 3850 psallam,
2810 3776 2899 3850 sed
2923 3770 2970 3829 et
2997 3776 3168 3850 gloria
3190 3789 3324 3827 mea.

2068 3840 2332 3914 Consurge
2365 3843 2438 3915 ih.
2471 3840 2865 3917 expergiscere],
2892 3840 3218 3917 psalterium,
3251 3844 3554 3917 etcithara,

2139 3914 2641 3989 consurgammane‘
2658 3916 2733 3989 [h.
2767 3914 3094 3989 expergiscar
3120 3914 3400 3987 diluculo}.

2069 3984 2359 4051 Con/itebor
2379 3986 2472 4042 tibi
2499 3987 2551 4042 in
2583 3984 2817 4056 populis.
2833 3984 3095 4055 Domine,

2140 4066 2188 4110 et
2212 4057 2428 4199 graniabo
2461 4068 2506 4116 te
2527 4055 2590 4114 in
2605 4055 2896 4116 nationibus
2928 4059 3003 4134 |h.
3041 4060 3264 4132 psallam
3297 4057 3388 4112 tibi
3426 4057 3480 4112 in
3508 4055 3671 4126 plebi-

2245 4145 2304 4182 us
2336 4168 2350 4181 .

2245 4145 2350 4182 αει.

2079 4196 2335 4267 Quoniam
2363 4217 2547 4270 magna
2576 4217 2731 4270 super
2755 4202 2909 4257 caelos
2930 4200 3285 4257 misericordia
3311 4208 3425 4266 tua,

2141 4281 2187 4325 et
2219 4288 2376 4342 usque
2403 4271 2470 4334 ad
2502 4273 2693 4328 azthera
2721 4275 2906 4331 veritas
2935 4284 3046 4328 tua.

2072 4339 2325 4397 Emaltare
2351 4359 2508 4409 super
2539 4341 2714 4409 caelos,
2741 4344 2881 4400 Deus
2912 4360 2929 4398 :

2143 4425 2191 4486 et
2202 4430 2367 4486 super
2390 4429 2592 4486 omnem
2620 4424 2811 4468 terram
2839 4415 3006 4486 gloria
3029 4424 3138 4468 tua.

2077 4483 2143 4539 Ut
2173 4483 2448 4538 liberentur
2478 4485 2651 4538 dilecti
2675 4486 2753 4538 tui
2784 4501 2803 4539 :

2142 4555 2285 4609 salva
2313 4554 2524 4610 dextera
2559 4565 2667 4622 tua,
2701 4564 2748 4610 et
2773 4556 2964 4611 exaudi
2993 4572 3092 4612 me.

1988 4619 2039 4680 D
2071 4623 2206 4702 Deus
2229 4631 2533 4702 locutus_est
2561 4625 2613 4680 in
2633 4619 2930 4702 sanctuario
2954 4645 3096 4702 suo:
3123 4625 3360 4702 gaudebo
3401 4640 3419 4679 .'

2143 4696 2395 4821 diuidunt.
2419 4695 2627 4752 Sichem
2654 4697 2760 4774 [AL
2791 4697 3064 4774 Sicimam]
3084 4742 3101 4769 ,
3124 4695 3192 4754 ἐι
3233 4697 3418 4754 vallem
3447 4695 3672 4754 Soccoth

2256 4783 2352 4820 nne
2378 4783 2476 4821 tor,

2256 4783 2476 4825 tmettar,

2069 4979 2384 5060 comeditis
2401 4981 2568 5060 libris
2598 4983 2793 5060 retinet
2822 4979 3084 5060 pluralem
3135 4993 3448 5060 numerum
3471 4976 3673 5060 miseri-

2070 5054 2298 5120 cordias,
2326 5055 2413 5109 ubi
2444 5055 2783 5125 antiquiores
2811 5050 2943 5108 mss.
2977 5053 3162 5122 legunt
3191 5051 3249 5125 i_n_
3276 5050 3539 5120 singulari
3571 5050 3674 5102 mi-

2068 5126 2423 5196 sericordiam.
2457 5123 2599 5196 quod
2630 5141 2726 5180 nos
2757 5126 2926 5181 secuti
2961 5139 3168 5178 sumus.
3200 5123 3383 5191 Mser.

2140 5192 2166 5232 ἀ
2195 5192 2548 5251 Cisterciens.
2584 5213 2710 5260 ms.,
2740 5198 3052 5257 ceciderunt.
3087 5210 3182 5264 pro
3217 5199 3540 5248 corruerunt.

2144 5276 2167 5304 ο
2197 5266 2386 5322 Denuo
2445 5268 2793 5324 Cisterciens.
2827 5283 2955 5323 ms.:
2991 5266 3060 5321 Et
3106 5268 3170 5321 de
3216 5265 3471 5336 angustiis
3499 5279 3676 5318 eorum

2067 5337 2301 5392 liberavit
2331 5355 2438 5394 eos.

2068 5479 2117 5534 Μ
2144 5407 2163 5446 ί
2197 5408 2440 5477 Quatuor
2468 5427 2600 5469 mss.
2631 5454 2646 5480 ,
2677 5411 2780 5477 Qui
2802 5410 3117 5467 descendunt
3149 5409 3203 5464 in
3255 5423 3397 5462 mare
3432 5408 3670 5462 navibus.

2122 5497 2245 5534 ΛΒΤ.

2122 5497 2245 5536 ΛΒΤ.

2063 5581 2066 5585 λ
2140 5562 2164 5599 8
2197 5551 2251 5606 In
2279 5551 2468 5608 eodem
2504 5569 2602 5608 ms.
2636 5553 2984 5608 Clamabunt:
3023 5561 3081 5608 et
3131 5565 3256 5606 mox
3307 5550 3368 5604 de
3417 5547 3671 5622 angustiis

2065 5622 2283 5695 eduxit,
2317 5625 2635 5692 pronomine
2663 5642 2834 5679 eorum
2865 5622 3264 5695 praetermisso.

2136 5693 2375 5766 lihctive
2397 5695 2539 5750 idem
2564 5697 2691 5766 legit
2724 5713 2825 5751 ms.
2862 5693 2964 5750 non
3003 5697 3292 5750 imminuet.

2144 5764 2158 5803 ί
2193 5766 2414 5835 Βεείηιυ
2454 5783 2580 5834 "15-.
2610 5763 2809 5835 Canto;
2838 5779 2950 5825 tum
2990 5764 3398 5834 Cisterciensis,
3431 5763 3660 5820 Consur-

2063 5849 2186 5912 gens
2217 5833 2570 5908 Psalterium,
2585 5851 2694 5894 etc.
