2041 3177
201 141 270 172 HIS
702 141 732 170 S.
752 141 944 171 HIERONYMI
964 142 1021 171 DlV

204 200 281 230 Meus
294 202 332 227 est
347 199 462 236 Galaad,
477 208 548 229 mens
559 204 595 228 est
609 199 745 233 Manasse,
763 204 787 227 et
801 200 930 237 Epltraim
944 201 997 229 hat-
1009 202 1034 233 Α

275 236 371 273 reditas
382 237 421 273 [h.
438 236 574 273 fortitudo]
588 236 680 272 capitis
694 236 743 263 mei
756 244 765 263 :

204 271 345 308 Judafdua;
357 271 393 308 [h.
410 271 509 308 legifer]
524 280 605 299 meus.

243 307 322 344 Moab
332 307 402 344 lebes
414 309 494 344 pelvis
504 315 585 341 mete;

205 343 291 379 Super
302 342 446 379 Idumwam
458 343 593 379 projiciam
607 344 804 371 calciamentum
819 351 904 372 meum
918 352 927 372 :

242 378 301 406 cum
313 378 465 450 fftilijsthim
475 378 620 414 ftederabor
632 379 670 416 [h.
684 381 746 407 mihi
762 379 904 407 Paltvstina
917 380 1000 416 fwde-

280 423 310 441 ra
328 423 336 441 t
349 423 380 441 ur
394 434 401 442 .

280 420 401 442 1'00“qu-

210 449 274 484 Quis
283 449 392 477 deducet
402 458 442 478 me
457 450 484 477 in
495 451 623 478 civitatem
636 451 761 478 munitam
776 451 788 478 ?

244 486 301 519 quis
314 485 423 514 deducet
434 495 475 514 me
485 494 563 521 usque
575 487 603 513 in
614 486 779 514 Idumazam?

211 520 307 549 Nonne
322 525 350 548 tu
364 526 388 553 ³,
405 521 494 558 Deus,
510 520 554 557 qui
568 523 715 558 projeceras
730 530 788 556 nos,

247 561 272 584 et
284 565 337 584 non
349 558 457 591 exieras,
475 557 544 585 Deus
557 559 585 585 in
600 557 752 586 ekcercitibus
764 559 858 587 nostris
870 560 882 587 ?

213 591 255 619 Da
268 592 340 620 nobis
352 593 481 620 auxilium
494 594 521 621 in
538 593 702 621 tribulatione
718 602 727 621 :

249 636 316 655 vana
328 633 365 656 est
378 629 446 656 enim
458 628 473 648 δ
486 629 557 657 salus
578 631 609 656 ab
625 629 738 657 homine.

212 663 248 691 In
259 663 313 691 Deo
329 664 423 692 erimus
438 667 521 727 [artes
528 665 670 727 ffaciemus
685 665 826 701 virtutem],

249 703 273 727 et
287 700 342 727 inse
355 708 436 727 concu
448 701 515 727 cabit
547 706 613 727 ostes
627 706 738 727 nostros.

249 703 273 727 et
287 700 342 735 ipse
355 700 515 727 conculcabit
528 700 613 728 hostes
627 706 738 729 nostros.

323 743 428 773 vchoni
445 741 544 773 γυνη)
558 744 690 764 CANTICUM
703 737 740 772 [h.
754 736 894 773 PSALMUS].

216 769 317 807 [CIX]
332 770 402 799 Dens
416 770 429 790 ἀ
441 772 578 799 laudabilis
594 772 667 806 mihi,
683 769 714 799 ne
725 777 808 799 taceas
821 780 831 800 :

251 807 312 844 quia
322 814 349 833 os
364 807 437 844 impii
450 812 474 834 et
488 816 516 844 os
530 808 614 835 dolosi
629 812 717 844 contra
729 816 768 835 me
779 812 896 844 apertum
907 813 954 836 est.

217 841 312 870 Loculi
326 847 386 879 sunt
401 843 433 870 de
443 851 482 870 me
495 842 585 879 lingua
604 843 731 871 mendacii
743 852 753 871 :

256 881 281 904 et
294 878 376 905 verbis
390 879 443 906 odii
456 878 677 906 circumdederunt
691 887 740 914 me,

255 919 278 940 et
293 919 503 950 expugnaverunt
518 923 558 942 me
572 915 683 949 frustra.

221 947 275 975 Pro
289 947 401 985 eoqu'od
418 947 624 986 eosrdiligeb'am,
640 949 843 977 adversabantur
858 950 921 978 ntihi
932 958 942 979 :

256 993 303 1021 ego
316 990 402 1012 autem
413 985 530 1013 orabam.

221 1019 255 1047 Et
268 1019 410 1055 posuerunt
423 1026 513 1048 contra
526 1029 566 1048 me
580 1021 676 1048 malum
690 1023 744 1057 'pro
758 1021 834 1055 bono,

257 1059 281 1082 et
296 1056 384 1083 odium
397 1065 443 1092 pro
457 1056 593 1084 dilectione
604 1065 669 1084 mea.
812 1060 814 1063 '

221 1091 355 1128 Constitue
371 1091 448 1127 super
460 1100 517 1120 eum
526 1092 643 1128 impium.

257 1131 281 1153 et
293 1127 377 1164 Satan
393 1131 442 1154 stet
453 1136 469 1154 a
483 1127 582 1155 dextris
593 1129 659 1164 ejus.

222 1161 288 1189 Cum
302 1163 379 1198 fuerit
385 1163 532 1199 judicatus,
544 1161 615 1191 exeat
629 1163 814 1192 condemnatus
829 1172 837 1191 :

262 1202 286 1224 et
299 1199 381 1226 oratio
394 1199 450 1232 eius
461 1200 494 1226 sit
508 1200 534 1225 in
551 1204 693 1232 peccatum.

227 1232 308 1270 Fiant
322 1235 377 1261 dies
391 1235 447 1270 ejus
458 1235 535 1269 pauci
546 1242 555 1261 :

257 1265 435 1366 Ξὲίιεοραιιὶιη
445 1265 503 1307 ejus
514 1270 626 1306 accipiat
636 1270 713 1298 alter.

224 1303 255 1331 Si
298 1305 348 1339 ﬁlii
362 1306 418 1341 ejus
431 1306 543 1341 pupilli,

296 1348 362 1366 uxor
373 1341 431 1366 eius
441 1342 529 1366 uidua.

298 1305 348 1339 ﬁlii
362 1306 418 1341 ejus
431 1305 543 1341 pupilli,

296 1348 362 1367 uxor
373 1341 431 1376 ejus
441 1342 529 1369 uidua.

223 1373 362 1404 Instabiles
376 1373 499 1412 vagentur
512 1377 585 1405 liberi
598 1378 664 1413 ejus,
682 1382 705 1405 et
718 1378 861 1406 ntendicent
875 1386 884 1406 :

261 1415 285 1437 et
301 1416 313 1430 θ
326 1417 442 1447 qucerant
456 1414 483 1440 in
498 1413 630 1447 parietinis
650 1414 714 1440 suis.

228 1445 365 1484 Scrutetur
377 1453 484 1475 exactor
498 1445 620 1475 uniuersa
632 1457 690 1483 quw
704 1449 791 1484 habet,

262 1486 286 1509 et
300 1483 427 1520 diripiant
441 1484 520 1511 alieni
536 1484 649 1511 laborem
662 1486 729 1520 ejus.

227 1517 291 1544 Non
301 1518 334 1545 sit
348 1517 401 1555 qui?
411 1521 468 1555 ejus
481 1520 633 1547 misereatur
644 1528 654 1547 :

262 1561 309 1593 nec
320 1554 488 1593 qui_d_einens
500 1556 533 1583 sit
551 1555 577 1593 in
595 1556 709 1591 pupillos
721 1557 788 1593 ejus.

231 1586 295 1615 Fiat
310 1586 478 1617 novissimum
491 1593 548 1619 eius
562 1586 685 1619 inleritus
699 1599 707 1618 :

262 1601 295 1615 ms
310 1601 478 1617 nuvtulmum
491 1601 504 1618 e
519 1601 548 1618 us
562 1601 685 1619 iuremus
699 1601 707 1618 .-

262 1624 289 1664 in
300 1626 465 1664 generatione
478 1601 695 1664 allerardeleatur
710 1636 801 1655 nomen
817 1627 826 1647 ί
838 1629 904 1664 ejus.

227 1658 329 1687 Redeat
343 1661 370 1688 in
384 1663 534 1689 memoriam
543 1663 587 1724 ys.
599 1663 819 1699 commemoretur]
833 1658 955 1699 iniquitas
974 1673 1023 1701 pa-

301 1700 370 1723 trum
379 1698 436 1724 eius
452 1698 523 1724 apud
568 1698 694 1724 ominum.

301 1700 370 1734 trum
378 1698 436 1734 ejus
452 1698 523 1734 apud
543 1698 694 1734 Dominum,

263 1736 287 1759 et
300 1731 427 1769 iniquitas
436 1731 474 1769 [Ιιζ
486 1732 631 1769 peccatum]
645 1734 733 1761 matris
746 1733 803 1768 ejus
823 1742 875 1762 non
897 1735 1023 1765 deleatur.

229 1765 291 1794 Sint
303 1771 394 1805 contra
407 1765 549 1805 Dominum
562 1765 662 1805 semper
677 1777 687 1796 :

265 1807 290 1829 et
302 1803 410 1830 intereat
425 1804 457 1830 de
471 1808 540 1831 terra
551 1803 675 1832 memoria
688 1813 786 1834 eorum.
986 1822 989 1827 κ

229 1836 270 1864 Εο
279 1837 348 1873 quod
360 1846 411 1866 non
425 1844 462 1866 est
477 1840 625 1867 recordatus
639 1840 722 1874 facere
735 1841 941 1870 misericordiam
950 1850 960 1870 .'

267 1878 292 1913 et
306 1879 451 1907 persecutus
465 1880 501 1902 est
515 1875 599 1913 virum
612 1876 731 1913 inopem,
742 1881 763 1902 el
776 1885 914 1913 pauperem
928 1886 938 1906 .'

267 1912 294 1946 et
299 1914 485 1946 compunctum
499 1910 589 1945 corde,
604 1915 632 1937 ut
647 1910 808 1946 interficeret.

231 1943 266 1970 Et
277 1942 600 1981 dilegitnraledictioneni,
616 1954 673 1981 (μίαν
688 1942 742 1981 [ᾸΙ.
756 1946 789 1981 ειὶ
801 1948 883 1975 veniet
898 1949 943 1976 ei:

266 1983 291 2017 et
308 1979 389 2017 noluit
404 1979 864 2017 benedictionem,'qzue'clongabitur
877 1983 907 2010 ab
921 1992 961 2013 eo.

230 2014 265 2041 Et
272 2014 379 2053 indutus
392 2020 428 2053 est
438 2016 618 2044 maledictione
631 2014 704 2053 quasi
717 2014 864 2045 vesiimenlo
879 2027 937 2053 suo,

267 2055 292 2078 et
306 2050 465 2086 ingredietur
478 2053 552 2087 quasi
565 2050 641 2087 aqua
651 2052 679 2079 in
691 2053 790 2080 viscera
804 2055 860 2087 eius
875 2062 885 2081 .'

268 2129 386 2157 ‘Canon
408 2129 633 2166 Qarcassonensis
665 2137 727 2158 cum
753 2130 809 2158 suis
834 2131 1023 2166 pedissequis:

233 2164 328 2228 Ntomls‘q
351 2170 378 2192 tu
389 2187 396 2200 ,
413 2165 491 2198 Deus,
505 2166 549 2198 qui
573 2166 705 2202 projecisti
725 2175 772 2194 nos
784 2187 792 2200 ,
817 2164 841 2194 et
856 2176 908 2195 non
923 2168 1004 2196 exibis
1017 2192 1024 2205 ,

235 2208 251 2228 e
265 2208 288 2228 c.
329 2209 392 2228 ART.
876 2209 878 2211 ’

235 2204 288 2228 etc.
303 2204 392 2228 MART.
876 2209 878 2211 ’

270 2235 284 2255 ι)
298 2236 392 2269 Iidem,
407 2244 473 2264 vana
487 2241 524 2263 est
545 2236 613 2263 enint
628 2237 697 2264 salus
712 2236 833 2265 hominis.
849 2238 940 2265 MART.

273 2277 284 2291 ο
302 2272 397 2299 Plures
405 2279 484 2307 mss,
496 2272 548 2299 Pro
559 2272 669 2299 victoria
683 2271 921 2307 Davidﬂanticum.
936 2273 1030 2302 Hiero-

230 2315 333 2343 nymus
362 2307 388 2335 id
404 2304 524 2344 'minime
550 2308 712 2344 improbare
735 2304 843 2335 videtur
873 2310 1032 2344 prmlatione

236 2343 497 2371 Commentariorum
509 2344 534 2369 in
548 2343 698 2370 Daniclem.
712 2344 746 2370 At
760 2344 793 2371 de
810 2344 852 2371 his
864 2343 1032 2374 sufﬁcienter

236 2386 318 2417 supr_a_
325 2379 429 2417 dictum
448 2384 498 2406 est.
512 2379 651 2417 MART._—
665 2378 755 2406 Nestri
780 2387 884 2417 omnes
899 2381 1007 2409 codices
1023 2401 1031 2416 ,

236 2422 284 2450 pro
297 2414 423 2448 Victoria,
439 2420 506 2447 etc.,
521 2414 682 2441 inscribunt.

273 2449 385 2477 dAmbo
408 2449 572 2485 exemplaria
601 2450 718 2477 Cnumiis
740 2457 801 2477 eum
824 2458 874 2478 ms.
892 2452 986 2480 codice
1002 2452 1031 2480 S.

236 2485 373 2523 Mieliuclis
385 2495 391 2512 :
404 2484 474 2523 Deus
485 2484 589 2513 laudem
600 2493 681 2512 nteant
696 2493 727 2513 ne
742 2488 863 2521 tacueris,
876 2493 906 2515 ut
918 2487 1033 2523 legimus

237 2522 263 2548 in
279 2521 399 2554 Vulgata.
412 2522 502 2548 MART.

275 2561 286 2574 ε
299 2555 381 2593 Iidem
397 2564 462 2583 mss.
475 2561 634 2591 qurerantur,
648 2558 689 2585 vel
702 2562 852 2592 querantur.
863 2558 904 2585 Ad
918 2558 1034 2593 impres-

237 2599 295 2632 sam
322 2591 480 2626 lectionem,
505 2601 567 2628 qua:
591 2591 837 2629 propior'Hebrtco
857 2597 913 2627 est,
937 2591 1034 2629 supple

238 2632 343 2654 victum.

276 2662 285 2682 ί
301 2663 430 2691 Hebraeus
442 2669 516 2694 Dm
526 2664 666 2698 schemam,
681 2665 706 2693 id
723 2669 764 2692 cst
781 2686 787 2698 ,
817 2673 909 2693 nomen
933 2674 1032 2693 eorum.

238 2698 316 2733 Quod
328 2700 426 2735 legitur
436 2700 517 2727 etiam
533 2700 559 2727 iu
574 2702 682 2729 Canone
698 2700 908 2729 Carcassonensi
920 2722 928 2734 ,
957 2706 984 2729 et
1007 2701 1033 2729 in

239 2735 377 2772 codicibus
390 2743 531 2772 msssqum
547 2737 657 2765 scltoliis
671 2737 864 2772 marginalibus
878 2737 972 2765 vitiata
989 2736 1035 2764 de-

240 2771 444 2806 prehendimus.
458 2771 547 2799 MART.

276 2811 289 2830 5
303 2807 384 2835 Solus
395 2807 638 2836 Carcassonnensis
649 2808 740 2835 Cn‘non
755 2807 895 2842 :Dontine,
911 2807 1034 2842 Domine,

239 2846 286 2878 pro
303 2843 411 2871 Domine
424 2842 503 2871 Deus.
520 2843 606 2871 MART.

276 2893 310 2898 —
322 2878 436 2907 Cisterc.
453 2886 504 2907 ms.
518 2880 626 2907 inverso
637 2878 732 2907 ordine

276 2893 310 2898 —
322 2879 436 2907 Cisterc.
453 2886 504 2907 ms.
518 2880 626 2907 inverso
637 2879 743 2914 ordine,
761 2879 829 2908 Deus
845 2879 965 2915 Domine,
982 2880 1034 2918 fac,

239 2918 292 2941 etc.
309 2914 337 2942 ln
351 2915 485 2950 Hebraeo,
500 2919 561 2946 iam
573 2920 643 2946 n‘nt.
777 2924 805 2950 ν’,
844 2942 867 2950 η.
898 2945 926 2950 -.,
950 2947 959 2950 _
1003 2947 1034 2950 ,_.

788 2935 805 2952 Λ
844 2942 867 2952 μ...
898 2945 933 2953 ,νη
950 2947 959 2952 -
1002 2947 1036 2952 ι...

1025 141 1082 171 INA
1102 141 1344 171 BIBLIOTIIECA.
1357 143 1360 147 ’
1774 136 1843 168 1218

1084 202 1192 240 etquasi
1204 201 1332 240 oleumin
1346 210 1404 240 ossa
1414 204 1482 240 ejus.
1497 238 1502 240 _
1620 235 1630 240 Ἰ
1755 233 1761 239 _

1052 237 1094 265 Sit
1117 235 1140 300 ᾗ
1159 238 1233 272 quasi
1256 237 1366 274 pallium
1378 235 1648 275 [In'vestimentum],
1663 243 1716 271 quo
1737 235 1848 261 circum-

1142 278 1212 300 αιιιν.

1142 278 1212 307 atur,

1087 313 1111 335 et
1123 310 1198 343 quasi
1213 310 1357 346 cingulum,
1370 318 1422 344 quo
1432 318 1533 346 semper
1548 308 1715 346 a_ccingitur._
1811 339 1829 346 _

1053 343 1119 372 licet:
1136 349 1172 382 est
1184 343 1319 382 retributio
1343 354 1431 373 eorum
1448 343 1501 382 [AL
1518 344 1568 380 his]
1582 365 1590 378 ,
1613 343 1658 380 qui
1681 343 1849 370 adversantur

1125 381 1188 407 mihi
1200 389 1216 407 a
1224 380 1346 414 Domino,

1089 420 1112 442 et
1123 417 1167 451 qui
1180 416 1320 451 loquuntur
1332 418 1430 444 malum
1442 421 1532 445 contra
1546 416 1663 443 animam
1677 421 1769 441 meam.

1054 450 1095 478 Tu
1106 450 1203 485 autem,
1213 450 1329 481 Domine
1340 458 1352 477 Β
1366 452 1447 488 Deus,
1463 455 1506 490 fac
1523 459 1622 480 mecum
1638 456 1746 487 propter
1760 456 1851 476 nomen

1128 492 1199 514 tuum
1213 496 1223 515 .'

1091 523 1215 559 quoniam
1227 523 1294 550 bona
1305 527 1343 550 est
1358 522 1536 550 misericordia
1550 526 1607 555 tua,
1622 521 1704 549 libera
1719 528 1769 547 mc.

1059 558 1189 592 Quoniam
1201 568 1306 594 egenus,
1322 564 1346 585 et
1361 567 1461 594 pauper
1470 566 1527 586 sum
1539 566 1549 585 .'

1093 599 1115 621 et
1128 602 1172 621 cor
1183 593 1269 622 meum
1282 593 1446 621 vulneratum
1459 599 1497 621 est
1512 593 1676 620 intrinsecus.

1060 629 1141 664 Quasi
1154 630 1245 657 umbra
1256 638 1316 657 cum
1331 629 1482 663 inclinatur,
1495 629 1621 656 abductus
1642 635 1713 661 sum,

1095 673 1215 693 excussus
1225 666 1299 702 quasi
1311 666 1429 699 locusta;

1061 700 1152 729 Genua
1167 710 1223 729 mea
1231 700 1444 738 ‘vacillaverunta
1451 701 1569 738 jejunio,

1095 740 1119 764 et
1132 744 1192 764 caro
1212 746 1268 765 mea
1282 742 1381 764 mutata
1402 736 1438 773 [h.
1451 731 1603 771 'mitcilen'ta]
1618 738 1655 762 est
1676 733 1773 769 absque
1787 731 1855 760 oleo.

1061 773 1096 801 Et
1109 780 1156 808 ego
1171 774 1255 807 factus
1269 781 1325 800 sum
1341 772 1509 807 opprobrium
1528 772 1564 799 eis
1575 779 1585 798 :

1093 808 1206 835 videntes
1217 817 1257 835 me
1268 813 1398 835 moverunt
1414 813 1491 843 caput
1501 815 1588 834 suum.

1063 843 1166 879 Adjuua
1179 852 1229 878 me,
1242 844 1351 871 Domine
1366 843 1435 871 Deus
1447 852 1519 870 meus
1534 851 1543 869 :

1099 878 1172 906 salva
1185 887 1225 907 me
1237 880 1379 907 secundum
1396 878 1598 906 misericordiam
1619 881 1700 904 tuam.

1026 902 1052 933 Β
1067 902 1174 951 mir.
1186 902 1228 951 III]
1237 902 1330 942 ὶὶὲιῖὲὶἶ
1337 902 1465 951 usus:
1475 902 1698 942 ;;.;.‘n".;.;"'.'usr;s.'
1707 919 1717 939 :

1102 949 1140 983 tu,
1155 949 1276 985 Domine,
1288 949 1370 986 fecisti
1383 959 1449 978 eam.

1067 985 1225 1014 Maledicent
1235 985 1292 1020 illi,
1301 991 1326 1013 et
1340 991 1367 1014 tu
1380 986 1512 1014 benedices
1523 993 1533 1013 .'

1101 1022 1264 1054 restiterunt,
1281 1026 1304 1049 et
1324 1022 1514 1056 confundentur
1526 1021 1566 1057 [h.
1580 1020 1744 1057 restiterunt,
1760 1023 1784 1046 et
1802 1027 1865 1046 con—

1139 1058 1192 1090 fusi
1202 1057 1290 1092 sunt]:
1300 1066 1388 1084 servus
1403 1063 1489 1084 autem
1505 1062 1564 1084 tuus
1577 1056 1718 1092 lwtabitur.

1067 1092 1217 1120 Induantur
1231 1091 1373 1120 adversarii
1389 1092 1437 1120 mei
1450 1092 1604 1128 confusione
1613 1091 1627 1110 δ
1639 1111 1647 1123 ,

1104 1133 1128 1155 et
1144 1129 1295 1163 operiuntur
1313 1129 1388 1164 quasi
1403 1127 1485 1163 pallio
1498 1127 1649 1163 confusione
1661 1134 1719 1154 sua.

1067 1163 1216 1197 Confitebor
1226 1164 1338 1191 Domino
1352 1164 1513 1191 vehementer
1523 1164 1550 1190 in
1565 1171 1609 1190 ore
1618 1170 1685 1195 meo,

1105 1203 1128 1226 et
1143 1200 1170 1236 in
1184 1199 1268 1236 medio
1280 1201 1434 1236 populorum
1449 1198 1488 1236 [Ιι.
1503 1197 1655 1236 multorum]
1667 1197 1782 1236 laudabo
1795 1205 1867 1225 eunt.

1071 1234 1198 1268 Quoniam
1212 1235 1287 1262 stabit
1299 1243 1315 1261 a
1328 1235 1425 1262 dextris
1438 1234 1560 1270 pauperis
1572 1234 1611 1270 [h.
1626 1234 1720 1270 egeni],

1105 1274 1134 1297 ut
1161 1271 1241 1311 soluet
1266 1279 1283 1298 a
1303 1271 1435 1307 judicibus
1451 1269 1496 1307 [hi
1516 1269 1697 1307 judi’cnttbus

1141 1313 1209 1340 ejus.

1249 1368 1330 1389 DAVID
1342 1367 1475 1389 csurtcuu
1493 1359 1533 1396 [h.
1549 1357 1687 1395 ἥλικος]-

1072 1412 1130 1449 [CX
1135 1412 1155 1449 ,Ἰ
1163 1412 1236 1441 Dixit
1244 1413 1370 1440 Dominus
1380 1411 1492 1439 Domino
1508 1410 1647 1449 meo,_sede
1655 1418 1670 1436 a
1682 1409 1782 1449 dextris
1793 1409 1872 1442 meis,

1107 1446 1190 1477 donec
1203 1457 1298 1484 ponam
1318 1448 1435 1476 inimicos
1455 1451 1513 1474 tuos
1527 1446 1670 1474 scabellum
1692 1446 1788 1481 pedum
1814 1450 1875 1471 tuo-

1143 1493 1173 1512 ru
1177 1493 1201 1512 »ι
1206 1505 1212 1512 .

1077 1519 1184 1557 Virgam
1199 1520 1237 1557 [h.
1251 1518 1390 1557 parulum]
1411 1518 1572 1554 fortitudinis
1587 1522 1640 1545 tua:
1658 1516 1756 1544 emittet
1779 1515 1875 1543 Domi-

1147 1565 1196 1584 nus
1206 1564 1239 1584 επ
1247 1556 1312 1584 Sion
1325 1563 1335 1583 :

1036 1595 1060 1627 ο
1111 1592 1245 1619 dominare
1256 1592 1282 1618 in
1298 1591 1382 1618 medio
1397 1590 1562 1627 inimicorum
1576 1592 1691 1627 tuorum.

1076 1628 1174 1663 Populi
1185 1628 1221 1654 tui
1234 1627 1241 1653 i
1258 1627 1391 1663 spontanei
1406 1626 1518 1663 eruntin
1533 1626 1575 1663 die
1586 1623 1751 1663 fortitudinis
1764 1628 1816 1651 tute
1827 1630 1837 1649 .'

1112 1660 1139 1691 in
1154 1660 1280 1700 montibus
1296 1663 1335 1700 [h.
1347 1660 1541 1700 splendoribus]
1553 1660 1660 1687 sanctis.

1079 1699 1162 1734 Quasi
1177 1699 1209 1725 de
1224 1696 1411 1725 vulva'orietur
1424 1696 1469 1724 tibi

1112 1743 1155 1762 ros
1170 1734 1350 1761 adolescentia:
1364 1738 1426 1759 tua).

1077 1770 1179 1797 Juravit
1194 1769 1331 1801 Dominus,
1346 1773 1369 1796 et
1385 1776 1436 1795 non
1448 1766 1579 1803 paenitebit
1592 1774 1661 1803 eum,

1116 1811 1144 1833 tu
1159 1814 1185 1832 es
1200 1799 1359 1832 sacerdos-in
1374 1799 1508 1838 retentum,
1523 1802 1662 1830 secundum
1675 1801 1793 1828 ordinem
1808 1799 1879 1828 Mel-

1149 1840 1273 1868 chisedec.

1079 1876 1208 1904 Dominus
1223 1876 1257 1903 ad
1271 1875 1403 1903 dexteram
1417 1879 1488 1902 tuam
1504 1873 1558 1911 [AL
1569 1882 1586 1901 a
1597 1873 1702 1901 dextera
1718 1872 1785 1909 tua],

1116 1912 1238 1947 percussit
1251 1911 1277 1938 in
1291 1911 1334 1938 die
1347 1911 1442 1947 furoris
1453 1911 1494 1947 sui
1505 1918 1588 1947 reges.

1080 1942 1212 1975 Judicabit
1226 1947 1254 1973 in
1267 1942 1394 1982 gentibus,
1408 1945 1521 1982 implevit
1532 1942 1570 1981 [h.
1586 1942 1767 1979 cadaveribus]
1776 1942 1869 1976 valles,

1117 1983 1241 2018 percutiet
1255 1981 1331 2017 caput
1347 1982 1373 2018 in
1383 1986 1451 2018 terra
1465 1981 1557 2009 multa.

1083 2016 1123 2046 De
1137 2023 1248 2045 torrente
1262 2018 1289 2044 in
1300 2018 1341 2044 via
1356 2016 1421 2044 bibet
1433 2025 1442 2044 :

1118 2058 1255 2090 propterea
1269 2052 1394 2080 exaltabit
1408 2057 1501 2088 caput.

1727 1268 1736 1288 ί
1753 1268 1871 1296 animam

1116 2131 1130 2151 ιι
1145 2131 1227 2160 Addit
1238 2131 1308 2160 idem
1325 2132 1377 2158 ms.
1392 2138 1452 2165 sua,
1463 2134 1491 2158 et
1502 2137 1566 2159 mox
1578 2129 1739 2163 indumento,
1762 2137 1811 2164 pro
1824 2129 1885 2164 pal-

1081 2168 1117 2196 lio
1132 2168 1208 2196 lenit.

1125 2176 1222 2231 ίιῖἕίξῶ
1238 2211 1301 2237 ms.,
1315 2203 1429 2230 animam
1442 2210 1536 2237 meam,
1549 2201 1627 2238 juxta
1644 2205 1767 2229 veterem
1779 2200 1884 2228 νει-δῖος

1123 2247 1196 2278 in}!
1210 2238 1321 2278 Grtcco,
1335 2242 1381 2278 τήν
1392 2238 1484 2278 ψυχὴν
1499 2249 1560 2274 μου.
1574 2273 1580 2278 _
1620 2273 1627 2278 _
1665 2272 1671 2278 _
1749 2272 1755 2277 _

1122 2275 1129 2300 i
1147 2274 1198 2302 Vix
1212 2275 1281 2302 duos
1292 2273 1646 2302 sinliles'in'hoc'versiculo
1665 2273 1820 2300 invenimus
1834 2280 1885 2300 co-

1083 2311 1158 2338 dices
1179 2317 1243 2337 mss.
1260 2309 1354 2338 Canon
1367 2309 1546 2337 Memmianus
1565 2309 1604 2336 sic
1628 2308 1691 2343 legit
1706 2317 1713 2335 :
1731 2307 1832 2341 Populi
1846 2310 1887 2336 tui

1079 2346 1182 2382 judices
1190 2350 1278 2382 erunt,
1294 2345 1321 2372 in
1341 2345 1383 2372 die
1404 2345 1567 2382 fortitudinis
1581 2344 1886 2382 tuaz._§arcassoneitsis

1084 2389 1148 2409 vero
1163 2389 1170 2410 :
1185 2380 1280 2416 Populi
1296 2381 1432 2416 spontanei
1446 2381 1532 2416 indie
1556 2380 1718 2415 fortitudinis
1729 2384 1792 2407 tum.
1815 2380 1887 2407 Cor-

1085 2418 1187 2445 beiens.
1212 2415 1243 2443 ne
1265 2416 1331 2451 Reg.
1357 2424 1424 2444 mss.
1438 2438 1445 2449 ,
1477 2415 1575 2451 Populi
1590 2415 1627 2442 tui
1648 2416 1726 2442 duces
1745 2416 1887 2450 spontanei

1084 2457 1169 2485 erunt,
1186 2458 1239 2479 etc.
1259 2450 1353 2480 Codex
1370 2452 1400 2480 S.
1416 2450 1573 2479 Michaelis:
1587 2451 1685 2487 Populi
1700 2451 1738 2477 tui
1764 2450 1844 2478 duces
1859 2453 1887 2478 in

1085 2488 1136 2522 die,
1153 2493 1205 2515 etc.
1216 2487 1397 2515 Sorbonicum
1406 2488 1492 2515 seculi
1507 2494 1613 2520 sumus,
1633 2487 1697 2521 quin
1708 2493 1802 2513 veram
1819 2488 1884 2515 reti-

1085 2531 1150 2551 nere
1166 2522 1271 2550 videtur
1291 2524 1435 2551 lectionem
1452 2523 1621 2558 Hieronymi.
1640 2522 1775 2558 Caeterum
1789 2521 1884 2550 Conon

1084 2560 1244 2597 ginrcasson.
1266 2559 1330 2594 legit
1346 2557 1560 2597 consequenter,
1570 2557 1605 2597 in~
1624 2557 1753 2597 montibus
1776 2560 1885 2597 sanctis.

1084 2594 1158 2633 idem
1171 2594 1281 2633 insuper
1291 2592 1353 2622 cum
1374 2603 1426 2622 ms.
1436 2592 1623 2633 S._Michaelis_
1643 2592 1888 2633 omittit__particu-

1085 2631 1138 2658 lam
1148 2628 1307 2666 quasique:
1319 2629 1522 2666 tamenrscriptia
1536 2629 1670 2666 reperitur
1683 2629 1709 2655 in
1721 2628 1783 2654 aliis
1796 2630 1888 2666 omni-

1086 2665 1136 2693 bus
1148 2664 1211 2693 mss.
1235 2664 1369 2700 editiSque
1396 2665 1482 2692 libris.
1505 2665 1542 2692 De
1562 2664 1814 2700 Sen-Germanensi
1836 2665 1888 2693 Ca-

1086 2709 1156 2729 none
1178 2701 1244 2728 nihil
1263 2699 1391 2733 deinceps
1412 2701 1529 2735 dicetur,
1544 2701 1609 2735 quia
1624 2701 1735 2728 mutilus
1747 2699 1828 2730 nobis
1840 2709 1886 2729 su-

1097 2741 1187 2770 perest
1197 2745 1211 2763 a
1228 2737 1295 2771 psnl.
1310 2745 1381 2764 xcw.
1554 2734 1562 2735 7
1710 2734 1801 2771 MART.

1122 2788 1158 2793 -—
1172 2770 1235 2800 Alii’
1246 2780 1310 2800 mss.
1332 2780 1395 2800 cum
1411 2771 1698 2807 Cisterciensijudices
1712 2770 1888 2807 leg_u_nt,_pro

1087 2809 1221 2845 spontanei
1236 2817 1245 2835 :
1259 2809 1303 2835 alii
1318 2808 1395 2835 duces
1407 2808 1560 2845 spontanei;
1575 2805 1641 2842 quas
1657 2807 1738 2845 etiam
1753 2805 1883 2845 Martia".

1088 2841 1115 2872 in
1139 2845 1195 2872 suis
1215 2851 1281 2872 mss.
1301 2841 1437 2872 variantes
1461 2841 1592 2872 lectiones
1616 2842 1727 2878 reperit.
1752 2841 1888 2869 llebrmus

1087 2881 1120 2909 ad
1131 2880 1256 2915 verbum,
1273 2879 1393 2917 Populus
1406 2880 1452 2908 tibi
1464 2880 1639 2916 Spontauwus
1648 2899 1655 2913 ,
1668 2881 1721 2908 etc.

1044 2247 1120 2287 Dne
