4124 6360
301 257 314 266 ’
341 296 476 359 seu

412 409 414 411 ’
475 414 656 472 bulam
679 411 734 470 in
756 412 872 488 lege
895 407 1123 488 Domini.

327 488 479 546 Beati
500 489 588 558 qui
612 482 1229 558 custodiuntrtestimonia
1255 485 1368 558 ejus
1392 497 1412 540 :
1441 482 1495 539 in
1522 491 1626 539 toto
1655 485 1808 540 corde
1835 500 1917 542 rc-

405 555 619 630 quirunt
649 557 757 631 [ΑΙ.
785 555 1080 631 requirent]
1098 572 1232 631 eum.

331 627 458 686 Non
483 631 617 702 enim
640 627 728 702 qui
758 627 1036 702 aperantur
1062 628 1406 699 iniquitatem,
1447 627 1499 682 in
1525 627 1620 682 viis
1656 629 1771 700 ejus
1808 644 1924 682 am-

475 701 798 756 bulaverunt.

327 772 413 828 Tu
443 774 702 827 mandasti
730 780 986 842 prazcepta
1019 782 1107 826 tua
1131 771 1376 826 custodiri
1406 771 1578 824 nimis.

332 842 546 901 Utinam
572 843 865 915 dirigantur
891 845 987 898 vite
1030 859 1176 910 mete,
1207 844 1276 897 ad
1304 843 1636 897 custodienda
1667 847 1924 911 prtecepta

404 926 516 971 tua.

329 985 479 1043 Tunc
513 1001 616 1042 non
642 986 954 1058 confundor,
999 1001 1117 1040 cum
1153 1001 1425 1058 respexero
1453 986 1522 1040 ad
1553 985 1728 1040 omnia
1769 999 1919 1036 man-

474 1061 598 1113 data
618 1067 728 1113 tua.

327 1128 622 1201 Conﬁtebor
643 1132 732 1184 tibi
760 1129 812 1184 in
840 1128 1118 1184 directione
1142 1127 1312 1184 cordis
1337 1145 1355 1184 :
1378 1143 1496 1182 cum
1524 1127 1752 1183 didicero
1771 1125 1924 1198 judi-

472 1203 554 1256 cia
573 1201 794 1274 justitite
820 1211 941 1274 tute.

331 1267 602 1345 Praecepta
635 1284 721 1327 tua
747 1273 1031 1326 custodiam
1057 1288 1076 1327 :
1103 1286 1166 1325 ne
1181 1269 1524 1345 derelinquas
1551 1286 1630 1345 me
1659 1267 1834 1345 nimis.

327 1340 630 1430 [Bethsjhln
655 1361 753 1412 quo
782 1345 992 1415 corrigit
1009 1341 1620 1430 juvenis‘llhkmnltdabit
1647 1340 1921 1430 puerLsee‘

473 1411 857 1479 mitamsuam,
901 1411 1025 1468 cuni
1063 1411 1359 1469 custodierit
1405 1411 1486 1487 [Λ.
1544 1423 1598 1468 ut
1642 1411 1922 1483 custodiat]

472 1487 622 1541 verba
642 1497 746 1541 tua.

323 1555 396 1614 In
432 1568 536 1614 toto
563 1559 718 1612 corde
755 1572 870 1612 meo
900 1557 1148 1629 exquisivi
1178 1565 1224 1613 te
1255 1573 1274 1613 :
1300 1571 1366 1610 ne
1391 1572 1568 1612 errare
1590 1573 1670 1612 me
1699 1555 1859 1630 facias
1889 1573 1921 1610 a

469 1631 728 1684 mandatis
751 1632 874 1683 tuis.

322 1698 394 1755 In
420 1699 574 1756 corde
605 1716 715 1756 meo
741 1699 990 1755 abscondi
1018 1700 1278 1772 eloquium
1303 1709 1468 1763 tuum,
1500 1708 1556 1754 ut
1581 1715 1686 1755 non
1716 1715 1921 1770 peccem

474 1773 584 1826 tibi.

321 1839 638 1926 {lenedicnts
669 1852 722 1926 tu
745 1841 854 1916 [ΑΙ.
886 1840 983 1926 es],
1005 1841 1226 1926 Domine
1249 1841 1410 1926 :doce
1432 1857 1510 1926 me
1527 1851 1916 1926 prtecepta-tu‘a.

322 1911 395 1968 In
421 1914 573 2056 labiisi
600 1917 727 1997 meis
748 1911 963 1998 narravi
999 1930 1172 1968 omnes
1193 1914 1431 1986 justitias
1455 1911 1534 1985 ili.
1575 1911 1746 1968 omnia
1763 1912 1920 1986 judi-

469 2002 550 2039 cta
601 1997 706 2040 oms
725 1995 826 2040 tm.

469 1985 573 2040 cia]
601 1987 706 2040 oris
725 1985 826 2040 tui.

322 2055 395 2111 In
423 2058 508 2112 via
538 2053 948 2129 testimoniorum
976 2065 1184 2129 tuorum
1214 2055 1420 2110 laetatus
1442 2053 1763 2129 [b.gavisus]
1781 2072 1919 2122 sum,

471 2130 616 2200 quasi
646 2130 698 2182 in
723 2127 1182 2200 omnibusdivitiis
1207 2141 1225 2182 :

323 2198 397 2255 In
418 2197 692 2275 praeceptis
717 2201 820 2255 tuis
860 2199 1167 2268 meditabor,
1209 2205 1255 2253 et
1282 2197 1677 2269 contemplabor
1713 2199 1921 2254 semitas

472 2281 607 2326 tuas.
1889 2295 1896 2300 ·

324 2341 399 2397 1η
417 2345 642 2417 justitiis
695 2342 771 2417 [ἡ.
811 2341 1098 2415 praeceptis]
1136 2342 1239 2397 tuis
1267 2341 1580 2410 delectabar,
1612 2359 1711 2396 non
1743 2341 1925 2397 oblivi-

472 2429 588 2469 scar
607 2413 758 2469 verba
788 2423 897 2471 tua.
977 2413 984 2415 ⁷
1090 2413 1093 2414 ⁷
1889 2438 1892 2442 η

327 2485 570 2560 [Gimel].
596 2486 784 2541 Tribue
810 2503 954 2542 servo
989 2496 1075 2540 tuo
1099 2496 1157 2540 τα
1180 2486 1367 2553 vivam,
1391 2493 1438 2538 et
1458 2484 1749 2540 custodiam
1773 2484 1923 2538 verba

473 2567 585 2612 tua.
1551 2599 1565 2614 ρ

327 2628 522 2684 Revela
537 2629 714 2684 oculos
735 2645 891 2696 meos,
912 2637 960 2683 et
980 2625 1158 2683 videbo
1180 2628 1258 2702 [h.
1283 2623 1554 2700 aspiciam]
1581 2627 1840 2681 mirabilia
1862 2627 1926 2680 de

475 2701 586 2771 [AL
617 2699 694 2771 in]
726 2703 835 2771 lege
855 2711 962 2755 tua.
1283 2770 1286 2771 ν
1425 2769 1430 2771 _
1826 2769 1834 2771 _

549 2703 586 2756 Ι.
617 2702 693 2756 in]
726 2703 835 2756 leae
855 2711 962 2755 tua.

475 2701 586 2773 [ΔΙ.
617 2701 694 2771 in]
726 2703 835 2771 lege
855 2711 962 2755 tua.
1184 2701 1196 2702 ί

323 2772 543 2846 Advena
569 2790 659 2846 ego
688 2789 802 2828 sum
827 2774 881 2846 in
912 2781 1050 2826 terra
1073 2787 1092 2826 :
1118 2788 1184 2826 ne
1209 2769 1494 2826 abscondas
1525 2787 1554 2825 a
1575 2785 1653 2823 me
1678 2769 1925 2824 mandata

476 2843 552 2926 [Ιι.
586 2842 864 2926 prtecepta]
897 2854 1006 2897 tua.

325 2911 654 2970 Desideravit
687 2911 863 2970 anima
885 2929 996 2987 mea
1028 2914 1320 2987 desiderare
1349 2914 1426 2987 [ἡ.
1461 2911 1706 2987 Meditari
1748 2913 1926 2966 anima

475 3003 588 3040 mea
621 2985 951 3056 desideravit]
970 2986 1173 3057 judicia
1205 2999 1294 3040 tua
1323 2985 1376 3040 in
1407 2986 1546 3038 omni
1570 2995 1816 3052 tempore.

325 3053 625 3126 Increpasti
653 3057 899 3126 superbos
929 3053 952 3113 A:
970 3053 1242 3112 maledicti
1268 3059 1357 3128 qui
1392 3058 1636 3112 recedunt
1656 3071 1688 3108 a
1712 3055 1926 3110 manda-

476 3130 540 3182 tis
572 3131 694 3184 tuis.

1553 294 1760 356 LIBER
1808 291 2258 356 PSALMORUM.

3487 272 3627 359 me

1952 418 2006 474 Α
2036 408 2188 464 Viam
2217 407 2578 463 mandaturum
2600 415 2807 462 tuorum
2836 422 3044 464 curram
3075 421 3096 465 :
3122 412 3366 481 quoniam
3391 413 3628 475 dilatasti

2171 496 2260 533 εον
2279 495 2468 536 meum.

2029 550 2177 628 [He.]
2208 550 2428 606 Ostende
2457 551 2533 624 [_lt.
2564 549 2827 622 illumina]
2853 551 3002 628 milii,
3032 549 3268 622 Domine,
3308 554 3442 611 viam
3481 575 3621 627 prte-

2171 633 2433 692 ceptorum
2447 623 2682 701 tuorum,
2708 631 2753 701 et
2777 623 3061 677 custodiam
3081 639 3193 677 eam
3218 642 3310 694 per
3328 623 3615 701 vestigium.

2026 693 2170 750 Doce
2199 712 2298 759 me,
2329 704 2376 748 et
2405 694 2682 748 observabo
2715 694 2876 764 legem
2905 705 3048 749 tuam
3073 709 3090 748 :
3121 705 3167 750 et
3195 693 3478 755 custodiam
3509 719 3621 757 eam

2167 768 2223 819 in
2250 775 2356 820 toto
2378 767 2552 821 corde.

2025 835 2207 918 Deduc
2254 854 2333 891 me
2371 838 2422 891 in
2469 837 2652 918 semita
2684 837 3045 918 mandatorum
3090 835 3170 914 [ἡ.
3221 844 3620 918 praeceptorum]

2168 917 2373 962 tuorum
2409 923 2427 964 :
2455 911 2577 980 quia
2603 910 2767 980 ipsam
2796 911 2954 964 volui.

2025 978 2232 1034 Inclina
2271 995 2362 1034 cor
2387 978 2555 1035 meum
2581 978 2650 1034 ad
2694 981 2985 1036 testimonia
3015 989 3124 1050 tua,
3155 990 3203 1037 et
3232 999 3334 1040 non
3359 985 3427 1039 ad
3451 991 3623 1044 avari-

2167 1051 2312 1106 tiam.

2024 1122 2214 1206 Averte
2233 1123 2411 1264 vitulos
2441 1138 2598 1189 meos,
2630 1141 2694 1179 ne
2723 1124 2929 1180 videant
2960 1126 3240 1202 vanitatem
3272 1143 3293 1183 :
3321 1127 3377 1184 in
3415 1129 3499 1184 via
3527 1139 3617 1186 tua

2165 1210 2260 1247 vnn
2306 1211 2490 1248 came.

2165 1210 2365 1248 vnunca
2391 1211 2490 1248 me.

2025 1265 2236 1322 Suscita
2261 1281 2403 1321 servo
2435 1275 2519 1319 tuo
2549 1265 2808 1337 eloquium
2839 1273 3004 1334 tuum,
3036 1270 3090 1326 in
3113 1269 3348 1337 timorem
3374 1279 3542 1329 tuum.

2024 1336 2217 1416 Averte
2239 1336 2592 1416 opprobrium
2629 1336 2801 1416 meum
2829 1343 2980 1416 quod
3002 1336 3242 1398 reveritus
3287 1355 3401 1397 sum
3431 1360 3449 1398 :
3493 1347 3619 1416 quia

2166 1405 2414 1481 [Al.'tac.
2447 1405 2592 1479 quia]
2612 1409 2822 1479 judicia
2840 1405 2942 1466 tua
2962 1413 3112 1468 bona.
3163 1479 3168 1481 _
3503 1405 3517 1416 ’
3577 1442 3582 1446 ι

2023 1477 2481 1564 Εεεεῖᾴεδξάεναιυξ
2496 1477 2756 1564 praecepta
2798 1481 2872 1556 [Ιι.
2907 1479 3174 1558 mandata]
3205 1494 3293 1540 tua
3329 1500 3347 1541 :
3375 1483 3433 1540 in
3468 1489 3624 1564 justi-

2167 1553 2241 1606 tia
2270 1561 2359 1605 tua
2383 1553 2586 1620 vivi/ica
2610 1565 2708 1609 me.

2025 1621 2212 1696 [Vau.]
2236 1621 2304 1698 Et
2333 1623 2540 1678 veniant
2586 1623 2714 1677 mihi
2745 1625 3114 1683 misericordia:
3141 1637 3265 1698 tute,
3298 1626 3536 1698 Domine,
3570 1640 3619 1686 et

2164 1697 2308 1749 salus
2329 1703 2418 1767 tua
2437 1698 2599 1766 juxta
2623 1698 2881 1767 eloquium
2911 1708 3075 1753 tuum.

2029 1764 2092 1819 Et
2142 1764 2456 1844 respondebo
2486 1764 2916 1844 caprobrantibus
2960 1768 3086 1824 mihi
3133 1787 3419 1827 sermonem
3452 1787 3472 1828 :
3495 1772 3618 1844 quia

2164 1839 2365 1908 speravi
2384 1839 2437 1891 in
2461 1839 2697 1893 sei'mone
2723 1847 2830 1893 tuo.

2025 1906 2095 1960 Et
2123 1906 2240 1986 net:
2271 1909 2483 1986 auferas
2513 1909 2578 1961 de
2605 1926 2834 1986 oremeo
2861 1911 3068 1966 verbum
3088 1913 3320 1970 veritatis
3345 1931 3509 1986 usque
3533 1916 3618 1972 ni-

2168 1979 2264 2032 mis
2278 1995 2299 2052 ,‘r
2325 1981 2568 2052 quoniam
2589 1981 2796 2052 judicia
2823 1988 2911 2034 tua
2933 1986 3244 2051 exspectavi.

2024 2047 2094 2103 Et
2121 2047 2410 2172 cuslt‘odiam
2439 2047 2604 2122 legem
2635 2060 2778 2106 tuam
2797 2053 2996 2123 jugiter
3023 2047 3040 2106 ἓ
3071 2055 3126 2108 in
3150 2057 3538 2127 sempiternum,
3569 2068 3620 2115 ct

2168 2137 2200 2172 u
2248 2135 2326 2172 ra.

2168 2130 2326 2175 uttra.

2027 2192 2093 2270 [Et
2117 2192 2402 2270 ambulabo
2415 2193 2470 2248 in
2503 2195 2778 2270 spatioso:
2806 2194 2931 2270 quia
2960 2208 3215 2270 praecepta
3241 2207 3328 2252 tua
3352 2200 3583 2268 quaesivi.

2026 2263 2096 2318 Et
2125 2263 2144 2306 ῐ
2171 2263 2438 2403 Ιοᾳῗαγὲη
2467 2263 2775 2320 testimoniis
2818 2263 2920 2321 tuis
2961 2263 3137 2322 coram
3164 2263 3390 2343 regibus,
3421 2280 3470 2326 et
3512 2285 3617 2327 non

2169 2351 2263 2388 0οη
2294 2354 2361 2389 tm
2404 2353 2482 2391 αν.

2169 2351 2482 2391 contunaar.

2025 2405 2095 2481 lit
2129 2405 2420 2481 delectabar
2447 2408 2500 2462 in
2527 2409 2786 2463 mandatis
2817 2409 2944 2474 tuis,
2973 2423 3088 2481 quae
3114 2410 3295 2466 dilexi.

2027 2479 2095 2533 Et
2127 2478 2302 2555 levabo
2326 2495 2507 2555 manus
2537 2493 2673 2534 meas
2696 2481 2782 2555 _ad
2814 2478 3060 2555 mandata
3090 2493 3196 2551 tua,
3227 2497 3340 2554 qua!
3359 2483 3542 2555 dilexi,
3574 2495 3622 2541 et

2171 2550 2353 2623 loquar
2380 2551 2434 2604 in
2462 2553 2730 2623 prteceptis
2761 2553 2882 2604 tuis.

2027 2619 2232 2746 [Zainf]
2258 2619 2514 2746 (intento
2536 2619 2785 2677 sermonis
2811 2639 2955 2677 servo
2979 2632 3068 2679 tuo
3089 2639 3110 2679 :
3137 2639 3285 2696 quem
3308 2640 3389 2681 me
3413 2643 3622 2699 sperare

2195 2701 2318 2746 ecsst
2347 2734 2360 2746 .
2705 2717 2714 2725 -

2030 2693 2045 2695 ”
2195 2693 2360 2746 ec'sti.
2705 2717 2714 2725 ·
3148 2693 3157 2696 ’
3439 2693 3449 2699 ’

2028 2763 2158 2819 Htec
2173 2693 2269 2840 res;
2313 2765 2599 2840 consolatio
2627 2781 2741 2840 mea
2768 2766 2818 2840 in
2849 2767 3134 2837 afflictione
3173 2782 3287 2822 mea
3317 2784 3334 2825 :
3365 2768 3487 2840 quia
3515 2771 3623 2825 elo-

2167 2836 2349 2909 quium
2379 2844 2526 2909 tuum
2550 2837 2822 2906 vivificavit
2847 2836 2944 2893 me.
3278 2869 3293 2909 _e

2029 2905 2250 2978 Superbi
2274 2906 2576 2991 deridebant
2605 2905 2686 2962 me
2720 2910 2871 2963 nimis
2905 2924 2922 2964 :
2971 2925 3003 2964 a
3047 2909 3159 2984 lege
3198 2905 3288 2966 tua
3333 2928 3435 2966 non
3466 2912 3625 2966 decli-

2261 2997 2268 3019 l

2173 2993 2312 3035 navi.

2031 3050 2348 3106 Recordatus
2373 3068 2487 3105 sum
2502 3051 2829 3123 judiciorum
2855 3062 3061 3108 tuorum
3087 3069 3118 3109 a
3142 3054 3352 3122 steculo,
3382 3051 3624 3123 Domine,

2173 3132 2219 3177 et
2241 3123 2537 3177 consolatus
2561 3139 2692 3178 sum.

325 3199 496 3270 Aufer
523 3218 554 3253 a
582 3217 663 3256 mc
691 3199 1046 3273 opprobrium,
1078 3209 1127 3254 et
1154 3207 1501 3273 contemmum
1533 3215 1552 3254 :
1580 3199 1826 3269 quoniam
1857 3208 1929 3254 te-
1954 3186 1999 3249 C
2034 3191 2240 3248 Horror
2271 3194 2486 3250 obtinuit
2512 3210 2594 3249 me
2615 3197 2676 3248 ab
2707 3197 2900 3267 impiis,
2929 3197 3015 3268 qui
3057 3197 3435 3267 dercliquerunt
3467 3197 3628 3269 legem

477 3273 717 3325 stimonia
740 3281 828 3325 tua
851 3272 1123 3326 custodivi.

329 3340 542 3398 Etenim
562 3349 592 3390 b
609 3344 849 3398 sederunt
873 3344 1151 3414 principes,
1171 3343 1442 3397 adversum
1463 3357 1540 3395 me
1558 3342 1930 3411 loquebantur:

480 3424 504 3454 ε
527 3429 698 3468 servus
724 3423 894 3468 autem
924 3421 1043 3486 tuus
1074 3415 1421 3486 meditabatur
1442 3423 1694 3486 prmcepta
1725 3425 1832 3469 tua.

329 3485 444 3541 Sed
474 3496 520 3539 et
551 3485 844 3540 testimonia
885 3495 975 3539 tua
1007 3482 1300 3557 divolnntas
1349 3482 1764 3557 [L'delectatio]
1795 3503 1926 3553 mea,

473 3558 626 3625 quasi
652 3557 754 3611 viri
784 3557 861 3628 Ut.
891 3556 1121 3626 consilii]
1150 3556 1451 3611 amicissimi
1480 3558 1596 3610 mei.

331 3628 566 3684 Adhtesit
591 3631 792 3700 pulveri
822 3630 997 3682 anima
1029 3642 1138 3683 mea
1163 3646 1180 3683 :
1207 3629 1409 3698 vivi/ica
1444 3644 1524 3681 me
1539 3632 1696 3702 juxta
1724 3629 1933 3684 verbum

479 3709 644 3753 tuum.

334 3768 604 3843 [DaletlL]
646 3769 766 3844 Vias
792 3783 934 3825 ineas
965 3772 1183 3844 exposui
1209 3770 1286 3844 ]lt.
1313 3768 1564 3839 narravi],
1598 3780 1644 3826 et
1674 3771 1933 3826 exaudiui

479 3859 560 3897 me
606 3843 712 3915 [AL
756 3853 899 3917 tacet
923 3841 1025 3913 me]
1058 3861 1068 3894 :
1100 3841 1228 3896 doce
1263 3857 1344 3896 me
1375 3845 1641 3912 justitiam
1674 3854 1815 3897 tuam
1853 3845 1929 3917 [It.

483 3912 738 3986 pra'c'epta
763 3912 897 3983 tua
1019 3912 1022 3913 ⁷
1234 3983 1243 3986 _
1460 3983 1468 3986 _
1514 3963 1516 3965 .
1677 3982 1693 3986 Δ
1853 3912 1871 3917 ”

347 3982 498 4040 Viam
544 3982 916 4056 praceptorum
967 3995 1172 4038 tuorum
1203 3983 1280 4056 |It.
1311 3982 1694 4056 mandatorum]
1743 3986 1825 4056 fac
1856 4004 1934 4041 me

475 4055 789 4126 intelligere,
820 4066 866 4110 et
894 4056 1077 4126 loquar
1097 4056 1149 4109 in
1178 4055 1493 4109 mirabilibus
1527 4057 1646 4109 tuis.

341 4126 629 4202 Distillavit
659 4129 834 4202 anima
866 4143 978 4202 mea
1017 4143 1126 4202 pra:
1164 4127 1385 4180 stultitia
1411 4143 1429 4180 :
1455 4143 1603 4182 serva
1633 4127 1710 4202 [ἡ.
1744 4130 1936 4200 conﬁr-

517 4198 623 4270 ma]
655 4201 908 4271 mejuxta
930 4198 1186 4268 eloquium
1220 4207 1386 4252 tuam.
1635 4198 1652 4202 ’“

348 4269 501 4342 Viam
526 4269 785 4342 mendacii
825 4271 971 4342 aufer
999 4287 1033 4323 a
1062 4287 1163 4338 me,
1192 4280 1238 4323 et
1270 4271 1430 4341 legem
1458 4277 1600 4324 luam
1631 4271 1768 4328 dona
1810 4275 1939 4330 mihi

488 4341 564 4413 [tu
597 4345 835 4396 miserere
852 4340 993 4408 mei].

350 4409 507 4496 Viam
528 4413 651 4496 fidei
667 4413 805 4496 elegi
825 4429 856 4494 ς.
869 4413 1072 4496 judicia
1086 4422 1189 4496 tua
1218 4415 1587 4496 proponebant.

345 4484 555 4536 Adhtesi
582 4482 883 4536 testimoniis
905 4486 1004 4537 tuis
1027 4499 1046 4537 :
1079 4482 1323 4550 Domine,
1352 4501 1415 4539 ne
1444 4487 1735 4556 confundas
1765 4504 1866 4544 me.

2175 3275 2338 3320 tuam.
2420 3285 2424 3287 ’

2035 3335 2279 3412 Carmina
2300 3347 2454 3412 erant
2484 3338 2611 3392 mihi
2634 3348 2890 3410 pt'wcepta
2917 3346 3034 3404 tua,
3064 3340 3118 3394 in
3146 3340 3302 3394 domo
3332 3341 3632 3412 peregrina-

2175 3411 2333 3464 tionis
2359 3425 2501 3465 mete.

2034 3479 2356 3535 Recordalus
2376 3499 2487 3535 sum
2510 3482 2567 3535 in
2593 3489 2738 3536 nocte
2756 3481 2976 3536 nominis
2999 3481 3097 3548 tui,
3119 3481 3364 3551 Domine,
3387 3492 3434 3537 et
3454 3493 3632 3539 custo-

2179 3552 2284 3626 divi
2310 3553 2472 3626 legem
2496 3563 2658 3626 tuam.

2039 3621 2155 3697 [loc
2183 3621 2378 3697 factum
2402 3634 2476 3678 est
2503 3625 2635 3697 mihi
2661 3640 2679 3678 :
2710 3624 2828 3691 quia
2853 3631 3107 3697 praecepta
3135 3634 3225 3678 tua
3257 3625 3533 3681 custodivi.

2032 3694 2246 3767 {lletu._|
2269 3693 2402 3750 Pars
2429 3709 2564 3762 mea,
2600 3693 2864 3749 Domine:
2898 3693 3095 3751 dixi'ut
3116 3699 3406 3752 custodiam
3423 3698 3630 3752 verbum

2181 3777 2345 3821 ιιιωη.

2037 3833 2356 3910 Deprecatus
2385 3853 2500 3892 sum
2525 3840 2725 3892 vultum
2753 3847 2896 3892 tuum
2923 3839 2978 3892 in
3011 3847 3116 3894 toto
3157 3840 3311 3895 corde
3342 3855 3361 3895 :
3391 3841 3632 3897 miserere

2183 3911 2279 3964 mei
2311 3910 2594 3964 secundum
2626 3911 2887 3980 eloquium
2911 3919 3073 3965 tuum.

2037 3981 2336 4054 Recogitavi
2356 3982 2462 4036 vias
2484 3997 2644 4046 meas,
2668 3991 2714 4037 et
2741 3982 2966 4036 converti
2985 3981 3141 4054 pedes
3163 3997 3300 4037 meos
3316 3983 3384 4037 ad
3405 3984 3635 4038 testimo-

2181 4057 2267 4106 nia
2291 4063 2403 4106 tua.

2039 4123 2329 4198 festinari,
2357 4133 2403 4179 et
2432 4139 2535 4178 non
2565 4123 2788 4198 neglexi,
2821 4124 3082 4178 custodire
3109 4127 3356 4180 mandata
3387 4135 3497 4181 tua.

2041 4196 2214 4252 Funes
2242 4197 2518 4270 impiorum
2561 4196 2952 4269 implicaverunt
2993 4212 3071 4250 me
3101 4212 3117 4248 :
3147 4199 3306 4270 legem
3358 4207 3496 4250 tuam
3528 4215 3631 4253 non

2182 4285 2299 4322 sum
2315 4267 2525 4322 oblitus.

2043 4339 2217 4395 Medio
2246 4341 2410 4394 noctis
2437 4355 2649 4410 surgam
2679 4339 2746 4391 ad
2775 4336 3128 4411 confitendam
3167 4337 3279 4404 tibi,
3313 4354 3468 4410 super
3483 4339 3636 4411 judi-

2187 4414 2266 4464 cia
2287 4411 2511 4483 justititv
2533 4407 2648 4482 ]Al.
2668 4407 3087 4483 jttstiﬁcationis]
3120 4418 3238 4461 tuae.

2049 4479 2315 4555 Particep's
2342 4498 2435 4553 ego
2461 4479 2577 4534 sum
2609 4479 2837 4534 omnium
2865 4479 3152 4532 timentium
3177 4488 3244 4549 te,
3276 4489 3324 4534 et
3344 4481 3637 4537 custodien-

347 4617 406 4673 S.
438 4615 644 4692 Doctor
660 4615 741 4692 ad_
759 4614 981 4692 Paulam
1005 4615 1258 4692 Urbicua!
1291 4657 1306 4679 ,
1342 4619 1410 4692 _in
1457 4618 1716 4689 prioribus
1747 4628 1936 4692 psalmi
1966 4623 2017 4690 D
2042 4628 2217 4684 culum
2261 4633 2307 4678 et
2341 4621 2514 4685 ultra;
2539 4620 2653 4692 Van
2681 4616 3014 4692 Sanam-lata
3046 4626 3134 4670 tua
3161 4618 3374 4692 quagivi
3391 4618 3542 4692 ;Yuv
3579 4622 3632 4688 7,

348 4695 436 4767 (cit
467 4696 519 4767 et
544 4686 653 4767 cxi)
698 4685 916 4767 singulis
943 4685 1127 4740 litteris
1175 4688 1408 4767 singulos
1458 4685 1781 4767 versiculos,
1841 4703 1934 4767 qui

348 4760 578 4813 trimetro
624 4755 841 4810 iambico
866 4767 1101 4811 constant
1126 4801 1140 4825 ,
1178 4755 1287 4810 esse
1314 4758 1639 4814 subnea'os...
1675 4761 1742 4816 In
1767 4755 1936 4823 cente-

345 4833 476 4885 simo
493 4828 833 4883 decimoctavo
860 4827 1058 4894 psalmo
1087 4829 1318 4899 singulas
1343 4831 1539 4885 litteras
1567 4835 1737 4888 octoni
1760 4852 1934 4896 versus

346 4911 647 4972 sequuntur,
673 4908 780 4955 etc.
809 4901 986 4972 Μλιιτ.

417 4970 488 5014 '--
514 4973 596 5044 De
641 4986 795 5044 more
836 4971 986 5040 juxta
1017 4970 1298 5044 Vulgatam
1331 4970 1554 5044 praeﬁgit
1583 4973 1934 5034 Cistercieus.

350 5059 455 5100 ms.
489 5043 698 5097 titulum
730 5042 976 5098 Alleluia.
1013 5043 1088 5097 De
1127 5042 1286 5111 hujus
1331 5042 1495 5110 porro
1528 5046 1719 5112 psalmi
1753 5063 1941 5104 aecro-

351 5115 527 5170 sticho
556 5130 653 5185 per
681 5124 908 5170 octonos
935 5129 1123 5170 versus
1159 5115 1411 5179 artiﬁcio,
1443 5117 1620 5186 ipsum
1666 5120 1848 5177 recole
1876 5120 1936 5178 S.

354 5186 706 5252 lnterpretem
737 5188 786 5239 iu
819 5187 979 5256 epist.
1010 5187 1105 5250 30,-
1131 5186 1198 5240 ad
1225 5188 1464 5242 Paulam.

425 5267 451 5296 υ
475 5258 575 5312 Ms.
608 5257 961 5312 Cistevciens.
990 5267 1050 5310 nt
1069 5259 1255 5312 vivam.

353 5400 388 5454 ά
425 5328 451 5367 ιι
480 5329 626 5452 luem
646 5329 837 5398 junctu
866 5329 1084 5398 Regina:
1101 5345 1230 5398 ms.,
1248 5327 1449 5384 Etenim
1464 5331 1719 5400 sedentes,
1744 5349 1844 5405 pro
1864 5351 1945 5392 se—

391 5415 514 5454 erun
543 5440 557 5454 .

391 5409 557 5455 erunt.

431 5482 454 5510 ο
481 5471 794 5542 mseriptor
816 5471 1050 5527 (lunonis
1074 5471 1524 5528 Cureassouensis
1546 5476 1788 5543 pusuitin
1804 5492 1938 5533 con-

357 5550 507 5598 textu
534 5543 696 5612 hujus
726 5543 919 5615 psalmi
966 5547 1141 5598 umuiu
1193 5547 1304 5601 fere
1342 5543 1656 5615 marginalia
1685 5550 1889 5603 scholia
1922 5588 1937 5612 ,

248 5686 256 5694 _
337 5628 476 5682 quae
507 5629 607 5669 nos
627 5615 717 5694 ‘ob_
731 5614 965 5694 studium
997 5617 1220 5694 legentis
1252 5617 1340 5671 hic
1380 5614 1944 5694 des’erilicretcuragi-

355 5697 490 5757 mus]
520 5687 756 5740 nutamlu
799 5690 1026 5754 cuinam,
1057 5689 1250 5743 litterae
1278 5687 1604 5757 respondent
1631 5708 1641 5742 :
1670 5689 1844 5745 Gimel
1881 5691 1941 5756 7,

359 5756 687 5830 meditabitur
727 5757 779 5830 in
821 5760 1088 5830 prteceptis
1133 5761 1265 5823 tuis;
1299 5756 1408 5812 νίν
1441 5759 1467 5812 1
1491 5800 1506 5823 ,
1562 5761 1776 5829 pietates
1807 5771 1946 5824 tute;

363 5825 474 5887 Var
499 5827 558 5899 2,
585 5825 912 5902 exprobranti
959 5825 1088 5887 mihi
1139 5845 1429 5890 sermonem
1449 5847 1470 5902 ς
1505 5825 1614 5890 st
1643 5833 1708 5904 4,
1764 5835 1821 5890 in
1852 5849 1953 5892 sa:-

2039 4702 2093 4755 ,-,,
2123 4695 2392 4769 prec.er
2421 4694 2522 4769 ιιιέὲ
2541 4707 2560 4754 ;
2581 4690 2699 4769 _Va_v
2728 4687 2790 4750 8,
2826 4688 3026 4769 palmas
3050 4687 3189 4742 meas
3213 4688 3387 4769 ;.Zain
3417 4690 3479 4756 8,
3497 4687 3635 4769 _quia

2042 4760 2434 4828 nta'ndata'tua;
2475 4760 2614 4816 Helh
2646 4762 2699 4826 1,
2733 4769 2786 4812 ut
2812 4761 3100 4813 custodiam
3145 4760 3297 4814 verba
3332 4771 3465 4828 tua;
3497 4760 3635 4818 Iletlt

2042 4841 2097 4906 4,
2124 4835 2361 4910 festinaui
2392 4845 2439 4910 et
2468 4850 2569 4910 n_on
2591 4831 2792 4910 tardavi
2821 4846 2841 4896 ,'
2872 4829 3040 4910 lietll,
3072 4832 3122 4893 6,
3149 4833 3319 4910 media
3350 4842 3634 4910 noctesnr-

2041 4902 2264 4984 getiam;
2317 4905 2454 4961 Heth
2489 4905 2542 4968 7,
2581 4902 2972 4984 custodientium
3015 4902 3259 4984 mandata
3307 4912 3428 4984 tua;

2043 4973 2100 5046 ἒ,
2135 4973 2326 5036 bonum
2357 4985 2591 5047 saporem
2615 5013 2628 5028 .
2658 5016 2672 5031 .
2701 5014 2714 5029 .
2742 5014 2756 5028 .
2807 4973 2928 5047 quia
2961 4974 3242 5047 praeceptis
3273 4976 3372 5047 tuis
3399 4974 3635 5047 credidi,-

2048 5043 2185 5110 Tetlt
2231 5054 2285 5119 5,
2333 5043 2616 5120 Antequam
2660 5045 2998 5120 Itumiliarer;
3043 5043 3286 5120 Τεξιιιβ2
3329 5045 3633 5120 Αρριίεαυε.

2047 5114 2304 5178 νηηι...’.
2352 5114 2562 5174 servabo
2608 5115 2854 5170 mandata
2910 5123 3035 5180 tua;
3081 5114 3217 5169 Tell:
3257 5117 3311 5178 6.
3357 5114 3636 5172 delectatus

2047 5213 2185 5262 sum;
2212 5192 2312 5250 Jod
2341 5193 2390 5252 l.
2437 5197 2691 5263 prtecepta
2728 5198 2852 5263 tua;
2900 5186 3000 5240 .Iod
3029 5187 3083 5251 5,
3113 5190 3263 5258 justa
3283 5188 3491 5258 judicia
3514 5198 3637 5263 tua;

2047 5265 2145 5323 Jud
2170 5260 2229 5328 ι,
2279 5260 2560 5318 secundum
2593 5260 2844 5328 eloquium
2877 5266 3021 5310 tuum
3051 5272 3166 5309 cum
3191 5273 3334 5311 servo
3376 5268 3502 5324 tuo;
3531 5262 3632 5314 .lod

2049 5340 2106 5402 5,
2139 5335 2502 5392 delectationes
2531 5347 2685 5396 mea»;
2710 5328 2888 5402 Jod-_6.
2923 5328 3167 5397 quoniam
3193 5330 3505 5386 mendaciter
3533 5331 3635 5384 ini-

2051 5399 2298 5482 quitatem
2323 5408 2549 5478 fecerunt
2579 5403 2761 5482 inme.
2794 5399 2972 5482 mitur.

2118 5479 2146 5519 ιι
2173 5471 2389 5550 Reginae
2411 5489 2537 5550 ms.,
2561 5472 2817 5546 voluptas,
2845 5472 3016 5525 ferme
3036 5471 3414 5550 utscholiasm:
3441 5473 3636 5545 placet.

2125 5562 2148 5590 ο
2177 5553 2232 5607 In
2259 5548 2613 5605 Cisterciens.
2642 5559 2771 5612 ms.,
2801 5551 3000 5596 avertas
3030 5558 3129 5611 pro
3154 5548 3381 5613 auferas.

2129 5621 2148 5661 τ
2181 5623 2277 5678 llic
2299 5631 2357 5677 et
2386 5617 2608 5672 inferius
2647 5615 2804 5671 Iertio
2841 5615 2909 5667 ab
2935 5615 3039 5669 hoc
3066 5616 3358 5680 versiculo,
3396 5614 3638 5685 loquebar

2053 5694 2214 5750 habet
2235 5693 2467 5748 Cisterc.
2497 5703 2601 5746 ms.
2632 5699 2684 5744 et
2716 5686 2959 5760 plerique
2989 5685 3082 5742 alii
3111 5687 3248 5744 editi
3279 5685 3456 5743 Latini
3493 5686 3642 5763 libri,

2051 5781 2150 5841 pro
2181 5765 2384 5838 loquar.
