4124 6360
554 263 697 327 1235

700 385 831 461 tium
862 392 1129 461 pracepta
1148 393 1262 461 tua.
1466 428 1475 432 -
1544 456 1554 461 Α
1821 438 1827 444 .

556 456 920 515 Misericordia
948 456 1059 527 tua,
1091 459 1331 529 Domine,
1382 456 1640 531 completa
1688 468 1764 514 est
1810 466 1971 526 terra,
2018 473 2155 530 pra:-

701 538 850 596 cepta
876 541 964 586 tua
995 533 1119 585 doce
1144 546 1242 584 me.

557 600 770 677 [Teth.]
789 601 1101 677 Benefecisti
1118 617 1236 657 cum
1260 617 1409 658 servo
1435 609 1548 673 tuo,
1579 601 1803 659 Domine
1823 618 1844 658 :
1873 601 2152 677 secundum

700 673 909 728 verbum
930 683 1093 727 tuum.

555 744 765 819 Bonum
794 754 820 819 tt
844 753 1229 819 ser-monent,et
1254 745 1523 803 scientiam
1543 745 1673 805 doce
1703 763 1784 804 me
1810 763 1829 808 :
1858 746 1982 819 quia
2005 761 2155 801 man-

700 817 840 872 datis
862 816 964 870 tuis
994 817 1213 873 credidi.

556 890 843 960 Antequam
862 886 1126 965 audirent,
1137 906 1229 963 ego
1245 891 1481 965 ignoravi
1495 906 1515 947 :
1536 907 1673 947 nunc
1690 900 1864 947 autem
1885 889 2153 962 eloquium

699 959 847 1014 tuum
874 959 1149 1017 custodivi.

557 1029 733 1105 Bonus
758 1046 810 1105 es
842 1040 916 1097 tu,
941 1040 988 1085 et
1015 1028 1320 1105 beneﬁcus:
1351 1034 1478 1091 doce
1506 1050 1585 1089 me
1615 1043 1876 1105 pra'cepta
1905 1042 2017 1089 tua.

554 1101 907 1175 Applicabant
946 1102 1080 1178 mihi
1126 1101 1450 1178 mendacium
1485 1101 1723 1178 superbi,
1766 1101 1858 1178 ego
1897 1116 2070 1160 autent
2097 1105 2152 1160 in

703 1181 808 1228 toto
832 1172 985 1228 corde
1012 1177 1271 1230 servabam
1293 1172 1559 1249 praecepta
1576 1188 1684 1233 tua.

556 1243 917 1323 Incrassatum
941 1254 1033 1323 est.
1045 1250 1179 1301 velut
1205 1243 1363 1321 adeps
1392 1243 1480 1303 cor
1506 1263 1704 1318 eorum,
1739 1257 1788 1304 et
1826 1264 1919 1323 ego
1948 1249 2002 1303 in
2043 1249 2152 1321 lege

702 1324 795 1371 tua
814 1315 1126 1383 delectabar.
1304 1315 1315 1321 ’
1692 1315 1699 1318 ⁷
1770 1356 1773 1357 ν

558 1385 768 1445 Bonum
793 1386 902 1461 [ΑΙ.
929 1386 1019 1443 ad.
1051 1388 1146 1462 est]
1175 1390 1303 1446 mihi
1331 1393 1454 1464 quia
1479 1392 1710 1464 afﬂictus
1732 1407 1865 1457 sum,
1901 1400 1955 1445 ut
1986 1391 2153 1446 disce-

660 1492 665 1498 ι
698 1476 808 1514 rem
828 1468 1082 1529 pracepta
1104 1469 1211 1516 tua.
1402 1484 1407 1488 ·

558 1528 751 1587 Melior
775 1538 850 1607 est
875 1528 1005 1586 mihi
1048 1529 1135 1587 lea:
1161 1534 1268 1589 oris
1296 1535 1374 1588 tui
1404 1550 1425 1591 :
1465 1551 1624 1607 super
1650 1533 1820 1590 millia
1840 1535 1957 1591 auri
1983 1542 2030 1589 et
2058 1549 2151 1588 ar-

734 1603 861 1658 enti.

558 1621 1082 1750 [Jodﬁeglllmustute
1098 1675 1325 1747 fecerunt
1364 1694 1467 1746 me,
1493 1687 1542 1733 et
1571 1677 1903 1747 ﬁrmaverunt
1935 1694 2014 1733 me
2035 1675 2145 1750 [ΔΙ.

703 1745 847 1804 tacet
875 1745 975 1818 me]
1004 1763 1025 1804 :
1049 1745 1175 1803 doce
1197 1764 1298 1816 me,
1333 1758 1378 1804 et
1396 1745 1594 1805 discant
1619 1750 1869 1805 mandata
1896 1762 2004 1806 tua.

559 1816 664 1887 Qui
690 1818 873 1872 timent
904 1816 971 1886 te,
1002 1818 1245 1874 videbunt
1279 1836 1391 1894 me,
1408 1833 1456 1876 et
1501 1820 1854 1877 laetabuntur:
1883 1822 2010 1894 quia
2040 1837 2147 1876 ser-

699 1904 901 1961 mgnem
929 1899 1075 1945 tuum
1102 1892 1412 1961 exspectavi.

557 1958 977 2103 Scio,ﬂDon‘t.ine,
1004 1961 1124 2032 quia
1142 1958 1343 2035 justum
1359 1963 1624 2035 judicium
1649 1971 1816 2032 tuum,
1849 1972 1897 2019 et
1925 1979 2039 2020 vere
2066 1963 2146 2035 af-

665 2055 674 2064 -
740 2047 840 2087 ms
860 2048 882 2086 t
907 2049 1009 2087 me.

665 2055 674 2064 '
701 2043 882 2087 ιιιωιι
907 2049 1009 2087 me.

556 2099 663 2172 Sit,
692 2099 921 2171 obsecro,
945 2103 1299 2159 misericordia
1323 2112 1413 2162 tua
1437 2106 1492 2161 in
1510 2105 1861 2163 consolatione
1885 2122 2024 2169 mea:
2046 2107 2149 2163 sic-

700 2181 757 2229 ut
785 2174 985 2230 locutus
1006 2191 1061 2231 es
1087 2190 1231 2231 servo
1258 2182 1365 2232 tuo.

567 2242 793 2322 Veniant
813 2244 941 2322 mihi
965 2246 1333 2322 misericordiae
1362 2258 1485 2319 tuae,
1507 2258 1555 2307 et
1575 2249 1741 2305 vivam
1771 2266 1792 2306 :
1811 2252 1931 2322 quia
1951 2250 2038 2308 lex
2058 2258 2148 2303 tua

698 2314 728 2355 ι’
757 2314 1026 2373 delectatio
1051 2332 1185 2373 mea.

554 2385 959 2460 Confundantur
976 2389 1202 2464 superbi,
1219 2393 1468 2464 quoniam
1483 2392 1655 2464 inique
1674 2392 2018 2449 contriverunt
2034 2410 2112 2451 me
2127 2409 2148 2450 :

699 2475 796 2531 ego
815 2469 989 2535 autem
1009 2460 1198 2535 loquar
1212 2460 1266 2535 in
1294 2460 1713 2535 prteceptis'tuis.

555 2529 896 2614 Revertantur
919 2530 991 2586 ad
1008 2547 1089 2587 nte
1111 2533 1200 2603 qui
1225 2529 1403 2589 timent
1433 2529 1503 2603 te,
1531 2545 1583 2591 et
1602 2536 1693 2605 qui
1720 2535 1889 2590 sciunt
1921 2537 2149 2592 testimo-

697 2611 845 2657 nium
873 2611 1040 2658 tuum.
1173 2620 1185 2631 ‘

554 2667 680 2727 Fiat
706 2688 1007 2799 corrmf‘um
1053 2674 1332 2747 perfectum
1358 2676 1414 2732 in
1458 2678 1728 2751 praeceptis
1776 2678 1909 2749 tuis,
1942 2687 2002 2734 ut
2045 2695 2148 2735 non

694 2760 788 2799 con
818 2763 887 2799 un
929 2763 1010 2799 ar.

694 2760 1010 2802 contunaar.

694 2760 754 2799 co
996 2787 1010 2802 .

551 2746 1035 2943 [Chaphttflggﬂ'cit
1078 2819 1132 2873 in
1179 2819 1411 2904 salutare
1436 2828 1580 2877 tuum
1609 2832 1631 2862 ε
1658 2824 1835 2877 anima
1877 2837 1990 2877 utea
2032 2837 2052 2876 :
2095 2821 2150 2877 in

696 2903 784 2943 ver
821 2904 905 2943 ttm
926 2899 1071 2943 tuum
1098 2899 1382 2943 exspectavi
1409 2908 1429 2943 :

696 2893 905 2963 verbum
926 2899 1071 2945 tuum
1098 2893 1383 2963 exspectavi
1409 2908 1429 2946 :

556 2955 859 3032 Consumpti
886 2969 1007 3015 sunt
1038 2955 1316 3033 oculi'mei
1354 2964 1409 3017 in
1436 2963 1645 3018 verbum
1674 2965 1819 3019 tuum
1849 2980 1869 3022 :
1897 2964 2144 3033 dicentes,

695 3033 905 3099 quando
931 3032 1273 3088 consolaberis
1300 3049 1380 3089 me
1405 3050 1425 3089 :

553 3096 625 3153 Et
652 3096 768 3156 cum
795 3118 961 3228 essgln:
986 3104 1133 3174 quasi
1159 3112 1274 3159 uter
1307 3105 1361 3159 in
1392 3107 1582 3179 pruina
1611 3122 1629 3162 :
1654 3115 1911 3179 prtecepta
1932 3116 2024 3163 tua
2045 3127 2148 3166 non

695 3188 812 3228 sunt
840 3190 869 3228 o
925 3191 1049 3228 tus.
1122 3212 1131 3227 .

695 3188 812 3228 sunt
840 3186 1049 3230 ουιιηιε.
1122 3212 1131 3227 ο

555 3241 837 3323 Quot-sunt
860 3245 968 3323 dies
997 3246 1127 3323 servi
1156 3247 1233 3301 tui
1263 3248 1509 3320 :quando
1529 3249 1687 3320 facies
1713 3248 1767 3303 in
1795 3253 2148 3323 persequenti-

700 3314 795 3370 bus
811 3332 900 3399 ‘me
910 3317 1202 3399 judicium.

552 3380 821 3441 Foderunt
852 3380 976 3443 mi'lti
999 3389 1208 3460 superbi
1238 3389 1431 3461 Iovem,
1459 3406 1575 3463 qua:
1606 3398 1878 3448 non‘erant
1893 3396 2050 3466 juxta
2075 3396 2151 3450 le-

730 3474 807 3514 em
833 3468 993 3515 tuam.

555 3476 1162 3609 Omngﬂntlaﬁltzt’lltta-tua
1192 3548 1311 3588 rera
1353 3549 1373 3589 :
1403 3532 1538 3609 [also
1585 3536 1836 3606 persecuti
1876 3544 1997 3592 sunt
2036 3553 2145 3606 me,

693 3602 949 3658 auxiliare
973 3602 1099 3658 mihi
1106 3643 1120 3658 .

553 3670 723 3729 Paulo
752 3674 925 3751 minus
950 3686 1385 3751 consumpserunt
1414 3692 1494 3731 me
1538 3676 1592 3731 in
1648 3687 1828 3734 terra:
1858 3695 1951 3751 ego
1977 3687 2146 3735 autem

700 3759 804 3817 non
833 3744 1009 3800 dimisi
1040 3744 1298 3817 praecepta
1325 3756 1435 3801 tua.

553 3814 854 3889 Secundum
878 3814 1292 3889 misericordiam
1319 3826 1463 3873 tuam
1488 3818 1690 3889 vivi/ica
1737 3835 1841 3889 me,
1890 3831 1940 3878 et
1968 3831 2143 3878 custo-

696 3884 838 3941 diam
863 3883 891 3923 ίί
917 3888 1206 3943 testimonia
1228 3892 1333 3943 oris
1358 3891 1456 3944 tui.

552 3956 823 4031 [Lamed.]
852 3955 920 4013 In
941 3968 1186 4034 ceternum
1213 3960 1631 4034 |_Al._sazculum],
1659 3961 1906 4034 Domine,
1937 3966 2145 4023 verbum

695 4036 840 4083 tuum
863 4039 1125 4101 permanet
1153 4031 1378 4085 in'cwlo.

552 4097 622 4155 In
652 4097 1001 4172 generatione,
1026 4110 1073 4156 et
1102 4103 1436 4172 generatione
1462 4103 1593 4174 ﬁdes
1617 4114 1707 4160 tua
1735 4120 1755 4161 :
1782 4107 2016 4179 fundasti
2043 4118 2144 4164 ter-

696 4179 832 4237 rain,
862 4180 912 4226 et
934 4180 1058 4228 stat.

548 4239 885 4368 Jttdicti'gjuo
926 4251 1066 4298 stant
1096 4260 1256 4317 usque
1302 4241 1457 4301 hodie
1481 4261 1500 4300 :
1545 4248 1667 4319 quia
1696 4250 1873 4305 omnia
1918 4252 2145 4308 serviunt

717 4331 733 4368 t
768 4331 807 4368 ι.
1272 4352 1275 4353 ν

696 4322 807 4369 libi.
1272 4352 1275 4353 ν

553 4385 681 4443 Nisi.
696 4384 835 4456 quod
863 4385 948 4441 lex
968 4394 1058 4443 tua
1086 4386 1359 4446 delectatio
1416 4406 1531 4445 mea
1555 4405 1574 4444 :
1611 4394 1745 4462 forte
1788 4395 2037 4462 perissem
2087 4395 2144 4449 in

697 4474 942 4527 pressura
971 4474 1106 4514 mea.
1156 4464 1163 4469 ’

551 4526 621 4585 In
650 4526 1014 4607 sempiternum
1044 4547 1147 4607 non
1174 4530 1448 4607 obliviscar
1480 4544 1859 4607 pra’ceptorum
1889 4545 2096 4592 tuorum
2120 4553 2140 4593 .'

692 4601 818 4669 quia
846 4616 935 4669 per
954 4601 1069 4671 ipsa
1091 4602 1364 4669 viviﬁcasti
1387 4601 1488 4658 me.

550 4669 694 4728 Tuus
714 4687 807 4756 ego
834 4669 1138 4741 sunt,salva
1161 4689 1240 4727 me
1264 4689 1283 4729 :
1319 4675 1563 4745 quoniam
1605 4687 1861 4751 prtecepta
1876 4688 1966 4734 tua
1993 4696 2140 4750 qutt-

692 4759 808 4799 διυι.

625 4890 650 4919 ⁸
681 4877 938 4938 Fortasse
958 4880 1169 4955 rectius
1189 4880 1418 4955 Cisterc.
1445 4894 1550 4955 ms.
1582 4879 1781 4935 Bonum
1808 4898 2009 4955 sapere,
2038 4898 2137 4955 pro

551 4951 753 5008 Bonum
782 4969 1094 5020 sermonem,
1127 4953 1390 5010 llebraice
1417 4954 1562 5010 enim
1607 4962 1692 5009 est
1721 4951 1880 5021 om,
1911 4951 2056 5024 quod
2087 4955 2141 5010 in

550 5025 855 5080 sauientiam
876 5025 1127 5081 vertitur.
2082 5079 2086 5082 ι

622 5094 651 5134 1'
682 5094 900 5166 Regina:
928 5112 1032 5151 ms.
1058 5095 1211 5165 juxta
1235 5092 1541 5166 Vulgatam,
1569 5094 1833 5149 meditatio
1862 5112 1994 5166 mea.

627 5177 650 5205 ο
692 5165 1376 5238 Μιιιυεειίριίβθςιιιιιεὶηε
1401 5166 1771 5237 propositione
1797 5168 1892 5238 in;
1918 5165 2140 5222 Verbum

553 5248 698 5294 tuttm
725 5236 1278 5307 exspectavi.’Scholia
1306 5246 1486 5293 autem
1510 5236 1828 5307 marginalia
1851 5236 1930 5293 sic
1954 5252 2013 5293 se
2045 5239 2136 5293 Ita-

553 5256 698 5294 tuum
725 5256 811 5293 exs
850 5256 1033 5294 ectavt.
1061 5256 1278 5292 acnona
1306 5256 1486 5293 autem
1516 5256 1828 5307 tnargnnaua
1851 5256 1930 5293 su:
1954 5256 2013 5293 se
2046 5256 2136 5293 na-

552 5312 720 5365 bcnt:
768 5256 957 5378 Cliaph
984 5312 1037 5377 1,
1065 5309 1264 5378 Deiecit
1289 5308 1345 5362 in
1375 5307 1595 5363 salutari
1634 5318 1754 5375 tuo;
1779 5306 1967 5378 Chaplt
1993 5309 2049 5374 2,
2081 5310 2138 5364 in

550 5380 807 5451 eloquium
834 5377 1016 5451 tuum;
1062 5377 1250 5451 Clteph
1274 5378 1328 5446 5,
1362 5378 1500 5447 Quia
1526 5379 1695 5450 factus
1720 5396 1833 5434 sum
1857 5379 1988 5451 sicut
2020 5391 2136 5434 uter

549 5454 606 5534 in
633 5449 897 5534 fumaria;
924 5450 1129 5534 Lametl
1153 5451 1207 5517 5,
1236 5452 1358 5534 quia
1382 5449 1712 5534 omnesservi
1736 5452 1828 5534 tui.
1867 5449 2133 5534 Nonnulla

544 5521 656 5590 jam
706 5523 994 5592 positurae
1058 5521 1290 5577 minoris
1341 5521 1604 5578 momenti
1650 5523 2134 5592 prmtermittimns.

548 5591 751 5650 aned
783 5593 837 5653 8.
882 5591 1039 5647 Omni
1084 5593 1516 5648 consummationi
1544 5594 1650 5647 vidi
1676 5594 1866 5661 ﬁnem;
1910 5593 2049 5649 Mem
2076 5592 2134 5659 2,

547 5665 723 5731 Super
741 5665 975 5719 inimicos
1003 5680 1139 5718 nteos
1168 5664 1429 5719 instruunt
1459 5680 1538 5719 me
1567 5664 1813 5718 mandata
1840 5673 1969 5730 tua;
2017 5663 2136 5719 Nnn

519 5735 601 5807 ξ,
629 5735 812 5790 Juravi
838 5745 885 5807 et
910 5737 1100 5807 statui;
1142 5734 1258 5789 Nun
1282 5736 1338 5802 4,
1369 5735 1727 5807 complaceant
1761 5734 1882 5807 tibi,
1909 5735 2135 5802 obsecro,

546 5805 801 5878 Domine;
836 5806 954 5867 Nun
984 5804 1037 5874 5,
1063 5807 1115 5863 in
1149 5806 1324 5878 palma
1352 5804 1504 5876 mea';
1527 5806 1751 5864 Snmcch
1775 5806 1829 5876 4,
1860 5807 2139 5863 secundum
2200 5840 2207 5846 ν

1440 250 1451 257 “
1523 226 1592 326 ἐι
1630 262 2013 328 umnomzm
2051 261 2288 328 0mm
2327 262 2806 327 BlBLtOTHECA.
2995 266 3023 285 τ·

2179 386 2234 448 Α
2260 380 2348 439 He
2369 389 2787 467 exspectaverunt
2822 380 2991 467 impii,
3014 389 3099 467 .ut
3130 378 3408 454 perderent
3447 397 3529 440 me
3549 399 3573 440 .'
3618 385 3847 442 testimo-

2174 3181 2223 3246 Β

3709 267 3845 329 ιςηι

2399 452 2544 511 nium
2573 464 2717 509 tuum
2739 452 3107 509 considerabo..

2259 523 2441 581 Omnis
2462 525 2918 582 consummationis
2946 526 3053 579 vidi
3087 524 3245 591 liuent
3275 537 3297 579 :
3323 522 3494 580 latum
3537 528 3843 584 mandatum

2403 597 2481 671 [Ιι.
2508 595 2840 671 praceptum]
2861 605 3018 671 tuum
3045 596 3218 651 nimis.

2258 666 2466 741 [Metti]
2500 666 2685 736 Quam'
2708 666 2874 723 dilexi
2893 668 3054 741 legem
3086 678 3227 723 tuam
3255 666 3278 722 !
3306 675 3414 726 tota
3435 669 3521 725 die
3544 668 3658 727 Ita:c
3681 674 3846 728 medi-

2401 742 2527 796 tatio
2548 756 2681 796 mea.

2258 809 2429 884 Super
2450 813 2683 867 inimicos
2712 827 2852 866 meos
2882 806 2907 838 ⁸
2947 810 3238 884 instruxisti
3287 827 3368 884 me
3414 812 3668 869 mandato
3704 824 3791 871 tuo
3821 831 3843 872 :

2398 885 2520 953 quia
2548 884 2603 938 in
2623 885 2991 953 sempiternum
3019 882 3119 939 Itoc
3140 892 3212 939 est
3240 882 3388 939 mihi.

2259 951 2435 1026 Super
2454 951 2764 1029 omnesqui
2810 954 3059 1029 docebant
3122 972 3230 1024 me,
3263 954 3497 1011 eruditus
3532 971 3650 1013 sum
3674 973 3693 1012 :
3721 958 3843 1029 quia

2405 1026 2694 1082 testimonia
2715 1036 2806 1080 tua
2825 1026 3091 1082 meditatio
3109 1044 3251 1083 mea.

2257 1096 2429 1170 Super
2451 1114 2597 1153 senes
2618 1096 2851 1170 intellexi
2875 1113 2896 1152 :
2919 1099 3045 1170 quia
3064 1109 3323 1170 praecepta
3351 1107 3442 1154 tua
3471 1101 3688 1156 servavi.

2255 1168 2333 1223 Ab
2362 1170 2502 1242 omni
2522 1172 2705 1242 semita
2736 1168 2877 1223 mala
2899 1168 3155 1242 Διινοιιὶὺιιί
3191 1173 3347 1242 pedes
3397 1188 3561 1239 nteos,
3589 1183 3645 1227 ut
3674 1182 3843 1228 custoo

2398 1241 2562 1314 direm
2587 1240 2697 1314 [AL
2722 1239 3038 1312 custodiam]
3068 1239 3219 1296 verba
3248 1252 3357 1297 tua.

2253 1311 2301 1386 4
2317 1312 2548 1386 judiciis
2568 1311 2672 1367 tuis
2692 1327 2795 1366 non
2814 1313 3008 1386 recessi
3022 1311 3059 1386 ':_
3083 1314 3203 1386 quia
3230 1321 3286 1368 tu
3305 1313 3366 1368 ill
3374 1313 3617 1370 uminasti
3644 1331 3746 1370 me.

2257 1382 2429 1453 Quam
2454 1382 2605 1438 dulce
2624 1384 2826 1457 gutturi
2874 1399 2984 1440 meo
3010 1382 3273 1456 eloquium
3314 1392 3483 1453 tuum,
3538 1403 3697 1457 super
3745 1387 3846 1442 mel

2400 1458 2479 1511 ori
2516 1470 2651 1512 meo.

2260 1525 2529 1603 Praecepta
2554 1537 2647 1582 tua
2698 1526 3132 1603 considerabam:
3160 1534 3428 1600 prapterea
3467 1529 3620 1603 odivi‘
3645 1544 3843 1586 omnem

2401 1597 2635 1655 semitam
2664 1597 2941 1653 mendacii.

2255 1669 2449 1745 [Num]
2482 1670 2721 1726 Lucerna
2740 1670 2864 1744 pedi
2887 1686 2999 1727 meo
3016 1670 3227 1726 verbum
3253 1679 3422 1741 tuum,
3452 1678 3501 1727 et
3530 1672 3639 1748 lux.
3652 1674 3844 1729 semita:

2401 1760 2547 1799 mete.

2180 1784 2230 1847 Β
2255 1784 2547 1885 Iuraviret.
2571 1813 2905 1887 perseverabo
2931 1832 2951 1872 :
2981 1823 3038 1870 ut
3066 1813 3360 1871 custodiam
3377 1814 3593 1887 judicia
3621 1814 3843 1887 justitite

2251 1895 2632 2033 Af/lic‘t'ilfsum
2661 1974 2823 2029 usque
2843 1958 3001 2015 nimis
3023 1974 3044 2016 :
3065 1955 3311 2025 Domine,
3336 1957 3545 2028 ιιἱυὶρω
3574 1972 3658 2013 me
3682 1959 3836 2031 juxta

2301 2030 2331 2033 '7
2391 2030 2599 2087 verbum
2626 2040 2792 2085 tuum.
3686 2030 3693 2031 “

2257 2099 2574 2174 Voluntaria
2600 2103 2706 2157 oris
2729 2102 2837 2174 mei
2863 2100 3220 2174 complaceant
3245 2100 3365 2171 tibi,
3393 2098 3646 2170 Domine,
3672 2109 3723 2158 et
3764 2117 3840 2156 se-

2392 2172 2621 2229 cundum
2632 2172 2844 2245 judicia
2873 2182 2961 2228 tua
2980 2172 3116 2227 doce
3138 2189 3235 2227 me.

2251 2244 2580 2372 Animablniea
2609 2246 2666 2300 in
2692 2260 2850 2299 ntanu
2871 2260 2984 2300 mea
3005 2260 3224 2317 semper,
3248 2254 3296 2301 et
3315 2244 3445 2317 legis
3471 2252 3573 2302 tute
3596 2261 3703 2302 non
3722 2260 3832 2300 sunt

2392 2336 2423 2372 o
2479 2335 2494 2371 ι
2520 2333 2602 2371 us.

2251 2336 2725 2473 Posuzgltlt‘t'l‘impii
2741 2388 2979 2461 laqueum
3005 2386 3155 2458 mihi,
3183 2398 3232 2443 et
3258 2405 3291 2443 a
3314 2387 3586 2460 prteceptis
3614 2390 3719 2443 tuis
3742 2404 3837 2443 non

2252 2460 2686 2591 Dwrel‘tliet'a'saziea
2709 2531 2999 2604 testimonia
3045 2541 3145 2599 tua.
3176 2533 3231 2587 in
3256 2530 3626 2604 sempiternum
3645 2547 3668 2588 :
3716 2531 3833 2603 quia

2390 2605 2639 2675 gaudium
2659 2603 2831 2659 cordis
2854 2604 2955 2658 mei
2983 2613 3123 2659 sunt.

2251 2674 2512 2733 Inclinavi
2535 2692 2625 2730 cor
2652 2689 2824 2749 meum
2847 2683 2904 2749 u_t
2931 2676 3154 2747 [acerem
3175 2674 3413 2749 justitias
3454 2683 3594 2744 tuas,
3631 2683 3838 2747 propter

2393 2757 2639 2803 teternam
2663 2746 3065 2802 retributionem.

2253 2818 2555 2893 [Sameclu]
2582 2816 2953 2873 Tumultuosos
2978 2817 3139 2885 odivi,
3169 2826 3217 2872 et
3246 2819 3410 2893 legem
3436 2827 3580 2893 tuam
3609 2816 3793 2873 dilexi.

2251 2888 2515 2948 Protectio
2538 2888 2735 2974 memet
2773 2898 2981 2944 scutum
3025 2905 3194 2944 meum
3232 2888 3362 2946 tu'es
3384 2905 3404 2944 :
3428 2888 3640 2944 verbum
3692 2898 3837 2944 tuum

2251 2972 2933 3104 Recet‘lz‘epzcxeilntaligni,
2964 3039 3013 3085 et
3035 3032 3586 3104 custodiantmandata
3605 3027 3705 3086 Dei
3718 3031 3837 3085 mei.

2253 3105 2516 3175 Conﬁrma
2557 3101 2961 3159 me'secun‘dum
3004 3103 3214 3175 verbum
3245 3114 3410 3166 tuum.
3460 3112 3509 3158 et
3546 3104 3714 3157 vivam
3745 3118 3766 3157 :
3793 3110 3841 3156 et

2396 3176 2501 3231 noli
2525 3192 2602 3229 me
2626 3174 2946 3247 confundere
2966 3174 3029 3228 ab
3058 3178 3437 3247 exspectatione
3463 3191 3597 3228 mea.

2252 3247 2523 3304 Auxiliare
2547 3247 2697 3313 mitti,
2721 3245 2771 3301 et
2796 3245 2969 3301 salvus
3000 3261 3090 3300 ero
3135 3245 3159 3301 ἐ
3201 3256 3250 3301 et
3279 3246 3571 3302 delectabar
3617 3248 3673 3301 in
3701 3260 3838 3316 prte-

2396 3321 2555 3392 ceptt's
2577 3317 2681 3374 tuis
2690 3318 2910 3392 jugiter.

2251 3390 2496 3462 Abjecisti
2534 3390 2705 3463 omnes
2742 3390 2835 3463 qui
2868 3395 3173 3463 aversantur
3212 3398 3471 3463 prtecepta
3508 3398 3598 3446 tua
3642 3405 3665 3446 :

2392 3463 2615 3531 mendax
2643 3459 2663 3500 τ
2695 3459 2938 3532 cogitatio
2966 3476 3162 3515 eorum.

2253 3533 2414 3601 Quasi
2425 3534 2651 3610 scoriatn
2665 3532 2975 3610 computasti
2992 3545 3167 3587 omnes
3190 3532 3376 3604 impios
3390 3541 3542 3589 terra:
3561 3551 3580 3588 :
3602 3547 3841 3610 propter-

2392 3621 2453 3661 ea
2481 3603 2641 3660 dileci
2671 3604 2964 3659 testimonia
2990 3610 3105 3658 tua.

2253 3674 2599 3749 Ilorripilavit
2614 3692 2649 3749 a
2665 3678 2849 3749 timore
2873 3685 2960 3729 tuo
2976 3691 3105 3749 caro
3120 3691 3257 3749 mea,
3275 3684 3321 3731 et
3337 3676 3547 3749 judicia
3563 3686 3652 3734 tua
3669 3680 3836 3738 (intui.

2251 3745 2590 3823 [Ain.]AFeci
2624 3747 2883 3823 judicium
2907 3754 2955 3802 et
2972 3747 3273 3816 justitiam:
3302 3745 3379 3811 ne
3396 3748 3730 3823 derelinquas
3760 3771 3840 3809 nte

2394 3818 2473 3875 Itis
2500 3820 2591 3891 qui
2618 3818 3009 3891 calumniantur
3026 3834 3126 3873 nte.

2249 3889 2463 3964 Sponde
2485 3887 2749 4017 pri-servo
2787 3898 2872 3944 tuo
2902 3888 2957 3944 in
2982 3887 3173 3945 bonum
3202 3906 3223 3947 :
3260 3907 3324 3947 ne
3350 3890 3738 3966 calumnientur
3764 3912 3843 3950 nte

2390 3979 2545 4017 suver
2579 3979 2618 4017 t.

2251 3979 2841 4120 οειιιξῗιξὲξιϊίεεετιιηι
2870 4032 2923 4088 in
2971 4033 3197 4090 salutare
3221 4042 3367 4088 tuum
3394 4042 3444 4090 et
3481 4035 3537 4090 in
3578 4036 3841 4109 eloquium

2248 4175 2361 4231 Fac
2380 4114 2785 4255 {$337.20
2807 4180 2968 4251 juxta
2993 4176 3411 4255 misericordiam.
3435 4186 3603 4247 tuam,
3632 4190 3681 4236 et
3697 4197 3838 4253 prte-

2389 4258 2538 4318 cepta
2564 4258 2656 4303 tua
2682 4249 2933 4307 docente.

2247 4318 2439 4377 Servus
2478 4330 2609 4403 tuus
2627 4337 2741 4376 sum
2766 4338 2883 4397 ego,
2904 4323 3101 4378 instrue
3137 4338 3219 4377 me
3239 4339 3260 4378 :
3282 4330 3332 4378 et
3360 4326 3671 4393 cognoscam
3693 4327 3838 4380 testi-

2426 4409 2440 4444 ι
2692 4432 2706 4447 ο

2248 4408 2574 4587 Τεηιὲίιῗῗῧ
2595 4402 2871 4537 mafacias,
2900 4463 3119 4522 Domine
3144 4482 3162 4521 :
3190 4464 3516 4537 prcevaricati
3536 4476 3655 4522 sunt
3675 4467 3839 4539 legent

2412 4550 2551 4587 uam'.

2412 4550 2551 4590 uam'.

3712 3394 3840 3467 quia

2168 4576 2221 4638 D
2246 4576 2551 4684 Propterea.
2572 4605 2736 4664 dilexi
2759 4608 3009 4665 mandata
3049 4616 3143 4664 tua
3162 4625 3181 4664 :
3202 4625 3358 4682 super
3392 4626 3578 4666 aurum
3613 4619 3665 4666 et
3689 4620 3840 4684 topa-

2254 4694 2547 4822 Propjetglt.
2564 4750 2618 4806 in
2642 4749 2754 4823 [ΑΙ.
2788 4750 2881 4824 ad]
2921 4753 3170 4808 universa
3198 4730 3455 4826 prircepta
3496 4762 3589 4808 tua
3617 4754 3792 4811 direxi
3818 4772 3841 4810 :

2244 4881 2501 4961 eloquium
2528 4893 2690 4954 tuum,
2723 4887 2807 4944 vel
2830 4889 3113 4944 secundum
3122 4889 3386 4961 judicium
3406 4899 3577 4956 tuum;
3602 4891 3840 4949 Samech

2246 4956 2308 5033 ξ..
2338 4957 2586 5033 sustenta
2611 4975 2720 5029 me,
2754 4968 2895 5033 et_c.;
2920 4960 3043 5033 iiAin
3071 4956 3138 5026 ἓξ
3165 4977 3260 5033 pro
3297 4978 3442 5017 servo
3467 4973 3555 5017 tuo
3587 4964 3645 5018 in
3671 4963 3844 5030 bono;

2244 5026 2348 5082 Ain
2380 5031 2432 5093 li,
2465 5026 2970 5105 Tempus-faciendi,
3010 5026 3253 5105 Domine,
3293 5049 3475 5088 vacare
3504 5035 3740 5105 fecerunt
3764 5026 3845 5091 le:-

2243 5115 2357 5224 ἵρηι
2379 5108 2546 5166 tuam;
2578 5102 2678 5156 Ain
2707 5104 2763 5172 8,
2797 5101 3080 5175 Propterea
3108 5104 3347 5188 universa
3368 5101 3618 5160 mandata
3637 5116 3731 5160 tua
3752 5108 3841 5160 di-

2267 5186 2384 5224 em):
2424 5170 2538 5224 Phe
2576 5172 2632 5224 7.
2702 5172 2913 5224 Vultum
2960 5184 3107 5224 tuum
3150 5174 3392 5224 illumma
3441 5192 3592 5224 snner
3636 5192 3841 5224 seruum

2267 5171 2384 5235 emi;
2424 5170 2541 5247 [:he
2576 5172 2632 5247 7,
2702 5170 2918 5247 Vultum
2960 5184 3107 5247 tu_unt
3150 5174 3392 5230 illumina
3441 5192 3592 5247 super
3636 5192 3843 5232 servum

2241 5248 2408 5319 tuum;
2434 5242 2579 5319 _S;td_e
2607 5244 2661 5319 1,
2691 5243 2974 5319 Justus‘tu,
2996 5243 3240 5319 Domine,
3259 5258 3309 5301 et
3333 5242 3695 5319 rectajudicia
3720 5256 3842 5314 tua;

2420 5314 2476 5380 4,
2521 5312 2808 5369 Probatum
2834 5310 3097 5388 eloquium
3126 5310 3304 5374 tuum.
3326 5358 3341 5373 .
3369 5357 3384 5373 .
3411 5358 3428 5375 .
3455 5310 3638 5374 dilexit
3678 5310 3839 5374 illud.

2294 5399 2420 5440 Αιιτ.

2313 5452 2339 5491 ι¹
2369 5454 2560 5511 Minori
2580 5471 2809 5530 numero
2831 5458 3184 5514 testimonium
3210 5457 3680 5530 praefertCistel-c.
3705 5476 3837 5529 ιηεά

2239 5535 2295 5583 et
2316 5541 2445 5600 mox
2470 5537 2663 5600 perstat
2689 5529 2897 5583 verbum
2918 5539 3084 5599 tuum,
3114 5545 3213 5599 pro
3231 5540 3513 5600 permanet,
3543 5541 3653 5587 etc.

2316 5608 2338 5672 ξ
2362 5596 2570 5672 lterum
2591 5596 2952 5672 Cisterciens.
2972 5596 3102 5666 msi,
3116 5596 3438 5672 ittstruis;tne
3455 5596 3702 5657 mandata
3721 5612 3838 5659 tua.

2317 5665 2647 5747 {ldem_n_t_s.
2671 5671 2914 5747 mendax,
2945 5665 3300 5747 congregatio,
3338 5665 3439 5743 pro
3463 5675 3737 5747 cogitatio.
3780 5677 3839 5734 In

2242 5738 2476 5800 Hebrum
2502 5741 2747 5814 fallacia,
2779 5750 2869 5800 aut
2897 5738 3161 5800 calumnia
3190 5738 3410 5802 dicitur.
