4082 6354
346 265 486 378 teis

491 454 692 494 omnem
720 437 954 493 semitam
983 437 1244 493 mendacii
1265 437 1384 493 odio
1416 437 1597 493 habui.

342 509 526 585 [Phe.]
567 509 850 585 Mirabilia
891 512 1184 566 testimonia
1213 521 1335 576 tua;
1363 510 1559 566 idcirco
1585 512 1856 568 custodiuit
1883 510 1958 566 ea'

487 598 665 637 anima
693 600 825 637 mea.

347 653 896 728 Ostium_sermonum
927 663 1133 710 tuorum
1183 653 1440 723 lucidum,
1489 655 1681 712 docens
1711 654 1823 728 [ΑΙ.
1847 655 1942 711 do-

488 723 590 798 cet]
622 729 890 797 parvulos.

345 799 418 854 0s
446 815 617 853 meum
638 800 1180 874 aperui‘etrespiravi
1206 814 1224 853 :
1258 804 1384 871 quia
1411 803 1659 856 mandata
1691 801 1767 874 [lt.
1803 815 1940 869 prte-

489 868 780 994 ceptty'tua
810 868 1186 954 desiderabam.

491 958 566 994 ice
587 957 616 993 a
691 958 791 994 me.
816 953 861 994 et
887 959 1130 994 miserere
1147 961 1186 994 in

343 942 566 1012 Respice
587 942 654 1024 ad
691 958 791 1007 me,
816 953 861 996 et
887 944 1130 1024 miserere
1147 945 1248 999 mei
1269 960 1288 1002 :
1317 946 1475 1017 juxta
1506 945 1772 1018 judicium
1822 942 1944 998 dili-

487 1022 716 1084 gentium
741 1029 925 1068 nomen
965 1023 1130 1068 tuum.

341 1083 732 1161 Cressusineas
758 1085 912 1154 firma
939 1086 1051 1161 [A|_.
1076 1087 1356 1158 conﬁrma]
1387 1091 1443 1142 in
1461 1091 1699 1143 sermone
1829 1086 1942 1140 elo-

485 1154 772 1239 qu_io].tua.,
795 1168 842 1210 et
873 1154 978 1212 non
1007 1158 1097 1214 des
1123 1154 1428 1230 potestatem
1468 1161 1526 1215 in
1559 1175 1640 1213 me
1686 1154 1942 1212 universa:

484 1237 776 1298 iniquitati.

347 1295 668 1356 Redime'me
689 1316 722 1354 a
748 1298 1009 1355 calumnia
1040 1309 1068 1339 ει
1112 1300 1362 1369 hominis,
1396 1311 1443 1357 et
1489 1301 1940 1370 custodiam'prte-

489 1381 634 1437 cepta
664 1370 744 1444 [h.
774 1371 1048 1445 mandata]
1078 1382 1187 1426 tua.

353 1439 576 1499 Vultum
601 1439 748 1496 tuum
777 1443 990 1499 ostende
1015 1439 1159 1500 ἔστυο
1190 1453 1300 1515 tuo,
1339 1455 1387 1500 et
1418 1446 1546 1501 doce
1573 1461 1656 1500 me
1679 1452 1946 1517 prtecepta

492 1525 602 1568 tua.

347 1583 470 1640 Rivi
495 1600 749 1661 aquarum
766 1585 996 1656 fluebant
1023 1586 1086 1642 de
1113 1589 1276 1644 oculis
1305 1588 1433 1644 meis
1457 1603 1477 1645 :
1506 1590 1628 1661 quia
1651 1606 1754 1645 non
1779 1597 1948 1644 custo-

493 1656 700 1730 dierunt
729 1660 893 1728 legem
908 1668 1086 1730 fluam.

347 1724 561 1852 ξηιλ]
578 1724 872 1810 Ἰαείαδέε,
894 1729 1138 1797 Domine,
1160 1738 1209 1784 et
1231 1742 1428 1786 rectum
1443 1733 1707 1804 judicium
1729 1741 1895 1786 tuum.

428 1800 656 1852 mcemsli
684 1801 936 1852 iustitiam
973 1803 1257 1852 testimonii
1287 1805 1392 1852 tui-
1427 1814 1476 1852 et
1511 1805 1773 1852 veritatem
1799 1804 1824 1843 δ
1856 1820 1890 1852 π

428 1800 656 1882 xcepisti
673 1801 936 1872 justitiam
973 1803 1257 1858 testimonii
1287 1805 1396 1874 tui,
1427 1800 1476 1858 et
1511 1805 1773 1858 veritatem
1799 1804 1824 1843 δ
1856 1803 1943 1858 ni-

491 1887 613 1925 mss.

348 1939 682 2014 Consumpsit
709 1959 789 2018 me
818 1942 964 1999 zelus
989 1962 1128 2001 meus
1146 1962 1165 2001 :
1209 1947 1334 2018 quia
1362 1945 1506 2002 obliti
1530 1955 1648 2002 sunt
1679 1946 1951 2002 verborum

495 2025 702 2069 tuorum
725 2014 898 2071 hostes
929 2019 1047 2070 mei.

349 2081 619 2139 Probatus
639 2103 804 2141 sermo
830 2097 949 2142 tuus
977 2089 1154 2153 nimis,
1171 2099 1217 2143 et
1234 2105 1410 2144 servus
1433 2098 1551 2145 tuus
1572 2090 1754 2144 dilexit
1776 2087 1953 2142 illum.

349 2154 615 2211 Parvulus
637 2173 734 2232 ego
759 2175 896 2232 sum,
936 2169 984 2214 et
1004 2161 1408 2231 contemptibilis
1432 2177 1452 2218 :
1473 2162 1562 2216 sed
1580 2169 1835 2232 praecepta
1863 2170 1954 2215 tua

496 2244 600 2282 non
620 2230 736 2283 sum
760 2230 967 2285 oblitus.

347 2295 571 2376 iustitia
601 2310 710 2376 tua,
734 2303 945 2374 justitia
972 2305 1312 2376 sempiterna,
1346 2312 1393 2360 et
1414 2304 1500 2360 lex
1528 2312 1619 2358 tua
1645 2304 1856 2358 veritas.

355 2369 646 2446 Tribulatio
673 2369 1008 2446 et'anguslia
1052 2369 1358 2432 invenerunt
1409 2391 1491 2429 me
1521 2391 1542 2429 :
1572 2376 1818 2429 mandata
1865 2382 1956 2430 tua

500 2442 737 2498 voluntas
757 2442 893 2500 mea.

354 2509 514 2568 Iusta
531 2516 836 2638 ‘testimonia
871 2526 962 2575 tua
1013 2537 1212 2594 semper
1234 2516 1313 2592 [h.
1345 2515 1617 2590 steculum]
1647 2533 1665 2572 :
1691 2518 1820 2574 doce
1850 2533 1954 2590 me,

499 2600 528 2638 ε
570 2602 758 2638 vivam.

499 2600 551 2638 ει
570 2602 758 2640 vivam.

355 2651 580 2732 [Coph.]
611 2655 844 2713 Clamavi
868 2659 927 2714 in
953 2667 1060 2714 toto
1084 2661 1268 2732 corde,
1304 2661 1499 2720 exaudi
1533 2677 1633 2729 me,
1687 2659 1913 2718 Domine
1935 2675 1955 2716 :

503 2740 764 2802 praecepta
786 2738 876 2802 tua
908 2731 1218 2790 custodiam.

357 2796 613 2925 Inuogavi
647 2796 717 2870 te,
740 2801 943 2858 salvum
969 2820 1050 2859 me
1091 2808 1194 2876 fac,
1234 2816 1282 2863 et
1327 2805 1622 2864 custodiam
1665 2803 1958 2872 testimonia

524 2887 614 2925 ua.

357 2939 652 3014 Surgebam
679 2943 852 2998 adhuc
902 2945 960 3000 in
1006 2947 1247 3017 tenebris,
1297 2959 1345 3006 et
1391 2948 1705 3018 clamabam,
1747 2946 1957 3004 verbum

501 3022 649 3089 tuum
669 3027 994 3089 exspectans.

357 3081 917 3212 Prmeniebgznt'toculi
945 3090 1045 3146 mei
1073 3091 1300 3162 vigilias,
1319 3100 1374 3146 ut
1401 3091 1686 3148 meditarer
1736 3090 1793 3146 in
1843 3105 1958 3145 ser-

505 3173 643 3212 moni
684 3175 744 3212 us
790 3176 891 3212 uis.
1591 3201 1596 3208 .

505 3173 744 3212 monibus
767 3173 891 3214 ιωε.

371 3226 749 3304 Vocemmeam
775 3229 964 3304 exaudi
993 3233 1152 3304 juxta
1181 3233 1592 3289 misericordiam
1621 3243 1766 3289 tuam
1793 3247 1810 3289 :
1843 3231 1955 3287 Do-
1979 3238 2027 3303 α

501 3301 658 3374 mine,
689 3303 974 3356 secundum
994 3301 1252 3370 judicium
1278 3315 1421 3359 tuum
1442 3306 1646 3374 vivi/ica
1669 3322 1769 3360 me.

357 3369 909 3446 Appropinquaverunt
934 3386 1308 3446 persecutores
1355 3377 1456 3432 mei
1505 3369 1553 3415 θ’
1575 3375 1810 3446 sceleris,
1842 3384 1892 3430 et
1919 3391 1952 3428 a

507 3444 617 3517 lege
643 3453 732 3498 tua
761 3444 943 3517 procul
970 3445 1098 3516 facti
1114 3458 1256 3502 sunt.

360 3511 538 3584 PrOpe
555 3511 608 3569 ἒς
638 3525 716 3580 tu,
751 3511 992 3584 Domine,
1017 3527 1067 3572 et
1092 3520 1268 3573 omnia
1287 3518 1534 3573 mandata
1561 3527 1652 3573 tua
1673 3520 1884 3572 veritas.

357 3583 677 3661 Aprincipio
697 3588 812 3661 novi
838 3587 903 3642 de
927 3583 1228 3644 testimoniis
1268 3591 1371 3646 tuis
1403 3590 1585 3661 :quod
1627 3592 1683 3644 in
1712 3601 1963 3644 internum

510 3657 822 3731 [nudaveris
835 3675 913 3714 ea.

357 3725 560 3805 [Rem]-
585 3727 708 3783 Vide
731 3729 1073 3805 afflictionens
1100 3749 1287 3799 meam,
1329 3741 1378 3790 et
1417 3732 1558 3805 eripe
1578 3748 1658 3788 me
1687 3748 1705 3787 :
1729 3733 1852 3800 quia
1883 3731 1962 3786 le-

509 3799 586 3872 gis
604 3812 707 3855 tua:
735 3799 840 3855 non
861 3818 976 3856 sum
1002 3804 1216 3858 oblitus.

360 3867 562 3954 Indica
588 3889 797 4013 ct’siusam
823 3889 1012 3942 meam,
1037 3884 1086 3930 et
1113 3875 1307 3930 redime
1330 3890 1409 3930 me
1444 3889 1462 3930 :
1506 3874 1559 3927 in
1609 3889 1844 3929 sermone
1873 3881 1964 3928 tuo

509 3960 613 3998 vivi
657 3959 835 3999 came.

509 3959 718 3999 vtotnca
737 3959 835 3999 me.

364 4011 554 4090 Longe
566 4011 630 4070 ab
654 4015 832 4087 impiis
852 4015 996 4072 salus
1028 4033 1046 4072 :
1076 4018 1200 4090 quia
1228 4025 1489 4089 praecepta
1532 4025 1622 4072 tua
1671 4033 1778 4071 non
1827 4031 1972 4088 qua:-

508 4087 727 4142 sierunt.

368 4131 751 4236 liniue-radix
778 4131 883 4213 lux
909 4157 1112 4228 multis,
1145 4157 1368 4216 Domine
1394 4175 1414 4215 :
1437 4164 1599 4236 juxta
1620 4160 1830 4233 judicia
1876 4167 1972 4214 tua

512 4229 717 4296 viviﬁca
737 4245 837 4283 me.

373 4295 538 4355 Multi
565 4295 656 4372 qui
674 4310 1060 4373 persequuntur
1089 4317 1194 4375 me,
1229 4312 1281 4360 et
1324 4303 1571 4377 afﬂigunt
1594 4319 1677 4360 me
1701 4319 1720 4359 :
1745 4318 1779 4356 a
1827 4300 1972 4358 testi-

1639 319 1844 378 LIBER
1883 316 2332 379 PSALMORUM.

1965 442 2019 502 Α

3502 326 3644 385 12⁸26

2188 437 2379 492 maniis
2409 437 2511 492 tuis
2542 451 2644 492 non
2678 436 2955 493 declinavi.

2053 509 2177 565 Vidi
2208 510 2632 582 praevaricatores
2674 518 2817 584 tuos,
2846 521 2892 564 et
2923 509 3196 565 maerebam
3221 527 3239 569 :
3275 512 3398 584 quia
3427 514 3636 571 verbum

2193 591 2339 635 tuum
2366 598 2471 635 non
2500 582 2872 636 custodierunt.

2051 653 2183 708 Vide
2211 654 2455 730 quoniam
2479 663 2844 730 prteceptatua
2869 652 3029 707 dilexi
3055 669 3074 709 :
3096 653 3335 725 Domine,
3349 659 3514 730 juxta
3533 660 3630 712 mi-

2187 727 2519 780 sericordiam
2539 735 2678 778 tuam
2701 725 2902 794 vivi/ica
2923 742 3025 782 me.

2045 796 2211 871 Caput
2241 799 2521 872 verborum?
2549 806 2761 872 tuorum
2795 798 3005 872 veritas,
3055 807 3101 853 et
3163 800 3218 852 in
3263 803 3630 872 sempiternum

2189 886 2337 941 omne
2354 869 2613 938 judicium
2628 869 2850 940 justitite
2874 881 2991 922 tute.
3081 915 3084 918 .

2047 939 2214 1014 [Sim]
2249 940 2526 1014 Principes
2569 942 2819 1014 persecuti
2849 951 2968 996 sunt
2995 957 3071 995 me
3101 943 3212 996 sine
3241 960 3394 998 causa
3429 961 3446 999 :
3490 946 3641 1000 verba

2186 1021 2356 1066 autem
2379 1024 2467 1064 tua
2491 1013 2658 1064 timuit
2681 1029 2769 1065 cor
2793 1029 2981 1077 meum,

2048 1081 2296 1207 Gautllem
2327 1099 2418 1206 eglo
2445 1099 2559 1136 sum
2583 1083 2636 1138 in
2661 1085 2968 1152 eloquiotuo
2994 1100 3012 1139 :
3034 1084 3166 1141 sicut
3187 1088 3277 1158 qui
3305 1088 3495 1150 invenit
3519 1106 3639 1161 spo-

2214 1172 2264 1207 ta
2289 1173 2374 1207 mu
2404 1165 2476 1207 ltt.

2214 1156 2264 1208 ia
2289 1156 2476 1210 multa.

2049 1227 2384 1305 Mendacium
2407 1227 2526 1305 odio
2557 1225 2810 1305 Itabui,_et
2840 1227 3120 1305 detestatus
3151 1245 3266 1284 sum
3293 1246 3310 1284 :
3333 1231 3494 1301 legem
3516 1233 3625 1305 [AL

2191 1299 2279 1354 ad.
2303 1299 2494 1368 autem]
2520 1308 2659 1351 tuam
2689 1298 2869 1353 dilexi.

2049 1371 2250 1444 Septies
2273 1371 2326 1444 in
2353 1372 2673 1444 dieilaudavi
2695 1381 2742 1424 te
2771 1386 2789 1423 .·
2818 1387 2974 1440 super
3013 1373 3234 1444 jndiciis
3255 1375 3478 1444 justitia:
3506 1383 3629 1428 tute.

2049 1437 2168 1498 Pax
2196 1442 2361 1516 multa
2378 1443 2705 1516 diligentibus
2732 1437 2892 1516 legent
2933 1437 3097 1511 luant,
3141 1453 3188 1497 et
3241 1437 3347 1499 non
3395 1455 3470 1500 est
3520 1445 3628 1500 illis

2281 1531 2403 1567 naat
2413 1531 2520 1568 um.

2281 1531 2297 1564 i
2387 1512 2405 1565 ι
2481 1512 2520 1568 ί.
2781 1512 2796 1516 ⁷⁷

2047 1513 2634 1668 Exspzi‘tltiiiiaslgrutarc
2669 1593 2833 1652 tuum,
2877 1583 3120 1654 Domine,
3173 1595 3220 1642 et
3259 1589 3508 1642 mandata
3554 1600 3645 1644 tua

2051 1661 2338 1785 Custiﬁiiit
2359 1728 2534 1784 anima
2554 1744 2670 1783 mea
2701 1729 2994 1784 testimonia
3041 1738 3132 1785 tua
3153 1771 3169 1798 ,
3197 1742 3246 1786 et
3271 1731 3454 1786 dilexit
3477 1749 3534 1788 ea
3561 1732 3642 1786 ni-

2195 1802 2311 1855 mis.

1974 1847 2025 1910 Β
2055 1847 2318 1946 Custodivi
2340 1884 2596 1946 praecepta
2626 1883 2738 1940 tua,
2763 1883 2814 1929 et
2841 1875 3134 1929 testimonia
3157 1881 3247 1927 tua
3275 1877 3440 1946 :quia
3463 1892 3636 1932 omnes

2197 1943 2292 1998 vite
2321 1961 2445 2000 mete
2473 1943 2526 1998 in
2558 1955 2833 2013 conspectu
2861 1954 2973 2000 tuo.

2057 2015 2276 2093 [Tham]
2307 2013 2644 2093 Ingrediatur
2666 2017 2743 2090 [.h.
2776 2015 3186 2093 Appropinquet]
3237 2017 3353 2072 laus
3390 2036 3506 2074 mea
3564 2036 3645 2074 co-

2196 2103 2310 2141 ram
2331 2097 2395 2152 te,
2431 2087 2649 2143 Domine
2667 2087 2690 2142 ἒ
2707 2087 2988 2142 secundum
3007 2089 3213 2143 verbum
3236 2099 3385 2143 tuum
3403 2093 3528 2144 doce
3543 2107 3645 2147 me.

2061 2159 2249 2231 Veniat
2265 2160 2559 2231 deprecatio
2583 2177 2694 2212 mea
2721 2170 2842 2214 ante
2886 2159 3089 2213 vultum
3135 2170 3279 2214 tuum
3303 2177 3323 2216 :
3362 2163 3646 2217 secundum

2197 2229 2461 2303 eloquium
2483 2241 2627 2284 tuum
2647 2231 2813 2285 libera
2837 2249 2937 2286 me.

2058 2302 2310 2360 Fundam
2353 2303 2492 2356 labia
2518 2319 2635 2356 mea
2683 2305 2929 2374 hymnum
2959 2318 2978 2357 :
3003 2302 3206 2358 docebis
3243 2305 3377 2358 enim
3398 2321 3480 2359 me
3506 2322 3644 2377 pra:-

2198 2383 2342 2428 ceata
2373 2383 2460 2428 tua
2480 2390 2499 2427 .'

2198 2392 2254 2428 ce
2293 2392 2342 2427 ta
2373 2392 2460 2428 tua
2480 2392 2499 2427 :

2057 2445 2085 2486 ἀ
2107 2392 2367 2518 Loqugtur
2396 2446 2575 2517 lingua
2603 2461 2715 2518 mea
2763 2460 3050 2501 sermonem
3096 2453 3238 2501 tuum
3267 2462 3284 2500 :
3315 2448 3437 2516 quia
3461 2449 3635 2503 omnia

2200 2517 2447 2571 mandata
2476 2527 2564 2569 tua
2593 2517 2753 2583 justa.

2059 2591 2143 2651 Sit
2168 2605 2351 2664 manus
2381 2597 2472 2642 tua
2501 2587 2810 2643 auxiliatrix
2853 2605 2968 2643 mea
3009 2605 3028 2644 :
3070 2590 3192 2660 quia
3236 2601 3490 2664 praecepta
3547 2599 3638 2645 tua

2201 2661 2350 2717 eleai.
3237 2661 3243 2663 ⁷
3402 2661 3411 2664 ⁷
3711 2711 3716 2714 .

2315 2679 2350 2714 ι.

2058 2679 2359 2792 Ηεείιῗέξὲυὶ
2379 2731 2607 2788 salutare
2630 2741 2800 2798 tuum,
2825 2728 3066 2799 Domine,
3095 2740 3144 2787 el
3171 2732 3254 2788 lex
3284 2743 3371 2786 tua
3403 2733 3641 2788 voluntas

2202 2822 2335 2862 mea.

2065 2878 2216 2936 Vivet
2241 2877 2420 2931 anima
2445 2892 2580 2939 mea,
2611 2882 2658 2930 et
2695 2874 2926 2930 laudabit
2966 2882 3012 2930 te
3031 2891 3047 2930 .'
3083 2885 3132 2931 et
3146 2875 3356 2948 judicia
3385 2883 3473 2930 tua
3498 2877 3624 2932 auxi
3635 2904 3652 2918 -

2203 2949 2469 3004 liabuntur
2505 2948 2654 3002 mihi.

2062 3022 2250 3079 Erravi
2273 3021 2420 3092 quasi
2449 3021 2555 3075 ovis
2593 3018 2816 3092 perdita,
2861 3033 3030 3089 quaere
3066 3035 3266 3092 servum
3293 3028 3436 3073 tuum
3464 3033 3484 3073 :
3512 3019 3638 3090 quia

2204 3087 2569 3219 mbtfndatorum
2593 3087 2671 3164 Μ.
2701 3087 3096 3162 praeceptorum]
3134 3103 3338 3146 tuorum
3368 3107 3472 3146 non
3524 3087 3644 3145 sum

2205 3181 2234 3219 a
2291 3171 2417 3219 ilus.

2205 3164 2417 3220 oblitus.

2559 3268 2829 3312 CANTICUII
2881 3269 2982 3313 GRA
2989 3270 3130 3311 υυωι
3137 3296 3152 3310 .

2067 3369 2284 3447 [CXL]
2315 3370 2396 3447 Ad
2427 3369 2709 3447 Dominum
2729 3373 2783 3424 in
2812 3367 3140 3424 tribulatione
3160 3385 3270 3425 utea

2138 3441 2375 3509 clamavi,
2393 3452 2442 3500 et
2463 3441 2724 3498 exaudivit
2747 3458 2846 3496 me.

2070 3516 2309 3579 Domine,
2341 3513 2501 3570 libera
2525 3514 2752 3567 animam
2779 3528 2943 3566 meam
2965 3527 2996 3564 a
3018 3512 3156 3565 labia

2142 3586 2416 3660 mendacii,
2434 3603 2480 3660 ra
2503 3585 2610 3660 [AL
2642 3584 2712 3653 et|
2738 3585 2923 3660 lingua
2954 3582 3159 3660 dolosa.

2073 3659 2210 3728 Quid
2231 3660 2378 3712 detur
2403 3655 2523 3722 tibi,"
2547 3667 2635 3728 aut
2661 3657 2785 3722 quid
2806 3664 3102 3727 apponatur
3126 3655 3217 3708 tibi

2147 3741 2171 3769 ο
2194 3730 2262 3784 ad
2285 3731 2517 3802 linguam
2547 3727 2822 3781 dolosam?

2075 3802 2296 3874 Sagittae
2326 3801 2544 3874 potentis
2572 3809 2760 3874 acutte,

2144 3871 2260 3928 cum
2292 3872 2593 3926 carbonibus
2614 3871 3000 3943 juniperorum.

2071 3944 2194 4016 Heu
2222 3944 2349 3998 mihi
2369 3943 2490 4015 quia
2511 3942 2850 4016 peregrinatio
2877 3959 2988 4016 mea
3006 3942 3316 4016 prolongata
3344 3955 3419 4000 est
3454 3961 3472 4000 :

2143 4015 2366 4071 habitavi
2382 4013 2869 4069 'cum'tabernaculis
2900 4013 3088 4070 Cedar.

2073 4085 2302 4143 Mullum
2384 4087 2658 4160 peregrina
2685 4093 2759 4138 est
2785 4088 2959 4142 anima
2980 4103 3114 4153 mea,

2146 4176 2260 4214 cum
2281 4157 2569 4214 odientibus
2594 4172 2788 4230 pacem.

2074 4230 2190 4306 Ego
2217 4230 2727 4306 paciﬁca_loquebar,

2146 4311 2194 4359 et
2218 4300 2301 4358 illi
2327 4312 2352 4351 ις
2375 4300 2644 4356 bellantia.

451 4553 480 4584 ι
518 4542 575 4600 1η
603 4542 804 4604 eodem
830 4559 967 4617 ms.,
1001 4561 1034 4601 a
1076 4545 1345 4602 calumnia
1391 4544 1680 4615 hominum,
1714 4551 1771 4599 ut
1809 4552 1984 4600 custo-
2011 4544 2066 4608 D
2090 4539 2433 4617 librariorum
2467 4547 2593 4617 sunt
2629 4536 2783 4617 huic:
2824 4534 2976 4617 Cnopli
3007 4539 3063 4617 ξ,
3095 4536 3382 4617 Surgebam
3419 4540 3673 4617 adhucin

380 4616 547 4683 diam,
572 4624 680 4674 etc.

455 4687 483 4726 δ
513 4687 681 4744 Addit
707 4689 794 4744 hic
822 4687 967 4744 idem
998 4701 1104 4743 ms.
1128 4702 1429 4758 pronomen
1455 4696 1618 4742 tuam.

462 4770 485 4798 ο
526 4757 822 4818 Vaticanus
859 4774 962 4815 ms.
996 4757 1370 4815 cum’Canone
1391 4757 1839 4825 Carcassonensi,
1865 4774 1986 4831 per-

386 4839 646 4888 secutores
675 4832 883 4887 sceleris
905 4873 921 4900 ,
948 4847 982 4884 a
1007 4831 1114 4902 lege
1139 4876 1153 4902 ,
1179 4841 1286 4887 etc.
1334 4831 1690 4887 Memmianus
1720 4841 1777 4888 et
1809 4830 1983 4886 codex

389 4903 450 4960 S.
482 4902 760 4961 Michaelis
784 4946 799 4969 ,
834 4911 1180 4974 persecutores
1219 4903 1319 4956 mei
1345 4903 1551 4958 sceleris
1571 4947 1585 4973 ,
1633 4903 1690 4959 id
1737 4910 1824 4959 est
1854 4916 1981 4974 per-

389 4983 674 5046 secutores
702 4976 808 5030 mei
841 4974 1176 5046 nequissimi.
1205 4975 1383 5029 Msn'r.

468 5045 891 5118 eCisterciens.
917 5041 1048 5112 ins.,
1075 5055 1422 5118 persecutores
1441 5046 1541 5100 mei
1559 5061 1718 5118 usque
1729 5047 1912 5118 scelus.
1936 5041 1997 5099 In

397 5116 630 5173 Hebraeo
658 5127 865 5189 tantum
901 5124 1012 5183 est,
1049 5129 1186 5184 nm,
1212 5117 1352 5186 quod
1380 5131 1462 5172 εει
1508 5116 1674 5189 nefas,
1709 5132 1776 5173 eo
1825 5117 1999 5173 ferme

400 5189 564 5244 modo
595 5204 702 5260 quo
733 5188 926 5244 Latine
953 5189 1414 5244 indeclinabiliter
1439 5188 1707 5244 dicimus:
1796 5220 1800 5224 -

505 5299 656 5366 Troia
672 5299 830 5366 nefas,
853 5312 1100 5352 commune
1117 5299 1250 5352 Asite
1272 5301 1573 5366 Europaeque
1590 5296 1887 5365 sepulcrum.

476 5403 506 5445 ιι
524 5407 967 5484 ﬂieronymusad
979 5406 1149 5484 Sumit.
1169 5415 1226 5461 et
1237 5407 1450 5484 Frctei:
1473 5405 1497 5460 l
1506 5404 1733 5484 ηρνωεο
1750 5405 2005 5484 φθέγξεσςαι

405 5494 498 5535 vos
517 5480 702 5550 legisse
724 5478 948 5550 dixistis.
985 5479 1138 5550 Quod
1158 5479 1363 5532 verbum
1386 5481 1489 5550 sive
1513 5478 1678 5550 dicas,
1695 5478 2006 5550 pronuntia-

410 5551 507 5622 bit;
547 5545 651 5605 sive
687 5549 963 5622 eﬂ'abitur,
989 5550 1092 5604 sive
1123 5549 1384 5622 loquatur,
1429 5549 1484 5603 id
1509 5549 1678 5622 ipsum
1715 5545 2003 5622 signiﬁcas.

414 5617 648 5693 Denique
669 5617 827 5677 etuas
849 5623 903 5675 in
920 5620 1138 5693 Hebrtea
1167 5617 1240 5675 ita
1265 5617 1544 5693 vertimus:
1566 5620 1803 5693 loquetur
1829 5617 2012 5688 lingua

416 5709 535 5749 mea
563 5691 849 5749 sermonem
887 5703 1053 5747 tuum.
1119 5692 1245 5747 Ideo
1274 5692 1391 5747 hrec
1430 5708 1459 5746 a
1499 5691 1656 5745 nobis
1688 5691 2008 5754 recitantur,

419 5765 566 5837 quod
615 5765 945 5837 sctioliastes
987 5772 1174 5820 noster
1205 5763 1309 5819 hoc
1342 5763 1505 5837 modo
1536 5761 1885 5837 interpretari
1906 5773 2013 5837 fo-

418 5827 621 5894 lherit:
653 5835 1001 5908 Respondebit
1032 5838 1212 5907 lingua
1242 5852 1355 5891 mea
1399 5827 1847 5908 eloquium_luunt.
1898 5827 2019 5884 Cu!-

438 5917 554 5968 tera
578 5904 796 5985 scholia
837 5908 893 5963 in
916 5904 1124 5964 tcxtuni
1152 5909 1308 5978 hujus
1334 5904 1530 5968 Psalmi
1558 5904 1800 5966 derivata
1828 5915 2019 5962 errore

661 6001 938 6066 Pnuou.
989 5998 1294 6066 XXVIII.

2095 4612 2315 4668 tenebris
2337 4655 2354 4679 ,
2401 4619 2446 4665 et
2477 4610 2820 4677 deprecabar;
2839 4609 2989 4678 Coph
3015 4608 3071 4674 4,
3103 4620 3159 4663 ut
3190 4608 3465 4664 meditarer
3483 4617 3536 4666 in
3559 4614 3672 4669 elo-

2093 4685 2227 4756 quiis
2267 4684 2402 4747 tuis;
2447 4679 2599 4756 Copti
2621 4680 2674 4743 5,
2723 4681 3245 4756 secundum__judicia
3286 4691 3405 4746 tua;
3433 4684 3581 4754 Copli
3614 4688 3668 4755 7,

2153 4763 2347 4822 a'cepta
2373 4764 2461 4807 tua
2485 4753 2708 4819 veritas;
2747 4752 2850 4805 lies
2880 4749 2945 4818 4,
2993 4749 3349 4807 Miseratianes
3387 4749 3526 4820 lutei
3562 4749 3670 4813 Res

2132 4869 2146 4893 ,
2183 4825 2337 4880 Multi
2374 4834 2719 4897 persecutores
2759 4825 2855 4897 mei
2889 4832 2934 4876 et
2976 4825 3266 4897 tif/lictores!
3301 4826 3429 4888 mei;
3475 4827 3582 4880 Res
3613 4829 3671 4894 6,

2090 4894 2503 4970 prtevaricatores
2547 4894 2945 4970 etmwrebamg
2995 4895 3102 4970 lies
3131 4896 3184 4961 8,
3231 4895 3395 4957 Caput
3435 4897 3571 4952 verbi
3599 4903 3675 4953 tui

2089 4966 2295 5035 veritas,
2324 4977 2370 5022 et
2398 4969 2450 5020 in
2465 4968 2867 5038 steculum,etc.;
2893 4966 2985 5020 Sin
3011 4967 3066 5031 6,
3097 4974 3143 5019 et
3171 4976 3425 5038 praecepta
3443 4978 3531 5022 tua
3552 4971 3677 5038 feci;

2107 5041 2204 5097 Sin
2231 5041 2281 5104 8,
2314 5055 2486 5092 coram
2516 5048 2594 5104 te;
2623 5037 2663 5092 Τ
2670 5037 2776 5092 hau
2802 5038 2853 5098 1,
2858 5038 2939 5110 _in
2967 5049 3242 5110 conspectu
3280 5047 3398 5110 tua;
3435 5037 3584 5094 'I‘Iiau
3614 5043 3672 5110 4,

2108 5113 2281 5185 omnia
2301 5111 2504 5185 eloquia
2529 5119 2616 5164 tua
2635 5113 2824 5185 justa;
2856 5107 3006 5185 Thali
3039 5109 3379 5185 5,_mandata
3410 5120 3498 5166 tua
3523 5107 3678 5185 elegi;

2107 5183 2259 5240 Thau
2289 5183 2343 5249 6,
2380 5179 2425 5237 et
2443 5181 2526 5236 lex
2547 5179 2647 5234 tua
2665 5180 2930 5233 delectatio
2951 5196 3082 5233 mea.
3107 5179 3284 5234 ΜΑιιτ.

2181 5253 2475 5325 ——Reginae
2499 5267 2626 5328 tn_s.,
2649 5253 2904 5328 loquatur.
2924 5249 3060 5328 glas,
3097 5251 3268 5328 inquit
3289 5252 3689 5328 ipse_Hier01iy-

2111 5343 2231 5383 mus
2261 5320 2420 5394 epist.
2449 5324 2515 5378 ad
2539 5320 2801 5380 Sunuiam
2834 5329 2889 5376 et
2924 5320 3222 5390 Fretelatii,
3267 5320 3332 5378 de
3365 5324 3589 5382 Hebrteo
3618 5320 3691 5382 ita

2112 5398 2351 5454 vertimus
2379 5412 2398 5450 :
2426 5395 2700 5466 Loquetur
2728 5395 2908 5466 lingua
2937 5409 3055 5448 mea
3086 5411 3391 5450 sermonem
3419 5406 3590 5453 tuum.

2186 5478 2209 5506 ο
2250 5468 2350 5521 Ant
2372 5470 2495 5539 quid
2515 5475 2814 5539 apponatur
2839 5465 2928 5539 tibi
2949 5465 3126 5539 lingua
3149 5467 3345 5539 dolosa.
3376 5469 3450 5522 Ita
3481 5471 3695 5526 Conon.

2111 5537 2431 5599 Carcasson.
2465 5537 2637 5594 codex
2661 5538 2719 5593 S.
2753 5537 3048 5606 Michaelis,
3081 5554 3144 5595 ac
3166 5538 3477 5596 Vaticanus.
3507 5540 3691 5597 MART.

2195 5643 2266 5654 -—
2294 5609 2393 5665 Ms.
2419 5608 2648 5665 Cisterc.
2667 5651 2682 5674 ,
2713 5627 2746 5662 a
2773 5607 2969 5680 lingua,
3004 5623 3111 5664 etc.

2191 5683 2212 5722 ί
2246 5682 2425 5738 Nostri
2449 5697 2638 5736 omnes
2665 5695 2822 5744 mss.,
2854 5683 3178 5750 peregrinata
3203 5691 3296 5736 est.

2122 5827 2172 5888 Μ
2193 5765 2217 5804 e
2257 5756 2315 5810 S.
2347 5753 2678 5828 Augustinus
2709 5752 2763 5812 in
2793 5753 3049 5824 Speculo,
3081 5765 3128 5811 et
3155 5754 3232 5810 illi
3256 5752 3578 5812 debellabant
3606 5775 3689 5818 ea.

2175 5842 2304 5888 ΔΜ.

2175 5842 2304 5888 ΔΜ.

3373 5990 3453 6054 39
