4124 6360
381 356 522 437 1255

448 496 505 550 in
528 503 669 551 terra
688 496 860 551 aliena
874 495 902 551 2

378 566 441 625 Si
463 567 654 623 oblitus
682 568 828 637 fuero
858 567 957 635 tui,
982 564 1300 635 Jerusalem,
1358 566 1375 571 ”
1408 566 1435 631 Δί
1463 566 1547 638 ’τ’ῗή

449 643 506 695 in
532 640 781 695 oblivione
808 640 874 694 sit
900 640 1111 695 dextera
1136 656 1269 693 mea.

379 711 655 770 Adluereat
678 712 856 783 lingua
884 729 997 765 mea
1017 712 1213 782 gutturi
1233 726 1369 779 meo,

456 784 504 838 si
532 799 634 837 non
660 782 1137 854 recordatusgfuero
1165 783 1274 837 tui:

388 856 451 914 Si
482 872 585 909 non
606 870 921 927 proposuero
947 852 1240 909 Jerusalem

452 928 511 982 in
537 925 792 999 principio
821 925 1188 999 lwtititeimew.

384 995 941 1068 Memento,_Domine,
970 998 1201 1068 ﬁliorum
1230 995 1399 1052 Edoni

459 1072 514 1124 in
544 1070 628 1124 die
652 1066 964 1137 Jerusalem,

456 1141 737 1195 dicentium
760 1156 788 1213 :A
810 1136 1071 1213 evacuate,
1092 1148 1334 1195 evacuate
1363 1139 1439 1213 Ut.
1463 1138 1699 1208 eﬁ'odite,
1723 1136 1980 1211 elfodite],

532 1228 692 1283 usque
719 1211 789 1265 ad
820 1212 1214 1281 fundamentum
1240 1211 1373 1283 ejus.

385 1282 533 1340 Filia
561 1281 847 1354 Babylonis
871 1294 1071 1338 vastata
1100 1300 1119 1338 :

460 1356 636 1410 beatus
666 1356 758 1426 qui
785 1355 1030 1409 retribuet
1060 1354 1153 1409 tibi

458 1423 865 1499 vicissitudinem
892 1436 1055 1494 tuam,
1083 1442 1238 1496 quam
1263 1423 1553 1481 retribuisti
1581 1424 1751 1480 nobis.

389 1496 585 1555 Beatus
607 1499 695 1565 qui
725 1496 932 1566 tenebit,

458 1580 503 1624 et
533 1569 714 1623 allidet
744 1570 985 1641 parvulos
1014 1578 1129 1625 tuos
1152 1570 1260 1643 [AL
1288 1567 1430 1640 suos]
1455 1570 1524 1623 ad
1552 1579 1778 1640 petram.

388 1708 616 1786 [CXXX
630 1709 821 1783 VIII.]
853 1657 1295 1781 Con/itebfrAiib’i,
1329 1711 1574 1779 Domine,
1617 1710 1672 1763 in
1702 1718 1808 1765 toto
1835 1709 1993 1767 corde

532 1800 666 1849 meo,

462 1855 516 1928 in
543 1864 816 1928 conspectu
836 1856 1049 1928 deorum
1074 1857 1291 1928 cantabo
1322 1855 1396 1928 [h.
1428 1849 1675 1928 psallam]
1703 1851 1818 1906 tibi.

1678 375 1885 433 LIBER
1925 376 2369 438 PSALMORUM.

1996 498 2054 560 Α
2082 495 2144 553 Si
2172 495 2449 550 ascendero
2478 495 2533 549 in
2559 496 2745 550 coelum
2765 536 2780 563 ,
2810 494 2881 549 ibi
2901 510 2954 550 es
2984 492 3086 565 tu]:

3535 373 3673 434 1234

2148 569 2192 623 si
2215 571 2434 640 jacuero
2465 567 2517 619 in
2544 567 2772 640 inferno,
2798 568 2942 640 ades.

2078 639 2142 696 Si
2169 638 2436 708 sumpsero
2462 654 2660 701 pennas
2690 638 2927 693 diluculo
2946 682 2961 706 ,

2152 709 2259 782 [ΑΙ.
2290 710 2377 782 ad.
2412 708 2481 781 et]
2511 709 2807 765 habitavero
2828 711 2883 763 in
2903 709 3181 765 novissimo
3207 708 3396 776 maris,

2080 780 2257 837 Etiam
2281 781 2349 834 ibi
2376 780 2557 835 manus
2590 790 2678 834 tua
2707 782 2919 835 deducet
2949 798 3059 853 me,

2152 862 2199 907 et
2224 854 2406 906 tenebit
2422 870 2501 906 me
2524 853 2735 907 dextera
2761 863 2868 907 tua.

2083 922 2148 979 Si
2172 924 2373 989 dixero,
2405 924 2539 997 forte
2564 925 2784 979 tenebra:
2804 924 3034 997 operient
3055 940 3136 979 me
3159 938 3179 981 .‘

2157 1011 2261 1049 nox
2285 1012 2483 1063 quoque
2506 995 2599 1049 lux
2626 998 2721 1050 erit
2746 995 2884 1050 circa
2914 1014 3015 1051 me.

2086 1063 2200 1120 Nec
2225 1067 2444 1121 tenebrw
2472 1066 2661 1121 habent
2690 1068 2922 1122 tenebras
2954 1068 3093 1139 apud
3116 1075 3197 1135 te,

2158 1146 2205 1192 et
2227 1154 2332 1192 nox
2352 1139 2500 1204 quasi
2528 1148 2551 1176 θ
2572 1139 2682 1194 dies
2708 1140 2840 1193 lucet
2876 1156 2895 1194 :

2158 1210 2353 1263 similes
2376 1220 2496 1264 sunt
2522 1212 2742 1265 tenebrat
2758 1219 2804 1264 et
2836 1212 2926 1264 lux
2948 1252 2965 1276 ,

2091 1279 2229 1348 Quia
2253 1289 2309 1335 tu
2333 1282 2602 1350 possedisti
2618 1297 2763 1336 renes
2784 1299 2922 1336 meos
2946 1298 2964 1334 :

2162 1368 2407 1422 orsusque
2431 1370 2484 1407 es
2508 1370 2587 1407 me
2608 1354 2663 1407 in
2692 1361 2836 1407 utero
2867 1353 3047 1407 matris
3067 1369 3215 1409 mete.

2089 1418 2387 1496 Conﬁteb'or
2416 1424 2536 1489 tibi,
2564 1425 2810 1495 quoniam
2842 1424 3137 1479 terribiliter
3163 1418 3525 1496 magniﬁcasti
3543 1433 3643 1473 me.

2163 1495 2427 1550 mirabilia
2453 1492 2611 1566 Opera
2630 1506 2720 1550 tua
2737 1540 2752 1564 ,
2782 1507 2830 1551 et
2851 1497 3027 1550 anima
3051 1513 3166 1552 mea
3191 1492 3330 1551 novit
3346 1492 3373 1533 ⁷(
3400 1492 3572 1549 nimis.

2094 1565 2219 1622 Non
2247 1576 2365 1620 sunt
2396 1576 2420 1615 8
2446 1565 2626 1637 operta
2646 1584 2765 1622 ossa
2788 1585 2899 1622 mea
2919 1579 3051 1634 ate,

2164 1638 2350 1708 quibus
2372 1641 2539 1708 factus
2559 1656 2672 1692 sum
2692 1640 2746 1693 in
2774 1639 3075 1694 abscondito
3103 1656 3124 1695 :

2166 1709 2481 1783 imaginatus
2509 1727 2623 1764 sum
2648 1710 2703 1763 in
2731 1712 3018 1765 novissimis
3045 1720 3218 1783 terrae.

2096 1778 2386 1851 Informem
2414 1780 2585 1834 adhuc
2606 1797 2685 1834 me
2710 1784 2947 1835 viderunt
2974 1782 3109 1837 oculi
3141 1783 3218 1836 tui
3244 1821 3260 1850 ,

2167 1850 2215 1906 et
2234 1852 2289 1904 in
2322 1850 2451 1905 libro
2474 1864 2562 1905 tuo
2587 1869 2761 1906 omnes
2790 1853 3119 1908 scribentur:

390 1897 1725 2000 Αάδλξιίονᾝξνῖέῆιὲῖδ’ξᾶλοῖδῖἵᾶῘΙιῗἹιᾶἲέηψιιίηι
1752 1934 1991 1978 sanctum
2018 1897 2068 1959 Β
2107 1992 2151 2000 __
2166 1921 2279 2000 dies
2305 1923 2517 1992 formati
2542 1932 2661 2000 sunt
2690 1922 2719 1958 h
2739 1964 2754 1990 ,
2784 1933 2845 2000 et_
2859 1940 2962 2000 non
2986 1932 3061 2000 est
3089 1940 3196 2000 una
3213 1922 3271 1976 in
3294 1920 3390 2000 eis.

539 1996 705 2068 tuum]
734 2015 747 2052 :

465 2077 514 2124 et
542 2068 823 2139 confitebor
852 2070 1050 2125 nomini
1081 2079 1192 2140 tuo,

401 2139 574 2212 Super
603 2142 956 2196 misericordia
978 2153 1086 2208 tua,
1120 2153 1166 2197 et
1190 2142 1399 2197 veritate
1423 2149 1533 2207 tua,

467 2209 592 2282 quia
612 2212 955 2285 magni/icasti
971 2229 1126 2284 super
1148 2232 1295 2268 omne
1324 2228 1509 2268 nomen
1531 2209 1797 2282 eloquium
1828 2218 1993 2266 tuum.

399 2281 581 2338 Indie
610 2281 877 2351 invocabo,
902 2294 926 2320 ει
959 2294 1007 2339 et
1031 2281 1278 2341 exaudies
1300 2301 1378 2339 me
1404 2301 1423 2338 :

471 2354 714 2426 dilatabis
742 2355 933 2410 anima:
957 2371 1083 2409 metu
1112 2356 1495 2426 fortitudinem.

399 2425 762 2495 Confiteantur
791 2426 903 2492 tibi,
933 2425 1177 2493 Domine,
1209 2444 1382 2481 omnes
1408 2442 1551 2498 reges
1581 2432 1754 2493 terrm,

470 2498 717 2567 quoniam
742 2499 1017 2552 audierunt
1048 2498 1252 2568 eloquia
1273 2502 1379 2554 oris
1405 2500 1502 2553 tui.

400 2566 709 2624 Et’cantent
738 2569 792 2622 in
815 2570 909 2623 viis
943 2566 1151 2623 Domini
1176 2587 1195 2625 :

471 2641 718 2709 quoniam
741 2656 929 2711 magna
957 2641 1129 2710 gloria
1155 2642 1365 2697 Domini
1387 2657 1406 2695 :

406 2709 668 2784 Quoniam
699 2709 926 2784 excelsus
955 2709 1234 2782 Dominus,
1267 2723 1316 2767 et
1343 2712 1565 2769 humilia
1588 2711 1804 2784 respicit
1835 2710 1913 2784 [Ιι.
1955 2719 2004 2767 et

550 2780 750 2866 humile
773 2782 911 2866 videt
931 2791 978 2837 et
1012 2780 1297 2866 excelsum]
1322 2802 1337 2839 :

478 2863 527 2907 et
556 2854 761 2926 excelsa
787 2854 851 2907 de
876 2855 1025 2925 longe
1054 2854 1337 2926 cognoscit.

411 2922 477 2980 Si
505 2922 831 2979 ambulavero
862 2926 916 2980 in
947 2922 1490 2982 medio'tribulationis
1518 2926 1801 2997 viviﬁcabis
1831 2942 1911 2979 me
1936 2941 1956 2980 :

475 3011 631 3119 super
669 2999 896 3066 furorem
938 2996 1268 3053 inimicorum
1306 3014 1537 3053 meorum
1582 2996 1758 3054 mittes
1790 3013 2007 3052 manum

577 3083 720 3119 υαηι.

577 3083 720 3131 nam,

480 3147 532 3193 et
551 3137 767 3194 salvabit
794 3155 873 3193 me
895 3139 1107 3199 dextera
1137 3149 1251 3197 tua.

409 3208 663 3284 Dominus
694 3212 989 3283 aperabitur
1023 3229 1117 3284 pro
1155 3228 1259 3280 me,

2095 1992 2235 2048 Mihi
2252 1986 2609 2073 _autent_qugnt
2626 1986 2954 2050 honorabiles
2976 1996 3102 2073 facti
3122 2002 3240 2049 sunt
3261 1990 3415 2047 amici
3437 1989 3517 2062 [Ιι.
3539 1986 3697 2044 soda-

2244 2063 2339 2134 les]
2369 2065 2469 2130 tui,
2506 2065 2647 2119 Deus
2667 2106 2683 2129 ,

2170 2152 2326 2206 quam
2355 2135 2513 2210 fortes
2548 2134 2562 2172 ί
2592 2152 2847 2207 pauperes
2873 2135 2950 2210 [h.
2976 2134 3322 2210 principatus]
3352 2146 3560 2200 eorum,

2097 2205 2453 2279 Dinumerabo
2483 2222 2567 2261 eos
2590 2205 2613 2279 ,7
2632 2218 2681 2279 et
2703 2205 2863 2263 arena
2875 2205 3054 2279 plures
3077 2205 3228 2264 erunt
3250 2222 3271 2264 ξ

2173 2278 2412 2348 evigilavi
2432 2319 2447 2343 ,
2472 2285 2520 2329 et
2546 2278 2717 2332 adhuc
2738 2295 2852 2333 sum
2881 2278 3067 2335 tecum.

2102 2349 2167 2407 Si
2190 2349 2461 2415 occideris,
2486 2348 2627 2403 Deus
2643 2390 2659 2416 ,
2689 2350 2907 2421 impium
2928 2367 2947 2404 :

2174 2421 2273 2475 viri
2293 2421 2602 2489 sanguinum
2629 2420 2881 2475 declinate
2906 2438 2937 2474 a
2960 2437 3064 2476 me.

2108 2489 2212 2559 Qui
2245 2495 2259 2541 1
2292 2488 2643 2545 contradicent
2676 2492 2767 2545 tibi
2795 2494 3038 2547 scelerate
3062 2508 3082 2547 .'

2176 2562 2298 2617 elati
2462 2560 2819 2643 elei'atiLsunt.
2843 2563 3039 2643 frustra
3063 2560 3346 2643 adversarii
3375 2558 3477 2617 tui.

2106 2631 2296 2689 Nonne
2318 2631 2545 2687 odientes
2566 2631 2887 2701 te,’Domine
2906 2674 2923 2701 ,
2952 2633 3087 2687 odivi
3104 2678 3118 2701 ,

2177 2715 2224 2760 et
2244 2696 3151 2778 contraadversariostuos'distubui
3184 2702 3263 2778 [Ιι.
3294 2696 3621 2770 resistebam]
3650 2715 3665 2753 :

2106 2774 2351 2859 Perfecto
2370 2774 2494 2859 odio
2516 2774 2730 2857 oderam
2754 2776 2869 2859 illos
2892 2792 2912 2832 :

2180 2846 2381 2901 inimici
2412 2847 2684 2917 factisunt
2711 2846 2858 2901 mihi.

2109 2916 2363 2990 Scrutare
2381 2916 2460 2972 me
2477 2958 2494 2985 ,
2523 2916 2669 2972 Deus
2690 2961 2705 2984 ,
2732 2926 2780 2972 et
2810 2934 3057 2990 cognosce
3077 2936 3168 2976 cor
3192 2933 3363 2975 meum
3394 2931 3414 2971 :

2181 2988 2343 3061 proba
2367 3005 2475 3057 me,
2499 2998 2547 3061 et
2566 2990 2696 3061 scito
2720 2988 3052 3061 cogitationes
3070 3006 3237 3046 meas.

2110 3058 2191 3113 Et
2208 3060 2319 3113 vide
2340 3062 2385 3113 si
2412 3060 2493 3113 via
2513 3058 2539 3096 ¹ί
2568 3059 2678 3113 doli
2699 3061 2754 3114 in
2777 3058 2857 3114 ine
2879 3070 2951 3117 est
2974 3103 2990 3128 ,

2183 3141 2233 3186 et
2260 3130 2430 3185 deduc
2460 3146 2539 3184 me
2559 3131 2612 3184 in
2629 3132 2712 3184 via
2740 3141 2953 3186 teterna.

2294 3216 2511 3276 ειοςξοιιι
2554 3197 2574 3239 1
2616 3216 2888 3276 esuriem!
2929 3204 3005 3275 [h.
3047 3202 3309 3276 PSALIUS]
3343 3215 3528 3276 pum.

481 3268 741 3355 Domine;
778 3268 1135 3341 misericoidia
1187 3268 1278 3338 tua
1324 3284 1381 3339 in
1428 3291 1680 3340 internum
1710 3282 1789 3355 |h.
1840 3296 2005 3337 satcu-
2036 3289 2085 3355 ο
2116 3268 2341 3354 [(ΣΧΙιᾹ⁸
2371 3272 2507 3354 Erue
2525 3288 2625 3354 nte.
2648 3273 2896 3341 Ποτηίηε,
2926 3268 2990 3331 ἀί)
3013 3276 3218 3331 Ῐιοπιίηε
3246 3268 3384 3330 πίαιο
3412 3290 3430 3329 -‘

556 3353 664 3405 tum
708 3370 723 3408 :

484 3439 642 3495 opera
660 3350 909 3481 lianuum
936 3435 1145 3482 tuarum
1171 3442 1237 3479 ne
1265 3426 1521 3481 dimittas.

607 3510 1017 3569 melanuri/tvm
1056 3498 1084 3537 ιι
1114 3512 1385 3553 αΑΝτιοωι
1425 3497 1501 3569 [ἡ.
1543 3494 1820 3567 pannus].

412 3561 731 3640 [CXXXIX
739 3567 778 3641 .]
816 3567 1058 3633 Domine,
1086 3561 1505 3639 investigastiine
1524 3609 1540 3635 ,
1573 3578 1619 3622 et
1645 3561 1929 3641 cognovisti
1952 3582 1970 3619 .'

485 3647 543 3691 tu
590 3638 869 3710 cognovisti
911 3642 1191 3697 sessionem
1235 3638 1432 3710 meam,
1481 3650 1530 3694 et
1584 3638 2017 3694 resurrectionem

557 3725 724 3763 meam
744 3726 762 3763 .'

486 3778 786 3836 intellexisti
806 3782 831 3813 "
862 3784 1061 3837 malum
1089 3799 1258 3838 meum
1284 3783 1348 3836 de
1375 3782 1546 3853 longe.

417 3852 672 3910 Semitam
694 3869 860 3907 meum
878 3864 924 3907 et
952 3854 1343 3908 accubationem
1364 3852 1532 3906 meam
1557 3853 1850 3908 eventilasti
1876 3869 1896 3907 :

488 3935 537 3979 et
567 3938 739 3977 omnes
768 3926 875 3979 vias
900 3940 1039 3979 meas
1066 3924 1409 3979 intellexisti:

490 3995 615 4064 quia
634 4011 747 4066 non
772 4006 848 4049 est
876 3994 1137 4066 eloquium
1162 3997 1215 4049 in
1232 3996 1421 4066 lingua
1449 4010 1584 4051 mea.

418 4067 588 4131 Ecce,
621 4065 876 4131 Domine,
911 4067 1050 4121 nosti
1075 4068 1247 4120 omnia
1282 4082 1303 4120 :

492 4147 809 4211 retrorsum,
833 4148 881 4191 et
909 4148 1030 4192 ante
1060 4138 1299 4211 formasti
1328 4153 1410 4211 me
1439 4155 1459 4194 :

492 4209 788 4284 etposuisti
818 4225 973 4284 super
998 4208 1081 4284 me
1105 4226 1313 4265 manum
1347 4208 1426 4281 Ut.
1458 4208 1712 4284 palmam]
1741 4217 1907 4265 tuam.

423 4276 452 4318 δ
478 4276 777 4335 Mii'abilior
806 4289 881 4336 est
900 4282 1118 4335 scientia
1138 4298 1172 4333 a
1193 4298 1272 4336 me
1292 4321 1308 4345 ,

498 4351 750 4406 excelsior
779 4361 886 4419 est,
913 4369 1018 4407 non
1045 4362 1221 4422 potero
1240 4353 1310 4407 ad
1334 4370 1473 4409 eam.

431 4423 547 4492 Quo
568 4422 651 4476 ibo
675 4440 709 4476 a
733 4424 923 4488 spiritu
950 4434 1061 4490 tuo,

499 4501 546 4547 et
569 4509 670 4562 quo
692 4510 724 4545 a
743 4494 876 4564 facie
904 4504 992 4548 tua
1017 4494 1255 4566 fugiam?

505 4700 533 4728 ⁸
559 4689 907 4746 Cisterciens.
942 4705 1071 4755 ms.,
1100 4691 1343 4746 invocabo
1374 4702 1453 4759 te,
1481 4692 1747 4755 exaudies,
1781 4700 1887 4746 etc.

502 4760 531 4799 ι’
562 4763 751 4835 Regni.
800 4777 911 4835 ms].
956 4761 1157 4830 aliique
1197 4763 1383 4834 plures
1415 4763 1559 4835 apud
1604 4763 1881 4829 Martium,
1918 4761 2028 4816 Pro

430 4830 844 4890 victoria'Darid
870 4830 1163 4888 Canticum.

511 4918 533 4947 ο
567 4906 854 4977 Perperam
907 4904 963 4961 in
1010 4903 1360 4964 Cisterciensi
1404 4922 1533 4972 ms.,
1583 4922 1794 4960 manum
1828 4921 2030 4973 meam,

435 4989 544 5035 etc.

509 5048 537 5088 ἀ
570 5049 645 5103 Ita
686 5049 847 5103 ambo
892 5050 1224 5118 exemplaria
1272 5050 1532 5117 Canonis,
1563 5058 1616 5105 et
1650 5063 1783 5103 mss.
1819 5048 2037 5104 codices

438 5123 578 5188 duo,
615 5121 942 5177 Surbonicus
993 5129 1048 5175 et
1095 5122 1154 5176 S.
1206 5122 1506 5178 Michaelis.
1553 5122 1659 5175 Alii
1704 5120 1890 5189 legunt
1915 5138 2035 5175 cum

441 5194 598 5250 editis
624 5208 639 5249 :
668 5191 838 5263 Super
855 5208 933 5245 me
958 5201 1030 5245 est
1053 5194 1355 5261 scientia,et
1385 5193 1655 5259 excelsior,
1688 5200 1797 5245 etc.
1821 5191 2043 5247 Addunt

443 5266 665 5333 insuper
716 5267 815 5318 tria
872 5277 938 5317 ex
988 5265 1261 5330 praedictis
1313 5264 1640 5333 exemplaria
1677 5277 1807 5316 mss.
1840 5279 2038 5329 prono—

443 5352 585 5398 men,
624 5334 763 5403 quod
789 5350 893 5387 non
918 5333 1073 5388 estin
1101 5337 1350 5401 Hebraeo,
1383 5337 1597 5391 scientia
1622 5344 1731 5389 tua.
1772 5333 2039 5402 Vatican.,

445 5406 740 5463 Mirabilior
770 5404 980 5459 scientia
1009 5416 1063 5459 tu
1094 5425 1127 5461 a
1154 5425 1252 5461 me.
1286 5419 1392 5463 etc.
1424 5410 1601 5462 MART.

515 5507 587 5519 -ι
613 5476 792 5531 Nostri
838 5490 995 5549 mssg.,
1045 5493 1166 5533 cum
1200 5479 1407 5549 pridem
1444 5478 1607 5534 editis
1656 5493 1812 5549 super
1854 5494 1935 5532 me
1969 5484 2044 5532 est

446 5549 697 5615 scientia,
743 5557 789 5602 et
813 5547 1082 5619 excelsior,
1108 5547 1216 5606 etc;
1246 5550 1363 5608 Non
1392 5547 1894 5621 displicerct‘supra
1924 5565 2005 5604 me
2025 5589 2039 5615 ,

444 5621 500 5677 id
530 5631 635 5692 est,
665 5636 825 5692 supra
852 5629 1054 5691 captum
1082 5639 1271 5677 meum.

524 5701 549 5765 ξ
581 5691 636 5765 in
668 5691 1015 5747 Cisterciens.
1043 5711 1169 5762 ms.,
1198 5695 1347 5765 quasi
1375 5696 1485 5749 lux.

524 5761 547 5799 τ
582 5762 728 5817 Idem
768 5778 894 5827 ms.,
927 5766 1065 5819 novit
1094 5761 1161 5819 ea
1183 5761 1355 5819 nimis.

530 5842 555 5879 Β
602 5833 658 5906 In
702 5833 957 5906 singulari
1004 5834 1187 5906 legunt
1229 5837 1345 5891 haec
1387 5851 1563 5893 canon
1598 5832 2046 5906 Carcassonensis

458 5902 802 5973 emendatus,
834 5902 1083 5965 Vaticani
1128 5918 1183 5965 et
1227 5923 1332 5967 ms.
1363 5907 1420 5967 ὃ.
1470 5908 1745 5968 Michaelis
1775 5924 1791 5963 :
1820 5904 1943 5963 Non
1972 5914 2048 5962 εει

2186 3360 2220 3397 a
2244 3345 2366 3397 viris
2392 3344 2587 3413 iniquis
2616 3359 2766 3398 serva
2787 3361 2886 3400 me.

2120 3413 2223 3483 Qui
2250 3415 2602 3485 cogitaverunt
2627 3417 2852 3470 malitias
2882 3418 2937 3473 in
2965 3419 3161 3473 corde:

2190 3496 2299 3539 tota
2327 3486 2409 3539 die
2438 3486 2624 3561 versati
2651 3495 2770 3540 sunt
2806 3489 2860 3541 in
2888 3489 3104 3561 prwliis.

2117 3556 2457 3611 Exacuerunt
2485 3557 2718 3631 linguam
2746 3556 2898 3631 suam
2922 3561 3072 3630 quasi
3096 3575 3304 3631 serpens
3330 3573 3350 3613 :

2189 3643 2443 3682 venenum
2464 3629 2664 3697 aspidis
2689 3631 2783 3683 sub
2806 3629 2956 3686 labiis
2984 3629 3188 3686 eorum.
3214 3629 3457 3687 Summ.

2120 3699 2336 3777 Custodi
2356 3716 2460 3777 me,
2495 3698 2750 3777 Domine,
2780 3701 2845 3755 de
2870 3718 3028 3756 manu
3050 3702 3234 3774 impii,

2191 3788 2225 3825 a
2245 3772 2354 3824 viro
2379 3772 2712 3841 iniquitatum
2739 3786 2889 3826 serva
2913 3788 3034 3827 me:

2191 3842 2282 3912 qui
2311 3843 2668 3916 cogitaverunt
2694 3844 3034 3916 supplantare
3064 3860 3268 3916 gressus
3297 3856 3459 3897 meos.

2120 3913 2516 3986 Absconderunt
2541 3914 2749 3984 superbi
2776 3913 3019 3986 laqueum
3046 3913 3209 3985 mihi,

2192 3992 2243 4039 et
2276 3982 2492 4053 funibus
2521 3982 2859 4039 extenderunt
2885 3998 2994 4042 rete
3024 4002 3045 4042 :

2183 4051 2345 4129 juxta
2388 4054 2626 4109 semitam
2649 4054 3021 4123 o/fendiculum
3065 4064 3348 4129 posuerunt
3388 4054 3541 4110 mihi.
3586 4051 3729 4111 Snu-

2268 4141 2389 4181 PER.

2123 4196 2254 4253 Dixi
2284 4196 2529 4265 Domino,
2565 4197 2707 4253 Deus
2733 4216 2873 4255 meus
2902 4216 2955 4255 es
2985 4209 3039 4254 tu
3067 4216 3086 4255 :

2198 4269 2327 4351 audi
2358 4268 2433 4348 [Ιζ.
2464 4271 2679 4324 auribus
2709 4268 2967 4344 percipe],
2996 4270 3252 4342 Domine,
3279 4284 3455 4327 vocem
3479 4269 3725 4343 depreca«

2279 4350 2432 4393 ιιοηιδ
2457 4357 2603 4396 mete.

2132 4414 2351 4471 Domine
2375 4410 2518 4466 Deus
2550 4414 2803 4483 fortitudo
2829 4415 3014 4471 salutis
3037 4430 3196 4479 meat,

2053 4474 2109 4534 D
2202 4484 2470 4557 protexisti
2500 4474 2656 4555 caput
2688 4501 2855 4541 meum
2885 4488 2943 4541 in
2972 4488 3055 4541 die
3083 4474 3222 4541 belli.

2132 4696 2368 4760 opertum
2391 4703 2448 4741 os
2472 4702 2640 4741 meum
2669 4703 2702 4740 a
2730 4694 2799 4749 te,
2829 4700 2931 4757 quo
2951 4686 3119 4758 factus
3146 4701 3283 4752 sum,
3317 4691 3424 4740 etc.
3457 4684 3639 4741 MART.

2202 4756 2235 4797 ιι
2260 4758 2506 4825 Sequiori
2533 4773 2732 4825 genere
2762 4758 2983 4825 Regina:
3015 4774 3142 4824 ms.,
3167 4757 3276 4811 dies
3305 4756 3531 4825 formata
3552 4758 3736 4825 :quod

2202 4773 2235 4797 ιι
2260 4773 2506 4826 aequior:
2533 4773 2732 4829 genere
2762 4773 2983 4827 uegina:
3015 4774 3142 4824 ms.,
3167 4773 3276 4811 aies
3305 4773 3531 4825 formata
3552 4773 3733 4825 :quoa

2132 4841 2189 4888 et
2227 4830 2399 4901 magis
2428 4829 2686 4901 cohaeret.
2733 4830 2854 4901 Mox
2883 4826 3116 4901 Cistere.
3149 4828 3274 4899 plus
3299 4828 3463 4882 habet
3478 4844 3629 4901 ,_non
3655 4839 3733 4884 est

2135 4904 2225 4959 tibi
2251 4899 2375 4968 una,
2398 4913 2503 4958 etc.
2532 4900 2721 4957 Variat
2740 4900 2970 4971 ipsemet
2998 4900 3262 4957 Hebraeus
3290 4905 3474 4956 textus
3497 4899 3582 4957 his
3602 4914 3730 4956 ver-

2138 4998 2223 5055 bis
2246 4982 2347 5063 1‘77,
2379 5008 2433 5051 et
2460 4980 2575 5057 N51.

2219 5069 2619 5125 iCistercieus.
2671 5082 2775 5139 ms.
2829 5081 2985 5139 quam
3034 5064 3195 5136 fortes
3240 5062 3734 5139 suptprincipatns

2143 5158 2321 5196 eorum
2350 5157 2369 5197 :
2398 5140 2541 5211 quod
2583 5148 2639 5194 et
2666 5136 2989 5211 scholiastes
3031 5139 3245 5211 probat.
3293 5136 3351 5192 In
3376 5136 3612 5211 ilepraeo
3648 5147 3734 5195 est

2143 5206 2433 5277 anuus-ii
2488 5212 2662 5280 capita
2708 5226 2906 5265 eorum.
2948 5206 3167 5279 Legerit
3194 5222 3325 5265 vero
3368 5208 3427 5265 S.
3459 5206 3735 5278 Interpres

2147 5286 2413 5353 absquets
2441 5282 2763 5338 intermedio
2802 5289 3042 5353 enim,
3090 5280 3259 5353 iquod
3310 5289 3432 5353 est,
3487 5296 3737 5353 pauperes

2148 5350 2360 5425 eorum,
2406 5363 2601 5414 suum
2620 5354 2816 5419 verbo,
2865 5352 3010 5425 qugd
3055 5350 3737 5425 signiﬁgatdepauperari:

2160 5429 2303 5482 unde
2326 5422 2705 5497 wﬁlRegum,
2740 5422 2895 5491 xvm,
2930 5423 3040 5492 25,
3077 5423 3195 5494 ipsa
3233 5422 3459 5494 Vulgata
3493 5422 3655 5479 vertit
3678 5422 3735 5478 in

2186 5513 2449 5553 auoerem.

2145 5515 2449 5570 pauperem.

2223 5570 2239 5622 i
2281 5570 2477 5639 Regius
2506 5583 2571 5625 ac
2596 5567 2975 5625 Corbeiensis:
3011 5565 3113 5636 Qui
3132 5566 3485 5623 contradicent
3514 5564 3603 5620 tibi
3628 5579 3738 5619 sce«

2130 5641 2321 5697 ,lerati.
2356 5642 2532 5695 Msn'r.

2220 5711 2249 5789 ξ
2280 5712 2338 5789 _|_n
2370 5709 2591 5789 Regina;
2615 5728 2743 5778 ms.,
2770 5712 2817 5789 si
2844 5709 3083 5789 viaidoli
3109 5710 3165 5764 in
3182 5725 3274 5789 lue
3310 5718 3406 5789 est.
3474 5778 3486 5789 .

2225 5781 2246 5821 1
2278 5782 2433 5849 Hunc
2455 5779 2741 5852 psalmum
2790 5783 3091 5837 inscribunt
3124 5798 3139 5837 :
3170 5779 3282 5836 Pro
3306 5779 3554 5848 victoria,
3600 5789 3735 5834 mss.

2154 5853 2344 5929 plures
2372 5862 2429 5910 et
2454 5854 2641 5927 Canon
2670 5855 3048 5915 Mcmmianus.
3082 5853 3259 5913 Mser.
3586 5864 3589 5867 '
3708 5884 3711 5887 ‹
