4082 6354
455 420 593 478 1255

526 545 552 574 ι
583 533 668 590 Ne
689 535 809 600 des,
841 532 1093 597 Domino.
1121 530 1378 586 desideria
1408 526 1558 600 impii
1589 543 1606 580 :

525 607 720 661 scelera
740 595 849 676 ejus
874 622 935 658 ne
964 595 1319 673 effundantur,
1353 611 1399 656 ct
1428 595 1703 654 eleventur.
1736 595 1976 655 SEMPE‘R.

451 676 484 719 δ
508 678 818 734 Amaritudo
841 677 1172 730 convivarum
1200 689 1430 725 meorum
1461 689 1479 725 :

535 751 684 804 labor
706 747 962 802 labiorum
989 761 1165 801 eorum
1196 745 1388 814 aperiet
1411 759 1517 799 eos.

531 831 555 861 ε
587 821 780 875 Cadent
801 834 960 891 super,
985 836 1068 873 eos
1095 815 1337 872 carbones
1356 860 1370 885 ,

531 893 584 946 in
612 893 784 961 ignem
810 890 1019 962 dejicies
1046 908 1162 955 eos,

528 965 584 1018 in
618 967 822 1034 foveas,
856 971 911 1015 ut
938 977 1037 1015 non
1060 967 1395 1034 consurgant.

466 1034 562 1088 Vir
592 1033 862 1105 linguosus
888 1050 990 1087 non
1021 1035 1273 1105 dirigetur
1296 1033 1345 1086 in
1378 1038 1549 1105 terra,

528 1095 697 1160 virum
736 1105 968 1176 iniquum
995 1095 1363 1175 mala'capient
1386 1101 1495 1177 [AL
1528 1095 1767 1174 capiunt]
1797 1095 1850 1153 in
1875 1097 2058 1154 interi-

604 1185 734 1230 tum.

461 1247 585 1305 Scio
612 1248 750 1319 quod
782 1245 1037 1302 Dominus
1064 1247 1214 1318 faciet
1237 1261 1449 1300 causam
1473 1243 1644 1317 inapis
1665 1286 1679 1313 ,
1696 1241 1902 1317 judicia
1931 1257 2061 1315 pato-

635 1337 723 1372 eru
732 1336 778 1372 ιη
789 1363 798 1372 .

732 1340 742 1370 l
789 1363 798 1372 .

458 1340 847 1458 IAttan’iZzujiisti
868 1387 1251 1460 confitebuntur
1280 1387 1477 1442 nomini
1505 1393 1591 1440 tuo
1619 1403 1638 1442 :

529 1460 839 1516 habitabant
870 1461 994 1524 recti
1021 1475 1138 1514 cum
1168 1461 1313 1514 vultu
1345 1467 1452 1512 tuo.

808 1569 1077 1610 CANTICUM
1114 1552 1192 1627 [Ιι.
1233 1547 1507 1623 essurus]
1543 1533 1722 1608 anno.

459 1646 720 1773 [CXLI
749 1647 1008 1732 Domine,
1037 1649 1258 1733 clamavi
1285 1647 1352 1700 ad
1381 1658 1457 1713 te,
1491 1648 1679 1719 festina
1706 1645 1837 1700 mihi
1867 1659 1886 1699 .°

526 1737 660 1773 exau
705 1739 721 1773 ι
752 1719 826 1773 llt.
862 1721 1076 1773 auribus
1103 1719 1332 1773 percivel
1377 1734 1551 1773 vocem
1595 1734 1760 1772 meam
1790 1716 1886 1772 cla:

526 1716 721 1776 exaudi
752 1719 826 1793 [It.
862 1720 1076 1776 auribus
1103 1719 1332 1792 percipe]
1377 1716 1551 1774 vocem
1595 1734 1760 1772 meam
1790 1716 2066 1772 clamantis

601 1793 672 1846 ad
699 1801 768 1847 te.

457 1861 733 1936 Dirigatur
761 1864 927 1919 oratio
953 1876 1064 1917 mea
1092 1864 1224 1917 sicut
1252 1864 1518 1936 incensum
1547 1861 1601 1914 in
1626 1869 2013 1936 conspectu‘tuo
2043 1876 2063 1916 :

527 1929 739 1990 elévatio
762 1949 1012 1990 manuum
1039 1950 1267 1990 mearum
1289 1933 1366 2006 [It.
1397 1930 1717 2004 palmarum]
1747 1929 2060 2002 sacrificium

601 2007 988 2077 vespertinum;
1075 2063 1088 2077 ,

461 2073 638 2144 Pone,
671 2075 890 2145 Domine
917 2118 932 2142 ,
965 2073 1254 2131 custodiam
1276 2077 1353 2130 ori
1381 2092 1491 2130 mea
1517 2090 1536 2128 :

528 2163 684 2222 serva
705 2156 1060 2222 paupertatem
1090 2146 1348 2222 labiorum
1382 2159 1632 2222 meorum.

459 2218 545 2274 Ne
572 2217 915 2275 declines'cor
937 2234 1105 2274 meum
1135 2224 1186 2274 in
1210 2220 1418 2274 verbum
1441 2217 1642 2271 malum
1666 2261 1681 2286 ,

531 2292 732 2345 volvere
763 2293 1095 2362 cogitationes
1123 2293 1310 2362 impias

529 2379 645 2415 cum
675 2363 800 2417 viris
823 2362 1150 2433 operantibus
1181 2363 1510 2432 iniquitatem
1534 2375 1554 2412 ξ

531 2449 695 2499 neque
718 2431 984 2489 comedere
1010 2434 1063 2487 in
1095 2431 1120 2472 ἀ
1148 2431 1349 2488 deliciis
1378 2447 1576 2484 eorum.

459 2503 719 2572 Corripiat
751 2523 829 2558 me
859 2509 1030 2571 iustus
1057 2505 1110 2558 in
1137 2504 1495 2559 misericordia
1516 2543 1530 2569 ,
1561 2510 1610 2557 et
1636 2512 1817 2574 arguet
1843 2517 1952 2574 me,

530 2576 701 2629 oleum
728 2574 1092 2630 amaritudinis
1116 2591 1220 2629 non
1246 2577 1535 2644 impinguet
1560 2586 1718 2644 caput
1746 2587 1914 2629 meum
1936 2587 1954 2628 :

462 2646 598 2714 Quia
627 2647 800 2717 adhuc
827 2648 998 2701 oratio
1025 2663 1136 2699 mea
1165 2663 1259 2717 pro
1289 2647 1500 2701 malitiis
1531 2657 1711 2699 eorum
1755 2659 1773 2699 .'

529 2715 726 2772 sublati
747 2727 869 2772 sunt
887 2721 1052 2788 juxta
1080 2715 1279 2789 petram
1301 2718 1512 2790 judices
1531 2727 1711 2770 eorum
1733 2759 1749 2784 ,

529 2799 580 2843 et
606 2791 819 2844 audient
849 2791 1000 2843 verba
1030 2805 1172 2854 mea,
1198 2789 1444 2860 quoniam
1472 2789 1659 2842 decora
1704 2796 1845 2843 sunt.

459 2858 607 2916 Sicut
633 2861 864 2929 agricola
889 2877 1007 2915 cum
1033 2858 1223 2914 scindit
1251 2871 1447 2916 terram
1471 2877 1490 2915 :

528 2933 889 3073 sicfdisjsipat'a
906 2940 1030 2987 sunt
1067 2945 1185 2986 ossa
1216 2939 1394 2986 nostra
1421 2932 1473 2987 in
1504 2948 1592 2988 ore
1620 2933 1815 3004 inferni
1841 2932 1950 3008 [ΑΙ.
1974 2933 2062 2986 in-

630 3020 702 3057 ert
742 3045 758 3070 ,
1953 3017 1958 3023 '

605 3005 726 3072 feri]
742 3045 758 3070 ,
1843 3005 1860 3008 “
1953 3017 1958 3023 ’

465 3071 775 3140 ρυὶααάὶε
794 3117 808 3143 ,
840 3073 1061 3131 Domine
1089 3075 1262 3142 Deus,
1289 3076 1425 3128 oculi
1451 3076 1554 3129 mei
1579 3089 1599 3129 :

533 3145 587 3199 in
613 3155 660 3200 te
680 3149 879 3216 speravi
896 3191 910 3216 ,
941 3164 1003 3201 ne
1025 3164 1236 3202 evacues
1258 3147 1486 3201 quintam
1511 3162 1698 3202 meam.

462 3211 684 3271 Custodi
708 3211 804 3272 ἠτα
835 3211 905 3280 de
927 3219 1168 3273 manibus
1204 3217 1408 3290 laquei,
1441 3233 1591 3289 quem
1635 3219 1744 3290 [AL
1777 3219 1940 3290 quod]
1971 3235 2064 3290 po-

608 3297 824 3342 suerunt
853 3290 981 3344 mihi
1009 3303 1029 3344 :

535 3359 953 3433 deo/f'endiculis
980 3362 1305 3432 operantium
1340 3361 1662 3433 iniquitatem
1688 3375 1709 3416 :

459 3427 702 3505 Incident
734 3433 788 3487 in
814 3443 921 3486 rete
947 3427 1058 3505 ejus
1089 3434 1273 3505 impii:

532 3502 691 3556 simul
711 3515 879 3559 autem
901 3502 994 3576 ego
1018 3502 1265 3560 transibo.

463 3606 715 3652 ERUDITIO
759 3605 780 3634 θ
821 3608 979 3652 ῡλνιι)
1003 3638 1016 3662 ,
1059 3612 1166 3652 CUM
1205 3609 1365 3652 ESSET
1404 3611 1456 3651 IN
1497 3607 1764 3653 SPELUNCA
1789 3637 1806 3666 ,
1843 3611 2061 3655 ORATIO.

464 3685 743 3759 [CXLILI
789 3685 926 3742 Voce
943 3706 1059 3759 mea
1079 3690 1150 3744 ad
1179 3689 1466 3752 Dominum
1491 3688 1713 3746 clamavi
1739 3705 1758 3740 :

534 3775 657 3813 voce
685 3757 799 3813 mea
821 3761 888 3813 ad
920 3757 1196 3813 Dominum
1228 3764 1534 3826 deprecatus
1556 3775 1694 3819 sum.

469 3829 757 3896 Effundam
785 3832 839 3896 in
865 3840 1138 3901 conspectu
1167 3831 1280 3901 ejus
1302 3831 1564 3901 eloquium
1596 3847 1762 3886 meum
1792 3849 1814 3888 :

537 3902 917 3955 tribulationem
947 3917 1116 3956 meam
1139 3917 1310 3956 coram
1348 3902 1442 3965 illo
1470 3903 1811 3968 annuntiabo.

468 3970 596 4027 Cum
628 3973 817 4027 anxius
849 3971 1004 4040 fuerit
1035 3974 1089 4025 iu
1113 3989 1190 4040 me
1221 3974 1437 4043 spiritus
1461 3969 1604 4035 metis
1632 3991 1652 4028 :

539 4050 596 4109 tu
621 4045 762 4110 enim.
781 4045 918 4108 nosti
944 4043 1179 4110 semitam
1208 4061 1375 4108 meant
1650 4046 1691 4080 ‘

537 4115 592 4167 in
621 4116 704 4168 via
730 4117 826 4168 Itac
847 4155 862 4180 ,
892 4131 992 4183 qua
1017 4113 1312 4177 ambulabo,

539 4185 919 4239 absconderant
941 4184 1183 4255 laqueum
1210 4186 1357 4250 mihi.

468 4253 688 4332 Respice
715 4257 781 4312 ad
809 4253 1104 4332 dexteram,
1134 4268 1180 4320 et
1210 4258 1327 4310 vide

541 4329 662 4398 quia
693 4347 796 4383 non
816 4330 882 4383 sit
905 4329 992 4398 qui
1014 4339 1291 4400 cognoscat
1319 4344 1398 4383 me
1420 4344 1440 4382 :

469 4397 635 4454 Periit
658 4402 783 4473 fuga
810 4418 842 4454 a
874 4397 953 4454 me
972 4441 987 4473 ,_

541 4481 588 4526 et
614 4467 817 4526 nonest
839 4473 926 4543 qui
940 4467 1145 4543 quierat
1173 4472 1402 4534 animam
1425 4488 1608 4526 meam.

468 4541 697 4597 Clamavi
717 4546 786 4596 ad
808 4541 859 4598 te
878 4585 893 4608 ,
926 4541 1145 4597 Domine
1166 4585 1179 4608 ,
1215 4543 1326 4597 dixi
1352 4585 1366 4609 ,
1397 4554 1452 4599 tu
1477 4561 1528 4599 es
1552 4560 1666 4614 spes
1694 4561 1806 4601 mea
1834 4561 1856 4600 :

541 4631 664 4686 pars
692 4631 804 4668 mea
823 4617 876 4668 in
899 4623 1033 4668 terra
1053 4616 1349 4669 viventium.

464 4684 716 4744 Ausculta
741 4686 1150 4757 deprecationem
1179 4696 1384 4755 meam,

537 4855 564 4884 ι
593 4848 796 4903 lterum
824 4848 878 4903 in
902 4847 1121 4919 Reginae
1144 4861 1272 4912 ms.,
1299 4845 1474 4919 impiis
1503 4861 1523 4900 :
1553 4845 1742 4919 verius
1776 4857 1928 4904 esset
1955 4850 2056 4904 im-

463 4919 552 5003 pio
580 4935 596 4973 :
623 4921 693 4974 ita
722 4917 1275 5002 llehrzeus'redditur,
1312 4917 1396 4973 Ne
1422 4919 1541 4986 des,
1573 4917 1815 4986 Domine,
1847 4919 2050 4977 desideo

464 5007 552 5062 ria
572 5007 682 5045 mea
713 5003 988 5062 peccatori.

539 5060 568 5100 ι)
597 5060 870 5130 Quantum
898 5064 1014 5120 scio
1053 5062 1211 5120 aliter
1240 5062 1499 5120 Hebraeus
1528 5060 1692 5119 habet
1710 5102 1724 5129 ,
1754 5068 1904 5123 non
1925 5071 2058 5124 tam

545 5238 566 5265 ο
599 5225 746 5298 Editi
798 5241 919 5282 cum
951 5227 1153 5298 aliquot
1206 5242 1340 5283 mss.
1387 5226 1546 5282 aliter
1593 5226 1842 5283 dividunt
1901 5228 2061 5285 colon

470 5297 616 5372 ismd
647 5316 659 5351 :
685 5298 880 5353 Cadent
901 5297 1056 5369 super
1075 5318 1161 5355 eos
1183 5300 1425 5372 carbones
1455 5299 1589 5370 ignis
1634 5314 1665 5372 .'_
1705 5300 1912 5372 dejicies
1961 5314 2052 5356 eos

471 5370 527 5424 in
550 5373 722 5441 foveas
743 5412 757 5437 ,
790 5380 844 5425 ut
875 5385 976 5426 non
1009 5380 1344 5443 consurgant.
1397 5369 1504 5426 Sed
1545 5369 1738 5425 melius
1761 5369 1842 5427 'ac
1875 5374 2060 5429 verius

466 5443 715 5514 estquod
745 5456 841 5498 nos
877 5444 1148 5499 edidimus
1187 5447 1341 5513 juxta
1384 5443 1544 5498 [idem
1594 5444 2051 5514 exemplariorum

467 5512 706 5569 Canonis
755 5515 1035 5570 Hebraicae
1083 5512 1328 5572 veritatis
1357 5557 1372 5583 ,
1426 5512 1769 5586 duorumque
1810 5515 2042 5572 aliorum

467 5598 605 5641 mss.
635 5586 914 5642 Codicum.
949 5588 1122 5642 Msu'r.

548 5655 1000 5715 —-Cisterciensis
1021 5661 1159 5714 alios
1181 5659 1319 5730 apud
1341 5659 1616 5716 Martianze
1639 5660 1930 5718 umcitatos
1955 5671 2052 5716 co—

462 5727 612 5800 dices
639 5732 904 5800 sequitur.

531 5798 1150 5872 deperperamIReginae
1187 5817 1316 5869 ms.,
1359 5806 1414 5859 in
1460 5803 1684 5860 delictis.
1739 5803 1864 5860 Mox
1912 5816 2047 5860 vero

461 5870 666 5949 rectius
695 5883 881 5949 arguat
909 5870 1248 5949 'pro'arguet
1290 5877 1569 5947 :denique
1607 5891 1728 5934 cum
1768 5874 2048 5949 plerisque

463 5942 584 5997 aliis
607 5984 622 6012 ,
654 5943 822 5999 adhuc
851 5953 896 5999 et
923 5947 1086 6000 oratio
1110 5942 1240 6002 mea.

1456 415 1516 470 S.
1559 407 1944 467 [*IIERONYMI
1989 403 2220 466 DlVlNA
2263 407 2745 466 BlBLIOTilECA.

2079 529 2133 588 Α
2228 527 2471 595 quoniam
2503 527 2796 594 inﬁrmatus
2827 540 2940 580 sum
2965 523 3144 580 nimis.

3629 403 3759 462 1256

2157 596 2343 652 Libera
2371 614 2450 652 me
2478 613 2508 650 α
2535 598 2940 669 persecutoribus
2979 597 3106 650 meis
3133 638 3147 663 ,

2226 672 2469 738 quoniant
2503 669 2782 737 confortati
2812 676 2933 723 sunt
2959 684 3114 737 super
3144 681 3242 721 me.

2159 739 2307 794 Educ
2333 746 2396 794 de
2417 757 2622 794 carcere
2651 741 2879 793 animam
2909 755 3075 793 nteant
3098 781 3113 808 ,

2230 821 2286 866 ut
2307 812 2613 881 conﬁteatur
2643 812 2838 864 nomini
2868 823 2952 864 tuo
2976 827 2995 864 :

2161 880 2229 937 In
2260 899 2341 936 me
2363 880 2748 936 caronabuntur
2769 883 2941 954 justi,

2234 969 2351 1006 cum
2377 955 2674 1009 retribueris
2698 955 2849 1008 mihi.

2476 1044 2496 1084 ί
2536 1061 2801 1102 CANTICUM
2843 1044 2919 1118 [Ιι.
2963 1041 3240 1117 vsuuus]
3279 1060 3461 1102 usvm.

2162 1133 2398 1210 [CXLII
2405 1136 2428 1190 Ι
2437 1137 2477 1209 .j
2518 1136 2772 1210 Domine,
2802 1141 2996 1192 exaudi
3019 1140 3307 1210 orationem
3329 1151 3500 1191 meam
3519 1175 3534 1201 ,

2235 1207 2475 1264 ausculta
2498 1209 2574 1281 [IL
2604 1210 2816 1264 auribus
2836 1208 3065 1282 percipe]
3089 1211 3506 1281 deprecationem
3529 1222 3695 1263 nteant
3715 1207 3765 1262 in

2306 1282 2519 1335 veritate
2545 1291 2636 1335 tua
2659 1298 2677 1346 ;

2237 1357 2263 1399 8
2294 1353 2483 1406 exaudi
2513 1370 2593 1406 me
2620 1353 2675 1406 in
2691 1353 2903 1425 justitia
2935 1360 3048 1406 tua.

2166 1421 2238 1478 Et
2264 1440 2364 1477 non
2394 1425 2570 1478 venias
2599 1425 2668 1478 ad
2686 1421 3036 1495 judicandum
3057 1439 3174 1478 cum
3196 1437 3342 1478 servo
3371 1431 3463 1476 tuo
3495 1437 3514 1474 :

2236 1496 2361 1567 quia
2396 1511 2499 1550 non
2530 1490 2914 1568 justi/imbitur
2959 1497 3014 1550 in
3061 1504 3340 1568 conspectu
3387 1504 3474 1549 tuo
3503 1493 3671 1548 omnis
3697 1490 3768 1547 vi-

2310 1583 2450 1623 vens.

2171 1635 2483 1694 Persecutus
2506 1649 2579 1694 est
2609 1639 2746 1694 enim
2776 1637 3015 1692 inimicus
3045 1638 3275 1692 animam
3296 1653 3464 1692 meam
3484 1677 3500 1704 ,

2242 1711 2494 1782 confregit
2523 1713 2576 1764 in
2606 1721 2741 1765 terra
2765 1709 3116 1782 vitammeam
3140 1726 3160 1782 .'

2244 1779 2527 1852 posuit'me
2571 1783 2624 1836 in
2673 1781 2894 1836 tenebris
2927 1780 3000 1853 [h.
3044 1781 3320 1853 collocavit
3346 1796 3427 1836 me
3455 1779 3766 1853 intenebris]

2316 1857 2464 1922 quasi
2493 1861 2722 1924 mortuos
2741 1851 2985 1923 antiquos
3013 1852 3089 1924 [Ιι.
3119 1853 3300 1906 steculi
3311 1851 3347 1921 1.

2091 1915 2140 1983 Β
2169 1922 2235 1978 Et
2262 1915 2506 1978 anaiatus
2533 1923 2559 1962 ιι
2586 1926 2685 1994 fuit
2714 1927 2770 1978 in
2797 1915 2880 1977 me
2908 1915 3126 1994 spiritus
3155 1915 3354 1977 meus':

2239 1995 2296 2051 in
2323 1996 2493 2050 medio
2522 1998 2620 2050 mei
2646 1994 2927 2050 sollicitum
2947 1995 3045 2063 fuit
3068 2011 3158 2050 cor
3187 2011 3375 2050 meum.

2171 2065 2504 2122 Recordabar
2526 2068 2723 2121 dierum
2748 2068 3080 2136 antiquorum
3095 2106 3109 2128 ,

2240 2138 2530 2192 meditabar
2558 2140 2735 2193 omnia
2757 2154 2914 2204 opera
2942 2148 3032 2191 tua
3057 2154 3076 2191 :

2242 2214 2386 2278 facta
2407 2226 2657 2264 manuum
2684 2219 2897 2263 tuarum
2922 2208 3187 2280 loquebar.

2172 2278 2414 2350 Expandi
2439 2297 2619 2336 manus
2640 2297 2781 2335 meas
2799 2281 2869 2333 ad
2893 2291 2944 2335 te
2967 2295 2984 2334 :

2243 2352 2421 2406 anima
2448 2369 2562 2407 mea
2583 2354 2732 2421 quasi
2755 2363 2892 2406 terra
2909 2353 3088 2407 sitiens
3117 2351 3187 2405 ad
3215 2359 3282 2406 te.
3313 2351 3559 2408 Βεκριιι.

2169 2419 2286 2478 Cito
2314 2422 2388 2494 [h.
2423 2419 2632 2496 festina}
2665 2422 2853 2480 exaudi
2879 2440 2960 2477 me
2984 2465 2999 2491 ,
3038 2422 3262 2478 Domine
3281 2465 3296 2490 ,
3328 2423 3524 2497 defecit
3555 2421 3763 2495 spiritus

2311 2511 2454 2550 meus
2491 2511 2510 2549 .'

2239 2580 2305 2619 ne
2331 2566 2617 2621 abscondas
2647 2569 2833 2637 faciem
2864 2576 3010 2620 luant
3042 2581 3074 2618 ιι
3104 2581 3214 2630 me,

2240 2644 2289 2689 et
2311 2640 2650 2709 comparabor
2679 2637 3106 2692 descendentibus
3129 2639 3182 2690 in
3212 2637 3414 2692 lacum.

2169 2703 2287 2761 Fac
2315 2721 2396 2762 me
2419 2703 2604 2764 audire
2629 2723 2778 2763 mane
2797 2709 3211 2763 misericordiam
3241 2719 3388 2765 tuam
3411 2751 3426 2778 ,

2241 2779 2486 2848 quoniam
2512 2781 2566 2834 in
2595 2791 2642 2836 te
2672 2782 2878 2850 conﬁdo
2911 2795 2930 2832 :

2171 2847 2367 2903 Notam
2398 2852 2479 2919 fac
2508 2851 2637 2905 mihi
2659 2847 2794 2906 viam
2815 2854 2870 2905 in
2892 2867 2996 2923 qua
3022 2849 3280 2905 ambulem
3303 2893 3319 2918 ,

2240 2923 2486 2990 quoniam
2514 2925 2586 2978 ad
2612 2932 2659 2976 te
2685 2923 2849 2977 levavi
2873 2924 3102 2978 animam
3126 2938 3312 2979 meam.

2169 2989 2358 3047 Libera
2388 3011 2466 3049 nte
2492 2995 2556 3048 de
2582 2996 2812 3048 inimicis
2848 2995 3006 3060 meis,
3035 2992 3258 3049 Domine
3289 3009 3310 3049 :

2247 3063 2264 3102 ί
2291 3066 2360 3118 ad
2383 3075 2431 3119 te
2461 3075 2718 3134 protectus
2747 3083 2892 3135 sum,

2170 3133 2312 3190 Doce
2339 3154 2420 3193 me
2438 3133 2532 3208 ,iut
2561 3136 2753 3208 faciam
2782 3133 3100 3192 voluntatem
3129 3145 3303 3204 tuam,

2239 3209 2360 3278 quia
2385 3217 2441 3261 tu
2471 3207 2609 3263 Deus
2645 3225 2790 3262 meus
2823 3226 2842 3264 :

2087 3304 2138 3376 ϐ
2240 3279 2455 3350 spiritus
2481 3287 2600 3334 tuus
2629 3280 2792 3334 bonus
2811 3281 3024 3362 deducet
3045 3281 3209 3362 nte-"in
3229 3289 3418 3362 terram
3450 3286 3668 3334 rectam.

2171 3345 2397 3400 Pronter
2419 3367 2602 3400 nomen
2632 3361 2792 3400 tuum-
2825 3351 3064 3400 Domine-
3090 3352 3370 3400 vmﬁralns
3399 3368 3479 3400 me
3504 3367 3521 3400 :

2222 3345 2397 3422 raptor
2419 3345 2602 3406 nomen
2632 3361 2792 3415 tuum,
2823 3351 3064 3418 Domine,
3090 3352 3370 3422 viviﬁcabis
3399 3368 3479 3405 me
3504 3367 3521 3404 :

2241 3421 2515 3494 in‘justitia
2536 3432 2625 3476 tua
2643 3423 2826 3477 educes
2851 3424 2915 3477 de
2939 3424 3182 3494 angustia
3194 3421 3435 3476 animam
3463 3435 3650 3476 meam.

2170 3488 2238 3544 Et
2254 3488 2319 3545 iri
2333 3494 2684 3548 misericordia
2715 3502 2808 3548 tua
2835 3488 3110 3562 dissipatis
3130 3495 3366 3548 inimicos
3392 3509 3555 3559 meos,

2240 3571 2288 3617 et
2309 3564 2494 3632 perdes
2521 3582 2698 3620 omnes
2727 3567 2742 3616 i
2774 3566 3080 3620 tribulautes
3100 3567 3329 3619 animum
3351 3580 3520 3620 meam
3534 3579 3554 3618 :

2240 3650 2340 3706 ego
2366 3636 2506 3689 enim
2531 3651 2650 3690 sum
2668 3653 2844 3692 servus
2865 3647 3006 3691 tuus.
3375 3636 3378 3638 ⁷

2846 3707 2871 3746 κ
2894 3724 3074 3763 nun).

2170 3771 2288 3848 [CX
2291 3775 2370 3830 LI
2377 3777 2471 3850 γ.]
2496 3777 2804 3840 Benedictus
2833 3779 3085 3834 Dominus
3108 3780 3262 3850 fortis
3290 3793 3452 3842 meus,

2239 3849 2495 3924 qui‘docet
2518 3867 2700 3906 manus
2728 3867 2868 3924 meas
2889 3851 2959 3904 ad
2982 3853 3090 3924 [AL
3109 3849 3200 3924 in]
3224 3850 3470 3921 pristiam
3493 3864 3510 3901 :

2241 3920 2431 3990 digitos
2456 3937 2594 3976 meos
2624 3923 2692 3976 ad
2723 3922 2939 3978 bellum.

2169 3989 2538 4046 Misericordia
2567 4009 2704 4062 mea,
2736 4005 2783 4050 et
2805 3992 3057 4062 fortitudo
3073 4009 3206 4061 mea,

2239 4063 2522 4117 auxiliator
2545 4082 2706 4134 meus,
2738 4075 2787 4120 et
2813 4065 3040 4119 salvator
3059 4080 3204 4118 meus
3229 4079 3248 4117 :

2179 4131 2402 4208 Scutum
2430 4152 2617 4208 meum,
2648 4131 2698 4192 et
2723 4138 2778 4191 in
2802 4139 2915 4208 ipso
2942 4137 3146 4204 speravi
3171 4151 3190 4189 :

2241 4205 2333 4279 qui
2356 4207 2576 4277 subjecit
2595 4207 2614 4256 λ
2633 4205 2851 4279 populos
2875 4208 3023 4262 mihi.

2166 4272 2560 4349 Dotnine,quid
2581 4272 2651 4336 est
2680 4272 2853 4346 homo,
2887 4281 3010 4348 quia
3027 4277 3292 4349 cognoscis
3313 4292 3436 4331 eum
3463 4290 3484 4329 .'

2241 4345 2382 4414 ﬁlius
2411 4345 2653 4423 hominis.
2682 4353 2805 4423 quia
2828 4345 3263 4419 computas'eum.

2168 4415 2344 4472 Homo
2364 4421 2581 4476 vanitati
2607 4415 2922 4477 assimilatas
2941 4415 3016 4475 est
3045 4439 3062 4475 .-

2238 4489 2346 4564 dies
2366 4493 2478 4564 ejus
2497 4499 2646 4562 quasi
2668 4495 2848 4547 umbra
2870 4493 3240 4564 pertransiens.

2166 4557 2410 4627 Domine,
2440 4557 2637 4618 inclina
2666 4567 2817 4619 caelos
2847 4557 2982 4630 tuos,
3014 4575 3060 4617 ct
3086 4561 3336 4618 descende
3365 4577 3384 4615 :

2238 4640 2392 4708 tange
2406 4645 2636 4708 montes,
2670 4647 2719 4691 et
2742 4637 3088 4708 fumigabunt.

2085 4707 2138 4769 D
2164 4700 2306 4758 Mica
2326 4700 2366 4741 ίιι
2389 4700 2634 4775 fulmine,
2664 4719 2710 4762 et
2741 4700 2937 4778 dissipa
2966 4721 3071 4761 eos.

2234 4872 2258 4900 ο
2289 4863 2396 4920 Pro
2422 4865 2692 4932 Eruditio,
2721 4865 2942 4937 Reginae
2964 4878 3092 4932 ms.,
3128 4862 3338 4918 Ιίνιιάὶιὶ
3359 4875 3380 4917 :
3406 4859 3751 4918 Cisterciens.

2161 4933 2452 5007 intellectus
2472 4980 2485 5000 ,
2513 4938 2753 5007 prmfert.

2239 5004 2259 5044 ί
2291 5004 2610 5065 Ιιιεθτίὺῖιιιτ
2634 5010 2688 5065 ἰη
2719 5008 3073 5066 Cisterciens.
3109 5007 3294 5062 Oratio
3323 5005 3627 5060 dumtaxat.

2238 5085 2264 5159 ξ
2288 5069 2437 5159 [ἀρφ
2466 5096 2594 5148 ms.,
2623 5082 2884 5159 exaudisti
2911 5096 2990 5134 nte
3017 5081 3072 5134 in
3095 5091 3183 5159 tua
3201 5078 3433 5159 justitia.
3501 5147 3514 5159 .

2236 5147 2265 5185 ιι
2288 5152 2504 5224 Reginae
2524 5147 2627 5208 ms.
2642 5198 2656 5222 ,
2671 5153 2970 5223 artxius‘pro
2992 5147 3266 5223 anxiatusj:
3285 5147 3663 5214 Cisterciens.,
3679 5153 3754 5202 est

2167 5235 2264 5292 pro
2286 5227 2404 5292 fuit.

2237 5236 2264 5274 ο
2353 5227 2362 5236 ’
2393 5268 2404 5279 .

2237 5290 2253 5372 ξ
2279 5225 2636 5372 Εέξερτείθηε.
2671 5311 2798 5366 ms.,
2831 5314 2861 5350 a
2890 5302 3253 5372 teprotectus,
3284 5302 3391 5372 etc;

2233 5362 2248 5414 ἱ
2279 5365 2356 5423 Ita
2373 5368 2726 5425 Carnutensis
2760 5361 3084 5425 emendatus
3130 5376 3185 5421 et
3219 5361 3319 5420 uis.
3356 5365 3415 5421 S.
3453 5361 3749 5420 Michaelis.

2155 5433 2262 5514 glii
2290 5441 2474 5510 legunt
2497 5441 2717 5514 ligantes
2739 5458 2755 5505 ;
2779 5440 2922 5514 quod
2947 5439 3195 5514 secunda_
3215 5437 3404 5514 uiantis
3433 5435 3661 5514 mutajit
3695 5431 3750 5514 in

2155 5505 2414 5585 litigantes
2444 5514 2494 5568 in
2538 5505 2748 5569 canone
2773 5505 3220 5585 Carcassonensl.
3262 5509 3444 5585 Mser.
3469 5537 3548 5585 _——
3569 5505 3749 5563 Nostri

2155 5581 2348 5654 om'nes
2398 5599 2556 5653 mss.,
2581 5586 2797 5654 ligantes
2817 5626 2830 5648 ,
2857 5584 3155 5653 praeferunt
3180 5581 3641 5654 pro_tribulaates.

2230 5653 2256 5694 ¹ί
2285 5649 2640 5711 Cisterciens:
2670 5649 2935 5712 inscribit.
2968 5649 3239 5709 Canticum
3265 5649 3461 5706 David.

2232 5723 2251 5764 ι
2285 5726 2387 5792 Qui
2407 5729 2620 5801 subjecit
2651 5728 2902 5801 populum
2930 5728 3026 5801 sub
3057 5739 3155 5779 me.
3178 5724 3266 5781 Sic
3287 5724 3516 5801 legimus
3542 5722 3592 5801 in
3614 5719 3750 5776 Car—

2153 5791 2462 5855 cassonensi
2486 5791 2542 5855 et
2561 5801 2614 5855 in
2647 5791 2749 5855 ins'.
2779 5798 3055 5854 Michaelis
3081 5841 3096 5863 ,
3132 5810 3229 5851 nec
3251 5791 3365 5850 non
3385 5796 3436 5850 in
3462 5791 3746 5850 Vaticano.

2154 5865 2332 5926 MART.
2365 5899 2433 5910 —-
2455 5869 2550 5926 Ms.
2582 5872 2822 5942 Reginae,
2843 5870 3084 5942 'subjicict
3120 5867 3356 5942 populos,
3381 5875 3487 5923 etc.

2226 5892 2332 5926 lllT.
2365 5899 2433 5910 —-
2455 5892 2550 5926 ms.
2582 5892 2822 5942 ncgtttw,
2848 5892 2940 5925 suo
2972 5892 3084 5923 lCtCt
3120 5892 3356 5938 populus,

2226 5951 2264 5980 ω
2292 5942 2512 6014 Aliquot
2537 5957 2694 6010 mss,
2726 5942 2894 5999 Misca
2921 5892 3160 6012 fblmina.
3197 5937 3374 5993 MART.
