4124 6360
285 410 425 470 1245
1525 408 1728 465 LIBER
1768 408 1913 468 PliO‘

1955 407 2332 466 ERBIORUM.
3441 407 3577 485 £246

281 527 391 583 Nec
419 523 675 595 acquieve
691 522 800 580 rint
830 523 1060 580 consilio
1091 537 1236 590 meo,
1332 593 1341 595 7
1775 520 1777 522 ’
1904 523 1956 585 Λ
2055 527 2184 581 time
2212 525 2522 589 Dominum,
2549 532 2602 581 et
2631 523 2826 580 recede
2856 537 2884 578 a
2915 524 3059 580 malo
3094 543 3105 578 :

356 605 412 653 et
439 593 772 667 detraxerint
810 599 1077 652 universae
1107 593 1440 666 correptioni
1472 607 1626 650 metu.
1986 595 2201 653 Sanitas
2228 600 2428 667 quippe
2454 597 2558 652 erit
2587 596 2844 652 umbilico
2869 605 2988 664 tuo,

284 669 589 726 Comedent
615 665 777 738 igitur
806 667 1012 724 fructus
1042 668 1143 722 viae
1173 665 1308 733 suae,
2056 679 2111 724 et
2134 665 2376 737 irrigatio
2403 670 2608 723 ossium
2638 678 2874 723 tuorum.
3000 728 3006 732 τ

360 741 584 810 suisque
615 739 858 795 consiliis
899 740 1306 795 saturabuutur.
1986 738 2204 796 Honora
2239 742 2523 795 Domimtm
2552 740 2620 796 de
2645 749 2735 794 tua
2767 739 3070 796 substantia
3090 781 3105 807 ,

288 822 314 850 ιι
343 809 576 868 Aversio
606 811 952 882 parvulorum
984 809 1268 882 interficiet
1297 825 1421 877 eos,
1990 881 1995 882 7
2055 823 2110 866 et
2138 812 2204 865 de
2235 812 2490 882 primitiis
2531 811 2770 866 omnium
2804 811 3012 882 frugum
3041 819 3255 868 tuarum
3288 827 3302 866 :

358 891 414 937 et
447 884 780 953 prosperitas
811 883 1098 937 stultorum
1131 881 1324 952 perdet
1359 883 1502 936 illos.
1657 952 1662 953 7
1985 881 2050 938 Et
2080 883 2446 952 implebuntur
2471 885 2670 937 horrea
2695 890 2782 937 tua
2812 881 3099 938 saturitate
3122 925 3140 950 ,

285 953 387 1023 Qui
415 952 596 1009 autem
625 969 711 1009 me
749 953 1003 1020 audierit,
1038 955 1243 1023 absque
1276 961 1486 1010 terrore
1516 952 1844 1025 requiescet,
2056 965 2111 1008 et
2139 956 2267 1011 vino
2299 956 2588 1010 toreularia
2620 965 2709 1007 tua
2741 954 3145 1009 redundabant.

355 1034 412 1080 et
439 1025 769 1080 abundantia
794 1026 1121 1094 perfruetur,
1986 1025 2333 1095 Disciplinam
2366 1026 2602 1092 Domini,
2633 1025 2708 1080 fili
2738 1027 2832 1089 mi,
2867 1040 2934 1081 ne
2962 1025 3186 1095 abjicias
3219 1033 3238 1081 ε

360 1097 626 1151 malorum
669 1099 862 1151 timore
893 1097 1126 1152 sublato.
2058 1113 2157 1151 nec
2189 1097 2405 1152 deficias
2425 1113 2544 1152 cum
2571 1097 2640 1150 ab
2666 1111 2731 1151 eo
2759 1098 3053 1166 eorriperis
3088 1113 3105 1156 :

287 1167 439 1240 [Cap.
470 1167 562 1239 ιιι
590 1167 694 1240 Fili
725 1168 819 1238 mi,
853 1169 898 1224 si
924 1168 1236 1240 susceperis
1266 1182 1549 1224 sermones
1576 1182 1748 1236 meos,
1985 1167 2154 1237 Quem
2177 1171 2321 1224 enim
2353 1169 2528 1238 diligit
2553 1169 2834 1240 Dominus,
2869 1169 3090 1237 corripit
3130 1186 3143 1223 :

358 1248 416 1296 et
443 1239 694 1294 mandata
729 1256 846 1295 mea
879 1239 1228 1295 absconderis
1261 1257 1426 1310 penes
1459 1249 1513 1297 te
1543 1256 1558 1296 :
2057 1248 2114 1295 et
2138 1243 2288 1308 qttasi
2323 1252 2474 1308 pater
2519 1243 2569 1293 in
2602 1239 2714 1293 filio
2744 1240 3042 1307 complacet
3069 1239 3196 1295 sibi.

287 1311 359 1368 Ut
405 1309 590 1365 audiat
611 1312 931 1380 sapientiam
961 1312 1108 1364 auris
1133 1321 1220 1366 tua
1253 1309 1270 1364 :7
1989 1311 2187 1367 Beatus
2220 1314 2403 1376 homo,
2434 1313 2522 1381 qui
2551 1312 2753 1366 invenit
2780 1312 3138 1380 sapientiam,

360 1382 560 1455 inclina
594 1397 687 1436 cor
714 1393 861 1437 tuum
886 1383 948 1435 ad
979 1382 1412 1451 cognoscendam
1443 1382 1812 1455 prudentiam.
2023 1395 2112 1455 7et.
2139 1384 2230 1453 qui
2261 1382 2432 1437 affluit
2455 1383 2736 1455 prudentia
2771 1401 2785 1442 :

289 1453 345 1510 Si
373 1454 518 1508 enim
547 1455 864 1523 sapientiam
899 1455 1254 1520 invocaveris,
1445 1452 1461 1455 ⁷
1797 1506 1800 1508 .
1987 1452 2176 1510 Melior
2201 1465 2282 1509 est
2311 1455 2596 1524 acquisitio
2628 1454 2747 1524 ejus
2785 1453 3153 1523 negotiatione
3174 1452 3382 1523 argenti
3410 1497 3425 1521 ,

359 1533 416 1580 et
446 1525 792 1580 inclinaveris
814 1541 906 1581 cor
939 1536 1084 1579 tuum
1117 1526 1452 1594 prudentia:
2058 1537 2112 1581 et
2142 1525 2170 1564 ι)
2197 1541 2328 1581 auro
2359 1530 2531 1596 primo
2555 1538 2611 1580 et
2656 1527 2948 1596 purissimo
2998 1526 3203 1580 fructus
3235 1526 3352 1594 ejus
3383 1541 3397 1578 :
3462 1537 3464 1539 ‘

291 1596 347 1653 Si
377 1597 659 1667 qucesieris
686 1612 804 1652 eam
833 1599 984 1667 quasi
1029 1598 1336 1667 pecuniam,
1991 1597 2286 1653 Pretiosior
2313 1609 2395 1653 est
2419 1599 2632 1652 cunctis
2663 1597 2860 1664 opibus
2897 1615 2911 1651 :

294 1675 351 1740 c_t
377 1666 516 1740 sicut
549 1669 833 1740 theswros
861 1666 1115 1722 effoderis
1145 1668 1289 1722 illam
1319 1666 1332 1723 ἐ
2059 1679 2115 1724 et
2137 1670 2340 1736 omnia,
2365 1685 2485 1740 qure
2506 1669 2906 1735 desiderantur,
2937 1668 3065 1725 huic
3090 1682 3198 1725 non
3219 1667 3402 1726 valent
3427 1681 3576 1724 com-

296 1738 451 1794 Tuuc
488 1735 759 1809 intelliges
795 1740 1043 1794 timorem
1071 1740 1309 1808 Domini,
2132 1743 2328 1807 parari.

364 1819 420 1882 et
443 1809 724 1882 scientiam
755 1811 849 1865 Dei
896 1811 1138 1865 invenies
1165 1827 1180 1867 :
1987 1811 2292 1882 Longitudo
2323 1812 2530 1866 dierum
2566 1812 2618 1864 iu
2657 1810 2880 1868 dextera
2910 1811 3029 1878 ejus
3053 1853 3068 1878 ,

291 1880 716 1983 QujaPoulinus
745 1882 838 1938 dat
864 1883 1184 1983 sapientiam
1219 1901 1233 1938 :
1282 1952 1345 1983 ΑΔ
1390 1953 1458 1983 7777
1909 1922 1958 1983 Β
1990 1880 2784 1983 “Erginum:illiqs|d2itim,
2817 1891 2873 1938 et
2895 1884 3085 1953 gloria.

363 1960 420 2006 et
439 1967 503 2006 ex
534 1966 626 2009 ore
656 1953 774 2022 ejus
801 1953 1049 2014 scientia,
1081 1965 1136 2007 et
1178 1952 1485 2023 prudentia.
1909 1951 1958 1983 ”
1990 1951 2101 2008 Vite
2128 1953 2244 2022 ejus
2269 1955 2369 2007 vim
2411 1953 2680 2021 pulchrm,

292 2024 574 2079 Custodiet
601 2034 870 2079 rectorum
904 2025 1156 2095 salutem,
1986 2093 2004 2095 _
2054 2031 2110 2078 et
2139 2038 2328 2078 omnes
2357 2023 2570 2077 semitae
2599 2023 2743 2078 illius
2771 2023 3032 2095 pacifica.
3146 2093 3155 2095 7
3258 2076 3260 2078 ,

366 2099 421 2150 et
445 2105 691 2166 proteget
716 2095 1026 2166 gradientes
1055 2094 1397 2165 simpliciter.
1983 2093 2211 2166 Lignum
2240 2095 2364 2150 vita:
2392 2104 2475 2149 est
2507 2095 2610 2159 his,
2638 2095 2730 2163 qui
2765 2093 3224 2162 apprehenderint
3245 2105 3371 2153 eam
3404 2112 3416 2149 :

295 2165 528 2222 Servans
553 2165 776 2222 semitas
809 2168 1055 2236 justitiae,
2055 2175 2111 2220 et
2133 2167 2222 2236 qui
2252 2167 2489 2222 tenuerit
2514 2182 2657 2233 eam,
2687 2167 2898 2221 beatus.

367 2247 421 2292 et
450 2238 560 2291 vias
583 2248 890 2293 sanctorum
920 2238 1251 2293 custodiens.
1986 2237 2246 2294 Dominus
2276 2239 2538 2308 sapientia
2569 2237 2820 2292 fundavit
2841 2246 3042 2294 terram
3063 2279 3078 2308 ,

296 2307 448 2363 Tune
475 2309 739 2378 intelliges
761 2310 1052 2378 justitiam,
1084 2321 1139 2365 et
1158 2309 1446 2380 judicium,
2055 2308 2320 2380 stabilivit
2346 2307 2520 2365 emlos
2549 2309 2857 2378 prudentia.

369 2389 423 2434 et
451 2387 781 2448 aequitatem,
815 2391 869 2435 et
898 2397 1113 2435 omnem
1146 2379 1392 2436 semitam
1421 2381 1638 2439 bonam.
1984 2380 2258 2449 Sapientia
2279 2379 2424 2436 illius
2453 2392 2748 2449 eruperunt
2777 2381 2991 2452 abyssi,

295 2449 357 2504 Si
389 2452 672 2506 intraverit
699 2453 962 2521 sapientia
985 2467 1078 2506 cor
1103 2463 1274 2518 tuum,
2056 2459 2110 2505 et
2148 2452 2316 2505 nubes
2344 2467 2470 2505 rore
2496 2449 2872 2506 concrescunt.

370 2529 426 2575 et
450 2523 673 2594 scientia
707 2525 902 2578 animm
937 2535 1039 2578 tute
1069 2524 1339 2594 placuerit
1367 2542 1381 2581 :
1986 2522 2093 2594 Fili
2113 2522 2208 2588 mi,
2238 2537 2305 2594 ne
2334 2522 2556 2577 effluant
2589 2527 2703 2577 haec
2743 2521 2812 2576 ab
2832 2523 3010 2594 oculis
3052 2522 3159 2578 tuis
3195 2538 3210 2580 :

297 2591 595 2649 Consilium
628 2594 896 2649 custodiet
919 2604 990 2660 te,
1071 2591 1088 2594 ⁷
2011 2664 2024 2665 7
2055 2592 2276 2665 Custodi
2295 2595 2470 2665 legem
2502 2605 2662 2664 atque
2691 2593 2976 2648 consilium
3005 2611 3018 2647 :

371 2673 428 2718 et
451 2665 736 2735 prudentia
764 2666 1002 2720 servabit
1028 2675 1102 2734 te,
1986 2664 2054 2722 Et
2081 2666 2186 2719 erit
2213 2663 2320 2720 vita
2349 2663 2548 2720 anima
2577 2663 2684 2719 tute
2704 2704 2720 2728 ,

369 2747 428 2791 ut
455 2738 665 2791 eruat-is
697 2750 729 2791 a
755 2737 837 2791 via
861 2738 1024 2803 mala,
2057 2745 2113 2790 et
2132 2736 2302 2805 gratia
2325 2735 2567 2791 faucibus
2593 2737 2719 2791 tuis.

370 2805 440 2860 ab
470 2807 708 2871 homine,
740 2809 834 2878 qui
867 2821 1118 2877 perversa
1151 2806 1412 2878 loquitur.
1986 2808 2140 2865 Tunc
2165 2808 2472 2863 ambulabis
2505 2808 2825 2864 fiducialiter
2849 2806 2904 2863 in
2935 2807 3021 2863 via
3052 2813 3174 2874 tua,

299 2877 402 2946 Qui
439 2881 752 2949 relinquunt
773 2881 876 2936 iter
903 2887 1134 2944 rectum,
1226 2877 1239 2878 ί
2060 2889 2117 2934 et.
2145 2893 2246 2950 pes
2263 2887 2390 2933 tuus
2414 2893 2522 2934 non
2553 2881 2831 2950 impinget.

369 2955 425 3004 et
452 2951 736 3006 ambulant
766 2965 860 3020 per
886 2952 1000 3005 vias
1031 2949 1348 3008 tenebrosas
1379 2967 1394 3006 :
1991 2950 2046 3007 Si
2078 2949 2387 3018 dormieris,
2422 2965 2531 3005 non
2563 2949 2781 3006 timebis
2812 2965 2829 3006 :

305 3021 410 3088 Qui
439 3022 688 3077 laatanlur
710 3037 830 3076 cum
863 3022 1264 3086 malefeeerint,
1867 3037 1870 3043 λ
2061 3023 2327 3091 quiesces,
2360 3030 2416 3077 et
2438 3023 2624 3078 suavis
2647 3027 2750 3077 erit
2790 3032 3012 3077 somnus
3037 3029 3182 3077 tuus.

372 3100 428 3148 et
454 3096 726 3147 exsultant
754 3093 806 3148 in
838 3094 1000 3149 rebus
1020 3093 1272 3164 pessimis
1299 3112 1314 3149 :
1990 3093 2068 3148 Ne
2095 3107 2293 3162 paveas
2331 3097 2616 3161 repentino
2647 3099 2862 3148 terrore
2887 3137 2901 3162 ,

304 3163 540 3232 Quorum
565 3166 664 3218 viae
687 3179 981 3235 perversze,
1026 3163 1034 3164 “
2061 3173 2116 3219 et
2134 3164 2413 3236 irruentes
2440 3165 2533 3219 tibi
2563 3166 2834 3236 potentias
2866 3163 3179 3233 impiorum.

376 3244 432 3289 et
454 3235 680 3291 infames
715 3251 933 3306 gressus
960 3249 1166 3290 eorum.
1994 3235 2254 3290 Dominus
2280 3238 2425 3291 enim
2457 3235 2579 3291 erit
2601 3237 2655 3291 in
2685 3238 2854 3292 latere
2879 3246 2970 3290 tuo
2997 3277 3010 3300 ,

301 3303 372 3360 Ut
398 3309 606 3361 eruaris
632 3324 661 3360 a
694 3303 920 3362 muliere
949 3309 1146 3372 aliena,
1913 3312 1959 3376 ρ
2062 3318 2116 3362 et
2143 3307 2416 3362 custodiet
2448 3309 2635 3374 pedem
2669 3316 2841 3372 tuum,
2873 3321 2938 3362 ne
2961 3306 3212 3375 capiaris.

301 3383 356 3430 ct
382 3377 450 3432 ab
472 3387 752 3441 extranea,
783 3395 902 3447 quae
931 3378 1108 3431 tnollit
1133 3392 1420 3436 sermones
1443 3393 1574 3437 suos
1603 3396 1618 3433 :
1989 3377 2108 3434 Noli
2141 3379 2428 3448 prohibere
2456 3379 2777 3435 benefacere
2801 3392 2949 3446 eum,
2980 3380 3070 3448 qui
3101 3381 3282 3448 potest
3314 3391 3328 3429 :

302 3449 368 3502 Et
395 3450 651 3519 relinquit
672 3450 861 3505 ducem
888 3450 1183 3518 pubertatis
1211 3465 1345 3518 suae,
2059 3451 2103 3504 si
2137 3451 2304 3515 vales,
2328 3461 2381 3504 et
2401 3451 2516 3520 ipse
2544 3450 2788 3506 benefac.

371 3529 426 3574 et
453 3521 597 3589 pacti
627 3521 722 3576 Dei
754 3521 836 3575 sui
866 3520 1037 3574 oblita
1061 3528 1164 3574 est.
1988 3521 2065 3576 Ne
2086 3520 2238 3576 dicas
2263 3523 2438 3576 amico
2467 3530 2559 3576 tuo
2591 3539 2606 3576 ς
2637 3522 2806 3587 Vade,
2844 3527 2899 3575 et
2927 3528 3206 3574 revertere
3239 3535 3251 3571 :

299 3589 559 3646 inclinata
589 3603 664 3646 est
696 3595 840 3647 enim
880 3592 944 3645 ad
968 3603 1197 3647 mortem
1223 3592 1420 3648 domus
1450 3592 1597 3661 ejus,
2058 3607 2178 3647 cras
2200 3594 2342 3646 dabo
2365 3593 2483 3655 tibi,
2515 3608 2636 3647 cum
2670 3595 2850 3648 statim
2879 3591 3053 3660 possis
3083 3590 3241 3646 dare.

372 3664 510 3717 etad
545 3663 743 3719 inferos
771 3666 975 3718 semitae
1004 3663 1194 3731 ipsius.
1987 3663 2063 3718 Ne
2093 3663 2336 3718 moliaris
2367 3664 2540 3719 amico
2567 3675 2660 3719 tuo
2694 3664 2893 3718 malum
2914 3708 2927 3729 ,

300 3731 521 3800 Omnes,
554 3738 643 3804 qui
677 3734 1051 3803 ingrediuntur
1076 3736 1142 3789 ad
1171 3750 1314 3798 eam,
1340 3749 1448 3791 non
1480 3742 1845 3802 revertentur,
2057 3735 2194 3789 Cum
2219 3735 2309 3789 ille
2341 3736 2394 3788 in
2423 3745 2473 3790 te
2508 3737 2702 3791 habeat
2728 3732 3000 3788 fiduciam.

373 3820 474 3860 nec
508 3803 916 3876 apprehendent
946 3807 1171 3861 semitas
1197 3810 1341 3862 vitaz.
1986 3805 2064 3860 Ne
2092 3805 2390 3861 contendas
2421 3807 2681 3861 adversus
2710 3805 2982 3860 hominem
3011 3803 3211 3859 frustra
3236 3847 3251 3872 ,

302 3875 376 3932 Ut
404 3875 651 3931 ambules
682 3878 734 3931 in
759 3880 842 3940 via
868 3876 1007 3930 bona
1043 3894 1055 3928 :
2059 3876 2192 3932 Cum
2223 3881 2336 3946 ipse
2359 3879 2456 3932 tibi
2485 3879 2618 3933 nihil
2652 3878 2776 3932 mali
2809 3876 3022 3931 fecerit.

372 3955 428 4002 et
457 3949 622 4003 calles
645 3949 912 4017 justorum
939 3947 1231 4002 custodias.
1997 3947 2075 4003 Ne
2100 3950 2371 4004 aemuleris
2404 3950 2678 4004 hominem
2710 3949 2991 4018 injustam,

298 4018 399 4088 Qui
427 4021 572 4074 enim
613 4020 747 4074 recti
773 4025 920 4085 sunt,
957 4018 1276 4073 habitabuut
1304 4017 1361 4074 in
1390 4027 1559 4086 terra,
2008 4089 2014 4090 7
2061 4035 2163 4076 nec
2193 4020 2425 4075 imiteris
2443 4023 2558 4075 vias
2585 4022 2703 4090 ejus
2736 4017 2775 4074 :7
2918 4053 2922 4058 -

367 4099 422 4146 et
443 4090 713 4161 simplices
744 4091 1139 4161 permanebunt
1177 4091 1230 4144 in
1260 4105 1344 4146 ea.
1987 4089 2120 4157 Quia
2144 4093 2473 4146 abominatio
2504 4089 2718 4146 Domini
2746 4100 2831 4146 est
2855 4089 3036 4144 omnis
3064 4089 3287 4152 illusor,

296 4161 451 4232 lmpii
482 4160 612 4217 vero
641 4164 707 4216 de
739 4175 881 4217 terra
911 4160 1206 4230 perdentur
1234 4177 1249 4215 :
2060 4173 2114 4216 et
2143 4178 2268 4218 cum
2289 4164 2628 4232 simplicibus
2661 4161 3046 4218 sermocinatio
3077 4161 3218 4227 ejus.

368 4243 424 4289 et
452 4234 546 4305 qui
579 4234 761 4305 inique
780 4243 968 4305 agunt,
999 4232 1315 4305 auferentur
1335 4247 1402 4288 ex
1431 4246 1537 4305 ea.7
1986 4233 2212 4304 Egestas
2233 4248 2263 4288 a
2294 4235 2522 4290 Domino
2549 4237 2601 4289 in
2628 4235 2790 4288 domo
2814 4233 3000 4304 impii};

295 4306 449 4378 [ϐαρ.
475 4302 609 4376 HL]
651 4302 750 4360 Fili
804 4302 899 4375 mi,
955 4320 1024 4358 ne
1061 4304 1407 4378 7obliviscaris
1437 4303 1574 4374 legis
1619 4319 1776 4376 metu,
1828 4313 1884 4361 et
1990 4302 2405 4378 “itabernacula
2429 4317 2610 4362 autem
2645 4302 2916 4374 justorum
2947 4302 3367 4359 benedicentur.

441 4375 712 4446 prtecepta
739 4391 856 4432 mea
883 4377 1156 4432 custodiat
1175 4392 1270 4432 cor
1298 4385 1472 4431 tuum.
1989 4375 2248 4432 “lusores
2291 4380 2406 4446 ipse
2433 4379 2691 4444 deludet,

295 4446 710 4517 Longitudinem
737 4448 881 4502 enim
912 4447 1146 4512 dierum,
1169 4457 1224 4504 et
1249 4462 1423 4503 annos
1452 4449 1601 4517 vitze,
2058 4459 2114 4502 et
2143 4450 2442 4503 mansuetis
2469 4449 2623 4504 dabit
2649 4447 2900 4518 gratiam.

368 4529 424 4572 et
455 4529 638 4589 pacem
669 4530 943 4589 apponeut
971 4519 1086 4572 tibi.
1987 4518 2230 4574 Gloriam
2264 4521 2540 4588 sapientes
2571 4519 2930 4589 possidebunt
2961 4533 2974 4568 :

297 4587 668 4644 Misericordia
689 4595 744 4642 et
769 4588 971 4641 veritas
1001 4602 1105 4641 non
1138 4599 1189 4645 te
1209 4591 1485 4656 deserant,
2060 4587 2348 4644 stultorum
2383 4601 2404 4628 ε
2435 4587 2718 4656 exaltatio,
2748 4587 3086 4658 iiguominia.

369 4659 648 4732 circumda
676 4674 766 4713 eas
794 4659 994 4732 gutturi
1019 4667 1169 4732 tuo,__
1295 4727 1307 4732 _
1912 4709 1964 4732 ἢ
1989 4659 2141 4731 [ϐαρ.
2172 4660 2289 4732 ιν.]
2323 4662 2542 4732 Audite,
2577 4661 2698 4728 filii,
2729 4656 3067 4732 disciplinam
3098 4656 3270 4729 patris
3291 4698 3309 4728 ,

369 4709 704 4787 ὲῖᾱέεόὶίῖκέ
718 4709 770 4784 tu
796 4709 997 4784 armis
1019 4709 1213 4802 aqua
1225 4727 1310 4802 tui
1334 4746 1346 4781 :
1399 4799 1411 4802 _
1910 4709 1965 4770 Ι)
1990 4709 3157 4802 f"&'.‘.té:..iie‘,'a1'gustatiaaiiaai

297 4803 368 4859 Ει
396 4803 640 4858 invenies
665 4803 917 4872 gratiam,
941 4809 1001 4872 et
1020 4799 1367 4872 disciplinam
1397 4799 1597 4856 bonam
1618 4840 1634 4868 ,
1992 4801 2206 4857 Donum
2238 4806 2436 4857 bonum
2471 4803 2702 4859 tribuam
2735 4799 2888 4859 vobis
2914 4848 2929 4870 ,

368 4889 553 4945 coram
585 4870 695 4930 Deo
722 4885 776 4929 et
808 4870 1140 4945 hominibus.
1434 4941 1450 4945 _
1994 4943 2035 4945 __
2064 4874 2239 4944 legem
2268 4889 2445 4930 meam
2475 4891 2540 4930 ne
2563 4875 2975 4945 derelinquatis.

296 4945 446 5002 Habe
470 4942 722 5018 fiduciam
753 4946 807 4999 in
833 4943 1064 5018 Domino
1083 4957 1150 4997 ex
1183 4950 1296 4997 toto
1322 4941 1486 5002 corde
1519 4951 1636 5014 tuo,
1991 4941 2141 4999 Nam‘
2159 4954 2223 5018 et
2242 4959 2341 5018 ego
2369 4946 2517 5002 filius
2547 4947 2624 5002 fui
2656 4941 2828 5017 patris
2852 4943 2960 5001 mei
2989 4987 3005 5014 ,

367 5026 424 5074 et
447 5017 790 5090 neinuitaris
817 5015 1119 5090 prudentiae
1140 5022 1280 5090 tuae.
1995 5087 2034 5090 _
2067 5015 2320 5090 tenellus.
2350 5027 2407 5073 et
2437 5015 2749 5090 unigenitus
2780 5033 2966 5090 coram
3001 5025 3178 5074 matre
3208 5030 3326 5072 mea
3361 5033 3375 5070 :

298 5089 357 5145 lu
386 5089 646 5161 omnibus
669 5089 764 5144 viis
801 5085 906 5142 tuis
927 5086 1105 5155 cogita
1137 5085 1312 5155 illum,
1993 5087 2062 5143 Et
2084 5088 2322 5161 docebat
2359 5105 2468 5156 me,
2510 5085 2674 5161 alque
2717 5089 2935 5145 dicebat
2966 5105 2983 5142 :

367 5169 425 5216 et
452 5162 567 5231 ipse
596 5160 796 5230 diriget
821 5171 1045 5231 gressus
1077 5167 1222 5231 tuos.
1619 5185 1626 5188 —
2076 5159 2349 5230 Suscipiat
2374 5163 2537 5216 verba
2567 5159 2688 5217 mea
2715 5175 2812 5216 cor
2835 5171 2986 5216 tuum
3011 5203 3025 5228 ,

294 5231 376 5290 Ne
407 5229 485 5288 sis
509 5229 728 5302 sapiens
756 5229 899 5301 apud
931 5229 1320 5299 temetipsum:
2073 5232 2286 5288 custodi
2323 5242 2593 5307 praecepta
2623 5250 2768 5302 mea,
2807 5243 2862 5290 et
2885 5232 3057 5288 vives.

367 5440 392 5470 ι
433 5430 489 5486 in
521 5445 628 5487 uno
653 5430 796 5502 apud
825 5445 926 5485 nos
945 5445 1049 5485 ms.
1079 5427 1293 5483 Eversio
1323 5427 1546 5497 legitur,
1572 5425 1626 5502 in
1656 5423 1886 5502 llcbrreo
2000 5423 2197 5502 legunt
2215 5462 2232 5488 ,
2275 5432 2324 5502 et
2353 5422 2656 5502 auri_p_t:t°n_ti
2701 5428 2753 5502 et
2779 5417 3064 5502 purissimi,
3101 5423 3207 5474 etc.
3239 5413 3430 5502 ᾕρητ’..

296 5515 380 5562 est
419 5507 645 5571 nmium,
679 5488 822 5573 quod
876 5503 1208 5564 eversionem,
1267 5488 1408 5556 sive"
1433 5488 1788 5562 recessionem,
1829 5496 1880 5549 in
2056 5488 2389 5573 1-7Propius
2426 5488 2811 5573 aqulgatam
2854 5489 3162 5573 lectionem,
3193 5488 3316 5573 787th
3361 5488 3470 5573 alia
3500 5496 3584 5543 ta-

293 5559 497 5634 rpeiam
515 5559 792 5631 ἐᾶιίἰόυο
823 5582 1029 5644 partem
1062 5559 1239 5628 sonat.
1300 5643 1310 5644 7
1776 5559 1784 5562 ⁷
1990 5582 2116 5644 men
2152 5559 2586 5644 interpunctione
2625 5559 2828 5644 lectum
2859 5561 2988 5644 olim
3031 5577 3058 5613 a
3111 5559 3372 5644 Rabbano
3419 5569 3591 5644 atque

367 5645 690 5702 bCanonem
717 5645 803 5701 hic
819 5635 1882 5709 Memmianumllebraeoconsentaneum
1987 5639 2138 5706 aliis,
2182 5637 2375 5693 Melior
2431 5647 2506 5692 est
2547 5635 2822 5709 acquisitio
2859 5635 2971 5709 ejus
3001 5635 3348 5709 negotiatione
3383 5635 3589 5702 argenti

297 5719 467 5774 secuti
491 5734 696 5773 sumus.
723 5718 908 5773 Canon
936 5706 1384 5772 Carcassoncnsis
1421 5723 1477 5770 et
1523 5727 1623 5767 ms.
1680 5710 1884 5766 Corbe-
1986 5719 2037 5766 et
2065 5710 2229 5764 auri:
2265 5709 2418 5779 primi
2454 5718 2501 5762 et
2539 5706 2805 5779 purissimi
2848 5707 3046 5777 fructus
3075 5708 3212 5779 ejus.

291 5771 462 5846 iensis
483 5771 1031 5845 numIVla—habebant
1063 5788 1230 5856 prima
1255 5803 1414 5842 manu
1434 5827 1449 5853 ,
1485 5794 1535 5839 et
1557 5800 1685 5836 auro
1714 5784 1882 5856 primo
2013 5853 2023 5856 _
2076 5793 2098 5822 ε
2135 5781 2241 5838 Pro
2265 5771 2604 5856 excitatione,
2635 5780 2690 5834 in
2710 5771 2857 5856 7mssﬁ
2875 5771 3133 5847 corrupte
3164 5776 3357 5847 legitur
3375 5771 3596 5856 exania-

298 5843 495 5931 iiut-ms
521 5843 651 5928 eius,
676 5843 810 5915 sine
842 5843 1116 5931 purissin'zo
1145 5900 1156 5923 ,
1199 5874 1358 5928 quam
1377 5843 1677 5931 lectionem
1705 5843 1882 5931 adhuc
1985 5853 2105 5931 tio7:
2129 5867 2251 5907 nam
2286 5853 2337 5931 i_u
2365 5843 2881 5931 lic7brago7scriptum
2911 5859 2996 5906 est
3017 5843 3392 5918 meum,'quod
3417 5843 3577 5901 exal-

302 5923 697 5990 rctineut‘mss.
730 5923 1049 5990 San'chrm.
1076 5923 1228 5986 num:
1254 5931 1340 5985 15.
1360 5929 1555 5986 Cacteri
1577 5943 1699 5985 cum
1719 5925 1878 5983 editis
1985 5927 2243 5984 tationem
2274 5924 2558 5996 significat.
2594 5923 2775 5978 MART.
