4124 6360
246 288 389 352 1249
1485 285 1689 345 LIBER
1729 283 2288 345 Pnovaumonmt.
3401 292 3545 353 1250

250 417 357 473 Fac
382 428 512 481 ergo
540 412 685 484 quod
713 412 858 479 dico,
886 411 958 467 fili
987 410 1097 477 Tmi,
1137 417 1193 467 et
1229 409 1577 484 temetipsum
1626 412 1837 469 libera:
1867 412 1923 475 Α
2019 427 2119 467 nec
2147 412 2454 482 acquiescet
2481 409 2794 484 cujusquam
2826 412 3101 484 precibus,

323 486 453 556 quia
482 483 713 557 incidisti
756 485 808 538 in
842 500 1058 539 manum
1088 484 1317 557 proximi
1348 483 1446 537 tui.
1948 484 2405 557 __nec_su_scipiet
2438 499 2533 557 pro
2561 483 2929 557 redemptione
2958 487 3100 542 dona
3133 487 3382 557 plurima.
3441 484 3446 489 ’

328 551 602 631 Discurre,
638 556 848 623 festina,
887 551 1102 631 suscita
1126 556 1359 631 amicum
1391 566 1540 610 tuum
1572 573 1583 609 :
1948 551 2100 626 [Cap.
2131 553 2265 626 Ἧι]
2300 555 2397 609 Fili
2432 555 2525 621 mi,
2556 551 2765 631 custodi
2788 572 3071 631 sermones
3097 551 3273 631 meos,

257 628 336 687 Ne
365 627 583 683 dederis
608 643 857 683 somnum
895 626 1066 681 oculis
1097 628 1199 682 tuis
1226 667 1241 692 ,
1951 694 1987 696 _
2020 636 2074 679 et
2100 636 2368 696 praecepta
2400 642 2515 681 mea
2543 629 2777 683 reconde
2801 629 2917 682 tibi.

332 714 434 755 nec
461 698 761 753 dormitent
791 699 1066 769 palpebrae
1106 706 1235 753 tuas.
1947 694 2075 761 Fili,
2104 694 2261 751 Serva
2283 694 2543 752 'mandata
2576 714 2720 763 mea,
2749 709 2802 754 et
2831 700 3015 757 vives:

262 771 471 829 Emere
500 771 653 840 quasi
679 768 893 825 damula
918 770 984 825 de
1016 784 1211 837 manu,
1254 838 1263 840 μ
1951 837 1970 840 _
1999 780 2074 840 _et
2096 768 2271 839 legem
2304 784 2478 823 meam
2510 769 2662 840 quasi
2695 770 2948 840 pupillam
2981 770 3124 830 oculi
3152 773 3252 830 tui.

330 851 388 924 e_t
412 837 565 924 quasi
593 842 708 924 avis
746 842 815 897 de
838 840 1047 924 insidiis
1074 838 1296 912 aucupis
1316 878 1330 893 .
1950 837 2082 908 Liga
2110 837 2309 924 eam.
2343 837 2676 924 digiti‘s'tui‘s,

260 914 413 971 Vade
431 909 510 968 'ad
536 912 838 977 formicam,
877 926 911 967 o
950 914 1122 982 piger,
1217 909 1230 912 ⁷
1953 909 2202 982 “scribe
2228 910 2378 965 illam
2405 909 2459 966 in
2488 912 2681 968 tabulis
2707 912 2888 968 cordis
2920 914 3017 970 tui.

333 992 390 1041 et
414 985 697 1040 considera
726 978 1087 1053 vias-eju'sfet
1108 978 1256 1040 disce
1284 982 1610 1055 sapientiam
1651 1001 1664 1037 :
1952 978 2051 1036 Dic
2069 982 2367 1055 sapientiae,
2397 997 2554 1038 soror
2575 998 2689 1040 mea
2719 999 2799 1050 es,

264 1056 396 1124 Quae
426 1071 547 1110 cum
574 1072 682 1110 non
712 1055 911 1111 habeat
940 1055 1169 1122 ducem,
1352 1053 1362 1055 ἡ
1956 1120 2001 1124 __
2027 1064 2081 1107 et
2109 1053 2445 1122 prudentiam
2474 1069 2603 1108 voca
2631 1056 2856 1110 amicam
2887 1066 3066 1112 tuam:

339 1140 438 1183 nec
466 1136 878 1198 praeceptorem,
915 1142 1014 1183 nec
1045 1120 1344 1197 principem
1367 1170 1383 1195 ,
1955 1120 2025 1177 Ut
2049 1120 2317 1198 custodiat
2338 1133 2392 1179 te
2418 1141 2445 1178 a
2478 1126 2705 1182 muliere
2732 1137 3008 1196 extranea,

267 1198 430 1256 Parat
457 1196 849 1254 aestatecibmn
886 1198 987 1253 sibi
1014 1196 1055 1267 ,7
2028 1206 2083 1253 et
2113 1196 2181 1252 ab
2204 1197 2399 1259 aliena.
2435 1212 2556 1266 quae
2584 1198 2747 1253 verba
2778 1213 2874 1254 sua
2904 1200 3081 1256 dulcia
3113 1198 3259 1257 facit.

338 1278 391 1326 et
414 1277 707 1340 congregat
735 1270 788 1324 in
817 1284 993 1340 messe
1023 1267 1167 1337 quod
1193 1267 1443 1325 comedat
1470 1310 1485 1336 ,
1961 1270 2043 1327 De
2067 1269 2300 1323 fenestra
2328 1269 2470 1322 enim
2503 1269 2695 1325 domus
2718 1286 2851 1327 mea:

276 1339 593 1412 Usquequ’o,
627 1343 796 1410 piger,
834 1339 1112 1396 dormies?
2036 1340 2424 1412 percaneellos
2458 1342 2751 1412 prospexi:

344 1411 561 1485 quando
582 1426 877 1485 consurges
903 1427 933 1466 e
962 1426 1152 1485 somno
1187 1421 1279 1485 tuo
1301 1412 1345 1485 ἲν
1415 1482 1425 1485 Α
1455 1482 1465 1485 Α
1818 1454 1840 1469 .
1908 1477 1918 1485 _
1963 1413 2033 1472 Et
2058 1411 2222 1485 video
2238 1412 2516 1480 parvulos,

272 1483 552 1540 Paululum
575 1482 836 1546 dormies.
870 1483 1143 1553 paululum
1173 1482 1529 1548 dormitabis,
1908 1481 1918 1485 ’
2038 1482 2328 1539 considero
2357 1481 2643 1553 vecordem
2665 1481 2949 1550 juvenem,

346 1555 619 1624 paululum
650 1552 906 1609 conseres
931 1570 1145 1620 manus,
1173 1564 1234 1608 ut
1260 1555 1497 1611 dormias
1529 1572 1542 1610 :
1965 1556 2067 1623 Qui
2098 1556 2289 1608 transit
2314 1554 2365 1607 in
2389 1555 2561 1621 platea
2591 1552 2748 1622 juxta
2783 1554 3060 1623 angulum,

274 1626 343 1684 Et
363 1627 543 1680 veniet
569 1625 663 1679 tibi
692 1626 847 1694 quasi
876 1626 1071 1691 viator,
1103 1637 1317 1695 egestas
1342 1668 1357 1694 ,
1434 1676 1437 1679 γ
2038 1634 2094 1681 et
2119 1640 2287 1695 prope
2317 1625 2456 1679 viam
2486 1625 2679 1679 domus
2706 1624 2852 1679 illius
2879 1626 3139 1693 graditur.

346 1704 399 1752 et
422 1700 670 1766 pauperis
694 1697 848 1767 quasi
873 1698 955 1752 vir
998 1709 1237 1751 armatus
1270 1706 1318 1752 α.
1970 1698 2027 1753 In
2058 1699 2314 1761 obscuro,
2350 1695 2833 1767 advesperascente
2857 1697 2966 1760 die,

280 1782 337 1823 -εκ
374 1767 549 1859 Homo
577 1766 854 1859 apostata,
902 1769 985 1823 vir
1018 1767 1223 1823 inutilis
1248 1808 1263 1831 ,
1899 1799 1948 1859 Β
1980 1770 2100 1859 min
2133 1768 2304 1821 noctis
2330 1767 2590 1859 tenebris,
2622 1766 2945 1859 etcaligine.

356 1838 604 1909 graditur
632 1853 729 1894 ore
761 1855 1037 1908 perverso,
1900 1837 1948 1859 ”
1977 1841 2044 1895 Et
2072 1852 2199 1893 ecce
2232 1840 2472 1892 occurrit
2495 1837 2571 1891 illi
2604 1838 2821 1903 mulier,

284 1906 490 1981 Annuit
517 1911 708 1977 oculis,
742 1906 869 1965 terit
894 1911 1064 1981 pede,
1996 1980 2003 1981 ί
2048 1917 2241 1963 ornatu
2268 1906 2988 1981 rneretriciogprﬁmparataad
3007 1908 3296 1979 capiendas
3324 1908 3555 1968 animas.

352 1980 524 2050 digito
576 1981 855 2051 loquitur,
894 1978 910 1981 ⁷
1142 2048 1155 2051 Α
1975 1980 2203 2039 Garrula
2234 1989 2289 2051 et
2317 1994 2485 2051 vaga,
2505 1978 2701 2047 quietis
2732 1979 3037 2051 impatiens,

291 2048 467 2107 Pravo
495 2048 663 2107 corde
687 2050 1025 2107 machinatur
1053 2048 1251 2121 malum
1279 2096 1293 2119 ,
2049 2066 2150 2107 nec
2166 2050 2351 2105 valens
2375 2048 2427 2105 in
2457 2049 2946 2121 domoconsistere
2976 2050 3201 2121 pedibus
3225 2053 3339 2109 suis
3366 2070 3381 2109 :

355 2133 410 2177 ct
439 2126 489 2177 in
522 2124 670 2178 omni
704 2133 943 2192 tempore
967 2123 1142 2191 jurgia
1188 2123 1439 2179 seminat.
1977 2123 2133 2180 Nunc
2154 2122 2310 2187 foris,
2337 2123 2555 2177 nuncin
2589 2120 2803 2191 plateis,

294 2193 429 2250 lluic
451 2195 723 2265 extemplo
758 2195 937 2249 veniet
970 2193 1203 2265 perditio
1242 2209 1337 2248 sua
1362 2235 1377 2261 ,
1632 2263 1663 2265 μ
1712 2264 1717 2265 ί
2053 2209 2197 2250 nunc
2221 2194 2373 2264 juxta
2404 2194 2631 2265 angulos
2654 2192 2940 2265 insidians.

348 2272 415 2321 'et
434 2266 611 2321 subito
634 2263 967 2333 conteretur,
996 2279 1094 2337 nec
1120 2264 1337 2321 habebit
1361 2265 1497 2321 ultra
1522 2263 1875 2321 medicinam.
1980 2263 2503 2337 Apprehensumque
2529 2263 2872 2337 deosculatnr
2895 2264 3175 2337 juvenem,

304 2335 413 2393 Sex
440 2346 585 2402 sunt,
616 2352 736 2407 quae
766 2337 879 2391 odit
922 2334 1181 2408 Dominus
1210 2378 1224 2400 ,
1342 2405 1353 2408 _
2033 2334 2109 2393 'et
2130 2338 2344 2408 procaci
2378 2336 2526 2389 vultu
2561 2335 2853 2408 blanditur,
2886 2334 3095 2391 dicens.

361 2416 417 2462 et
442 2405 731 2478 septimum
764 2408 1066 2463 detestatur
1096 2406 1275 2460 anima
1305 2405 1422 2476 ejus
1464 2421 1479 2461 :
1983 2405 2244 2466 Victimas
2269 2422 2366 2476 pro
2398 2408 2568 2478 salute
2592 2406 2805 2474 devovi,

295 2479 493 2535 Oculos
511 2476 800 2543 sublimes,
833 2479 1069 2549 linguam
1099 2478 1413 2549 mendacem
1444 2518 1458 2542 ,
2061 2481 2221 2534 hodie
2247 2476 2457 2533 reddidi
2487 2489 2608 2529 vota
2641 2492 2783 2531 mea.

374 2565 568 2605 manus
595 2548 936 2605 etfundentes
961 2548 1239 2603 innoxium
1265 2550 1578 2615 sanguinem
1614 2565 1627 2602 :
1983 2551 2191 2608 Idcirco
2212 2563 2426 2618 egressa
2451 2563 2568 2603 sum
2602 2549 2650 2600 in
2683 2560 2963 2601 occursum
2989 2554 3157 2617 tuum,

294 2617 402 2676 Cor
430 2622 745 2692 machinans
772 2622 1134 2692 cogitationes
1155 2620 1417 2689 pessimus
1440 2662 1455 2684 ,
2056 2617 2374 2677 desiderans
2406 2618 2692 2692 tervidere,
2726 2629 2779 2672 et
2806 2618 3004 2687 reperi.

373 2691 539 2761 pedes
567 2694 781 2748 veloces
814 2691 880 2746 ad
911 2691 1237 2746 currendum
1271 2692 1323 2745 in
1354 2692 1595 2757 malum;
1986 2692 2193 2750 Intexui
2222 2692 2436 2746 funibus
2468 2691 2662 2743 lectum
2694 2705 2898 2761 meum,

300 2759 680 2818 Proferentem
710 2763 987 2819 mendacia
1020 2771 1208 2817 testem
1242 2762 1489 2817 fallacem
1511 2807 1525 2830 ,
2059 2765 2229 2819 stravi
2262 2761 2530 2831 tapetibus
2561 2762 2717 2829 pictis
2743 2776 2807 2815 ex
2840 2759 3099 2830 Aigypto.

370 2842 427 2889 ct
452 2849 574 2890 eum
601 2835 691 2904 qui
716 2834 945 2889 seminat
973 2834 1116 2888 inter
1146 2834 1337 2888 fratres
1371 2832 1694 2889 discordias.
1995 2834 2222 2905 ASpersi
2250 2834 2424 2888 cubile
2453 2848 2630 2887 meum
2666 2831 2908 2903 myrrha,

299 2904 597 2971 Conserva,
630 2906 702 2959 fili
726 2906 820 2969 mi,
856 2914 1120 2975 prmeepta
1143 2905 1311 2972 patris
1338 2906 1442 2973 tui,
2069 2918 2127 2962 et
2156 2908 2297 2969 aloe,
2328 2914 2384 2959 et
2414 2906 2779 2959 cinnamomo.

373 2985 430 3032 et
460 2991 527 3031 ne
554 2970 793 3031 dimittas
824 2970 995 3047 legem
1037 2970 1226 3030 matris
1259 2985 1385 3031 tute.
1427 2970 1436 2973 ’
1991 2976 2149 3038 Veni.
2183 2976 2512 3030 inebricmur
2537 2976 2789 3047 uberibus
2817 2972 2992 3047 donec
3017 2972 3329 3029 illuscescat
3348 2970 3489 3041 dies,

308 3046 438 3117 Liga
468 3062 533 3103 ea
562 3048 613 3101 in
639 3048 802 3102 corde
832 3044 920 3101 tuo
944 3047 1170 3117 jugiter,
2070 3061 2123 3104 et
2149 3049 2389 3103 fruamur
2410 3047 2605 3116 cupitis
2637 3044 2994 3117 amplexibus.

377 3116 435 3174 et
473 3119 745 3173 circumda
782 3116 985 3188 gutturi
1020 3127 1134 3173 tuo.
1928 3178 1965 3188 _
1993 3120 2110 3177 Non
2141 3130 2224 3175 est
2250 3118 2394 3173 enim
2422 3120 2504 3188 vir
2535 3118 2589 3172 in
2620 3116 2782 3172 domo
2811 3131 2928 3184 sua,

307 3188 440 3245 Cum
482 3178 865 3255 ambulaveris,
895 3190 1211 3260 gradiantur
1243 3197 1459 3244 tecum:
1918 3178 1966 3243 C
2070 3191 2205 3246 abiit
2232 3191 2315 3244 via
2352 3187 2687 3259 longissima.

379 3275 500 3315 cum
527 3254 1177 3327 dormieris,custodiant
1208 3268 1295 3325 te;
1997 3263 2283 3320 Saeculum
2318 3254 2561 3330 pecunia:
2589 3272 2771 3313 secum
2801 3254 2921 3312 tulit
2947 3274 2961 3311 :

379 3340 437 3386 et
460 3332 717 3402 evigilans
745 3325 968 3402 loquere
1008 3348 1131 3386 eum
1164 3332 1267 3387 eis.
2072 3336 2125 3388 in
2147 3333 2237 3388 die
2261 3325 2433 3399 plena:
2462 3332 2602 3385 lunae
2624 3344 2949 3402 reversurus
2971 3337 3054 3384 est
3079 3326 3134 3382 in
3158 3325 3380 3383 domum
3408 3339 3586 3385 suam.

312 3401 449 3471 Quia
477 3398 784 3458 nia'ndatum
813 3398 1032 3459 lucerna
1061 3412 1180 3468 est,
2000 3406 2241 3463 lrrctivit
2266 3398 2393 3458 eum
2427 3403 2609 3456 multis
2638 3398 3009 3466 sermonibus,

386 3482 443 3528 et
467 3474 555 3528 lex
588 3474 699 3540 lux,
2074 3486 2128 3531 et
2153 3474 2429 3530 blanditiis
2455 3474 2715 3528 labiorum
2748 3472 3013 3542 protraxit
3035 3470 3209 3527 illum.

386 3554 441 3599 et
464 3546 552 3599 via
578 3545 705 3599 vitae
736 3542 1035 3611 increpatio
1063 3542 1365 3613 disciplinae
1391 3561 1406 3596 :
2003 3550 2202 3606 Statim
2228 3561 2347 3600 eam
2376 3545 2622 3615 sequitur

316 3614 390 3672 Ut
415 3615 727 3688 custodiant
758 3624 809 3688 te
837 3631 867 3670 a
899 3616 1127 3669 muliere
1153 3612 1317 3684 mala,
2076 3618 2230 3688 quasi
2259 3618 2354 3688 bos
2381 3612 2575 3688 ductus
2603 3612 2669 3688 ad
2701 3612 2999 3688 victimam,

388 3696 446 3742 et
466 3702 496 3741 a
528 3687 723 3742 blanda
757 3687 941 3755 lingua
966 3694 1267 3742 extraneae.
2009 3692 2075 3747 Et
2095 3684 2257 3758 'quasi
2278 3686 2306 3726 ιι
2335 3702 2505 3758 agnus
2534 3684 2851 3758 lasciviens,

317 3757 433 3813 Non
462 3759 814 3831 concupiscat
840 3752 1298 3831 pulchritudinem
1323 3758 1442 3829 ejus
1461 3772 1559 3814 cor
1582 3765 1757 3823 tuum,
2081 3752 2136 3815 ei
2156 3752 2410 3831 ignoran's
2440 3757 2584 3828 quod
2611 3755 2677 3831 ad
2706 3754 2916 3831 vincula
2940 3752 3137 3831 stultus
3167 3752 3414 3809 trahatur
3441 3771 3456 3809 :

393 3843 496 3884 nec
524 3830 758 3900 capiaris
778 3825 1000 3900 nutibus
1022 3828 1187 3882 illius.
1355 3825 1367 3829 ⁷
1471 3898 1478 3900 _
2013 3825 2199 3889 Donec
2230 3825 2507 3899 transfigit
2532 3828 2723 3896 sagitta
2750 3826 2906 3900 jecur
2931 3825 3078 3895 ejus;

320 3900 558 3956 Pretium
586 3898 730 3956 enim
755 3898 927 3955 scorti
950 3898 1039 3952 vix
1065 3900 1222 3953 unius
1253 3906 1336 3953 est
1358 3898 1551 3968 panis:
2089 3904 2238 3957 velut
2261 3902 2306 3956 si
2337 3898 2451 3955 avis
2470 3900 2686 3955 festinet
2717 3898 2783 3951 ad
2812 3900 3098 3968 laqueum:

392 3972 591 4026 mulier
611 3981 795 4025 autem
810 3970 926 4042 Aviri
954 3970 1245 4042 pretiosam
1273 3965 1508 4024 animam
1538 3971 1707 4041 capit.
2084 3983 2139 4030 et
2168 3973 2343 4028 nescit
2362 3973 2484 4042 quia
2513 3971 2579 4025 de
2606 3968 2847 4042 periculo
2867 3965 3062 4023 anima:
3085 3967 3230 4023 illius
3255 3965 3456 4040 agitur.

321 4042 787 4115 Nnmquidpotest
809 4040 975 4115 homo
997 4039 1333 4115 abscondere
1363 4042 1542 4115 ignem
1564 4039 1622 4097 in
1641 4044 1763 4098 sinu
1788 4057 1907 4111 suo,
2012 4044 2167 4103 Nunc
2195 4060 2346 4115 ergo,
2376 4039 2453 4098 illi
2485 4042 2579 4106 mi,
2614 4040 2736 4115 audi
2767 4054 2877 4115 me,

396 4122 453 4167 ut
480 4110 801 4169 vestimenta
832 4112 979 4167 illius
1004 4127 1109 4166 non
1132 4110 1403 4168 ardeant?
1828 4132 1835 4141 ί
1896 4110 1899 4111 ⁷
2088 4128 2141 4172 et
2168 4110 2390 4171 attende
2418 4115 2579 4169 verba
2611 4111 2728 4166 oris
2757 4110 2885 4165 mei.

323 4184 431 4242 Aut
451 4185 727 4240 ambulare
749 4198 917 4253 super
942 4198 1173 4255 prunas,
1308 4253 1315 4255 Α
1408 4253 1418 4255 _
2019 4188 2099 4246 Ne
2125 4188 2469 4241 abstrahatur
2494 4185 2549 4240 in
2579 4182 2683 4238 viis
2710 4182 3042 4255 illiusgmens
3070 4188 3158 4237 tua
3182 4197 3200 4237 :

399 4268 455 4310 ut
486 4272 592 4329 non
622 4252 1009 4329 comburantur
1036 4255 1234 4329 planta:
1269 4253 1436 4329 ejus?_
1504 4322 1516 4329 _
1605 4325 1617 4329 _
2092 4273 2266 4329 neque
2294 4257 2583 4329 decipiaris
2605 4252 2812 4329 semitis
2830 4252 2974 4329 ejus.

325 4326 417 4383 Sic
437 4327 527 4397 qui
558 4327 858 4398 ingreditur
877 4327 944 4381 ad
971 4322 1255 4382 mulierem
1286 4322 1641 4393 proximisui,
2021 4322 2220 4390 Multos
2249 4330 2393 4385 enim
2423 4322 2733 4398 vulneratos
2757 4322 2976 4398 dejecit,

402 4391 505 4451 non
534 4391 642 4453 erii
666 4399 895 4453 mundus
924 4413 1046 4452 cum
1075 4391 1312 4466 tetigerit
1338 4412 1481 4461 eam,
1580 4466 1588 4468 Α
1627 4391 1634 4393 ⁷
2022 4420 2030 4456 :

2022 4420 2047 4456 ιι
2110 4400 2457 4457 ctfortissimi
2480 4400 2676 4468 quique
2710 4391 2975 4449 interfecti
3005 4402 3128 4449 sunt
3150 4391 3218 4448 ab
3249 4406 3334 4450 ea.

331 4468 448 4538 Non
472 4469 691 4536 grandis
716 4478 801 4522 est
828 4468 1008 4537 culpa,
1032 4484 1153 4523 cum
1180 4469 1301 4538 quis
1334 4470 1539 4522 furatus
1569 4466 1761 4524 fuerit:
2027 4475 2139 4530 vim
2172 4472 2331 4526 inferi
2359 4466 2554 4525 domus
2584 4466 2725 4535 ejus,

407 4537 615 4624 fura'tur
643 4538 811 4599 enim,
842 4548 900 4590 ut
920 4537 1247 4624 esurientem
1280 4539 1499 4624 impleat
1525 4541 1762 4594 animam
1793 4556 1807 4593 :
1951 4563 2007 4624 Ι)
2109 4552 2460 4624 penetrantes
2489 4544 2541 4593 in
2574 4538 2829 4624 interiora
2858 4537 3068 4620 mortis.

338 4606 719 4676 Deprehensns
744 4607 1170 4689 quoquereddet
1195 4606 1526 4676 septuplum,
1574 4678 1589 4689 ‘
1952 4606 2004 4624 ν
2037 4606 2188 4689 [Cain
2227 4612 2383 4689 Vili]
2416 4608 2681 4689 Numquid
2710 4622 2815 4661 non
2843 4608 3108 4678 sapientia
3138 4606 3403 4678 clamitat,

408 4689 462 4755 et
491 4694 706 4733 omnem
730 4678 1089 4755 substantiam
1115 4678 1309 4734 domus
1332 4694 1445 4734 suae
1475 4678 1670 4734 tradet.
1696 4746 1711 4755 _
2039 4678 2057 4689 ⁵
2109 4678 2165 4739 c't
2196 4678 2475 4755 prudentia
2500 4682 2589 4755 dat
2615 4693 2799 4733 vocem
2830 4694 3004 4755 suam,

335 4750 441 4817 Qui
474 4762 655 4806 autem
682 4748 893 4824 adulter
918 4758 1021 4824 est,
1243 4819 1256 4824 _
1413 4821 1421 4824 _
1696 4747 1711 4755 ’

2038 4756 2096 4813 ln
2127 4747 2351 4809 summis
2372 4752 2707 4824 excelsisque
2734 4750 3030 4807 verticibus
3058 4764 3220 4824 supra
3245 4747 3413 4820 viam,

413 4834 634 4890 propter
654 4821 838 4876 cordis
860 4819 1096 4889 in0piam
1126 4819 1574 4890 perdetanimam
1595 4836 1783 4876 suam:
2112 4827 2164 4880 in
2199 4826 2391 4879 mediis
2422 4819 2827 4887 semitis’stans,

340 4891 752 4966 Turpitudinem
784 4901 841 4947 et
870 4892 1218 4966 ignominiam
1244 4903 1540 4966 congregat
1563 4893 1689 4960 sibi,
1868 4924 1871 4927 -
2042 4898 2209 4955 Juxta
2240 4904 2424 4966 portas
2454 4894 2695 4966 rcivitatis

410 4976 463 5037 ct
493 4964 845 5037 Opprobrium
875 4961 1023 5037 illius
1044 4978 1157 5020 non
1180 4961 1495 5021 delebitur’:
2114 4969 2169 5024 in
2198 4961 2324 5037 ipsis
2349 4965 2551 5037 foribus
2582 4964 2841 5033 loquitur,
2874 4961 3061 5019 dicens
3086 4978 3102 5017 :

341 5034 473 5102 Quia
501 5036 650 5090 zelus
680 5047 735 5092 et
761 5038 908 5091 furor
929 5036 1029 5091 viri
2043 5041 2090 5099 0
2118 5034 2243 5106 viri,
2271 5038 2336 5092 ad
2365 5051 2460 5091 vos
2487 5036 2726 5102 clamito,

410 5123 516 5161 non
544 5116 730 5177 parcet
758 5106 810 5162 in
843 5106 931 5162 die
961 5106 1231 5172 vindictae.
1761 5154 1766 5160 .
2117 5122 2172 5167 et
2199 5126 2301 5165 vox
2326 5124 2442 5164 mea
2474 5108 2541 5162 ad
2572 5110 2711 5163 filios
2734 5107 3041 5163 hominum.

414 5239 1043 5326 {.CanonHMemmianus
1072 5240 1396 5326 sententiam
1432 5259 1589 5326 quam
1620 5243 1674 5298 in
1705 5242 1937 5326 Vulgata
2046 5249 2370 5326 vetustiores
2428 5245 2627 5326 sinceri
2693 5244 2940 5326 codices,
2987 5243 3140 5314 juxta
3180 5244 3409 5300 Haebrzni
3454 5252 3634 5302 textus

352 5312 539 5386 Latina
569 5316 748 5386 addita
782 5323 966 5386 monet
997 5315 1185 5369 obelus
1214 5323 1426 5381 noster,
1450 5312 1595 5370 intra
1626 5312 1941 5371 contextum
2053 5320 2236 5381 fidem,
2272 5319 2430 5386 plane
2460 5317 2725 5371 nesciunt.

346 5384 545 5458 tetinet
572 5384 674 5439 hoc
705 5384 861 5458 loco;
894 5383 1081 5458 Canon
1104 5400 1233 5458 vero
1254 5386 1946 5458 CareassonensiSﬁxtrin-
2127 5388 2154 5427 ι’
2188 5388 2244 5443 lu
2274 5383 2501 5443 Hebra‘o
2526 5398 2608 5443 est
2634 5397 2771 5455 pay,
2800 5387 2954 5458 'quod
2991 5387 3283 5457 compedem
3316 5397 3502 5444 sonat:
3527 5396 3637 5443 est-

345 5470 501 5511 secus
531 5456 583 5529 in
613 5471 707 5509 ora
761 5456 1033 5529 inferioris
1057 5455 1283 5529 codicis.
1318 5456 1497 5513 Maur.
1706 5455 1722 5458 ⁷
2054 5476 2159 5526 que
2208 5474 2423 5527 sensus,
2477 5461 2609 5513 sicut
2656 5455 2859 5525 conopes
2915 5458 2984 5511 ad
3038 5455 3418 5529 castigationem
3469 5458 3636 5513 stulti.

421 5555 495 5566 —
521 5527 764 5601 Alterum
815 5526 982 5601 hocce
1028 5527 1454 5583 additamentum
1488 5531 1538 5583 in
1587 5529 1833 5600 Vulgata,
1866 5530 1929 5586 Si
2044 5533 2222 5601 Vulgo
2252 5526 2432 5586 autem
2467 5540 2656 5600 putant
2689 5530 2887 5584 lec.um
2922 5546 2951 5583 a
2974 5600 2977 5601 ν
3002 5528 3060 5585 S.
3114 5526 3411 5599 ln'terprete
3442 5532 3495 5584 in
3535 5544 3636 5585 suo

345 5606 517 5651 autem
555 5599 770 5673 impiger
802 5598 1001 5673 fueris,
1054 5601 1215 5673 veniet
1264 5607 1316 5651 ut
1348 5602 1673 5673 fousmessis
1694 5598 1825 5666 'tua,
1884 5610 1932 5656 et
2042 5598 2313 5659 Hebraico
2343 5598 2638 5673 exemplari
2667 5610 2814 5669 urna,
2846 5600 2987 5671 quod
3020 5612 3119 5669 est,
3159 5598 3345 5672 agnus,
3380 5617 3475 5671 pro
3497 5610 3634 5667 pay.

347 5679 539 5739 egestas
569 5668 717 5747 (Baga
744 5670 904 5741 fugiet
929 5685 959 5721 a
982 5678 1047 5735 te,
1063 5684 1129 5747 ex_
1146 5668 1617 5747 Grmco’rangXX
1643 5671 1932 5747 depromp-
2040 5674 2217 5731 Malim
2241 5690 2341 5744 ego
2362 5668 2571 5743 opinari
2595 5689 2718 5747 cum
2745 5668 3072 5747 Symmacho
3093 5686 3156 5727 se
3182 5668 3400 5745 aptasse
3427 5675 3621 5744 magis,

352 5750 489 5805 tum,
510 5757 545 5825 ra
575 5739 1087 5825 Rabbanouquoque
1118 5742 1362 5825 legitur,"
1385 5745 1474 5812 qui
1520 5752 1702 5825 tamen
1715 5739 1729 5742 “
1754 5745 1929 5825 plera-
2032 5739 2309 5823 qui‘verti't
2332 5739 2575 5825 σκὶρτῶν,
2610 5746 2663 5805 id
2684 5739 2803 5817 est;
2818 5744 3031 5816 saliens,
3061 5753 3167 5802 etc.

352 5825 457 5883 que
481 5810 758 5884 ,ejusmodi
795 5810 906 5869 alia
926 5828 1048 5889 non
1062 5810 1705 5891 .novitzjlieronymiani
1751 5810 1933 5873 autem
