4082 6354
599 211 736 270 1251

610 328 924 398 lntelligite,
955 327 1186 399 parvuli,
1217 328 1493 395 astutiam,

690 408 747 459 et
771 400 1111 471 insipientes,
1141 400 1573 471 animadvertite,

602 472 823 543 Audite,
852 470 1108 545 quoniam
1136 472 1203 545 de
1225 472 1388 528 rebus
1413 473 1623 545 magnis
1651 473 1899 533 locutura
1929 489 2049 532 sum
2076 491 2095 533 ε
2157 476 2164 525 ἕ
2189 474 2195 517 ἶ

677 551 737 616 et
756 541 1070 616 aperientur
1098 541 1237 616 labia
1265 559 1407 609 mea,
1441 541 1676 603 ut'recta
1702 545 2020 616 prmdicent.

604 613 903 672 Veritatem
936 615 1286 687 meditabitur
1311 625 1498 685 guttur
1528 613 1733 687 meum,

676 695 743 760 et
761 688 901 742 labia
929 701 1049 743 mea
1075 686 1491 747 detestabuntur
1523 690 1770 760 impium.

608 759 749 816 Justi
779 766 908 813 sunt
932 771 1125 813 omnes
1146 771 1432 814 sermones
1466 762 1596 827 mei,

676 844 786 905 non
814 836 900 884 est
927 829 982 905 in
1005 828 1336 905 ei_s__pravu_m
1367 830 1518 899 quid,
1545 847 1723 905 neque
1752 845 2093 904 perversum.

608 900 763 956 Recti
794 910 924 973 sunt
950 900 1407 973 intelligentibus,

679 979 738 1027 et
765 970 908 1042 aequi
941 970 1337 1026 invenientibus
1364 973 1670 1031 scientiam.

610 1042 856 1112 Accipite
886 1042 1226 1111 disciplinam
1255 1059 1453 1111 meam,
1474 1055 1657 1102 etnon
1690 1045 2018 1112 pecuniam:

683 1113 983 1169 doctrinam
1017 1114 1205 1185 magis,
1241 1130 1398 1185 quam
1428 1132 1622 1173 aurum
1656 1113 1860 1184 eligite.

613 1185 806 1242 Melior
836 1195 918 1241 est
955 1188 1099 1241 enim
1131 1187 1392 1256 sapientia
1421 1192 1631 1245 cunctis
1665 1186 2094 1256 pretiosissimis,

680 1266 736 1311 et
763 1271 926 1331 omne
956 1255 1322 1331 desiderabile
1345 1260 1394 1314 ei
1427 1276 1533 1315 non
1567 1271 1742 1330 potest
1767 1258 2096 1331 comparari.

612 1328 728 1399 Ego
750 1329 1015 1399 sapientia
1050 1328 1234 1383 habito
1255 1327 1309 1383 in
1335 1327 1586 1399 consilio,

683 1407 739 1455 et
763 1399 993 1471 eruditis
1020 1400 1281 1471 intersum
1311 1401 1754 1471 cogitationibus.

615 1469 804 1526 Timor
829 1470 1047 1526 Domini
1067 1470 1179 1525 odit
1202 1469 1401 1527 malum
1430 1486 1445 1529 :

692 1541 1059 1617 arrogantiam
1085 1542 1498 1617 et_superbiam,
1526 1550 1582 1601 et
1611 1541 1753 1600 viam
1780 1559 2026 1617 pravam,

692 1622 747 1667 et
773 1627 836 1668 os
865 1612 1105 1683 bilingue
1133 1612 1401 1670 detestor.
1654 1657 1668 1664 -

621 1684 798 1742 Meum
817 1693 903 1740 est
926 1685 1240 1758 consilium,
1268 1694 1324 1741 et
1349 1686 1603 1758 aequitas,

687 1771 806 1811 mea
842 1764 925 1811 est
953 1755 1256 1826 prudentia,
1293 1755 1533 1815 mea—est
1560 1756 1839 1821 fortitudo.

621 1827 728 1885 Per
748 1842 837 1882 me
864 1841 1019 1899 rcges
1045 1836 1293 1896 regnant,

692 1906 749 1954 et
778 1899 955 1969 legum
978 1899 1292 1969 conditores
1313 1899 1333 1969 j
1343 1907 1460 1956 usta
1489 1899 1828 1957 decernunt:

616 1964 722 2026 Per
750 1964 1144 2040 me'principes
1181 1964 1471 2041 imperant,

689 2051 744 2096 et
772 2047 1029 2112 potentes
1057 2040 1362 2097 decernunt
1385 2040 1676 2112 justitiam.

623 2111 741 2182 Ego
769 2110 1055 2182 diligentes
1079 2127 1166 2167 me
1188 2112 1352 2183 diligo
1379 2110 1394 2168 ἑ

671 2191 748 2249 _et
774 2183 867 2253 qui
895 2198 1054 2239 mane
1079 2184 1305 2253 vigilant
1331 2184 1396 2241 ad
1422 2201 1532 2253 me,
1565 2183 1844 2243 invenient
1859 2198 1968 2240 me.

619 2253 829 2310 Mecum
857 2265 982 2310 sunt
1004 2254 1228 2327 divitiae,
1250 2262 1317 2327 et
1347 2256 1541 2327 gloria,

692 2339 824 2397 opes
843 2325 1124 2397 superbm,
1157 2335 1211 2382 et
1237 2325 1471 2397 justitia.

622 2395 821 2453 Melior
852 2394 937 2471 est
962 2396 1182 2471 fructus
1212 2394 1364 2452 meus
1393 2412 1545 2471 auro,
1577 2408 1634 2455 et
1655 2398 1837 2471 lapide
1871 2394 2134 2470 pretioso,

690 2475 757 2540 et
768 2468 1045 2540 genimina
1067 2482 1195 2540 mea;
1217 2477 1441 2540 argento
1462 2470 1661 2528 electo.

623 2536 687 2594 In
709 2536 811 2596 viis
836 2537 1065 2609 iustitia:
1092 2536 1331 2607 ambulo,

692 2609 748 2665 in
780 2608 1307 2682 mediosemitarum
1331 2608 1560 2682 judicii:

620 2679 691 2738 Ut
713 2681 879 2739 ditem
910 2681 1197 2752 diligentes
1219 2697 1329 2750 me,

697 2760 754 2808 et
784 2753 1072 2809 thesauros
1094 2768 1282 2809 eorum
1315 2752 1581 2823 repleam.

620 2822 883 2880 Dominus
917 2823 1159 2896 possedit
1184 2840 1270 2880 me
1292 2822 1446 2881 initio
1476 2825 1684 2882 viarum
1712 2840 1955 2896 suarum,

698 2904 987 2966 antequam
1007 2894 1297 2969 quidquam
1331 2896 1534 2954 faceret
1560 2914 1585 2953 a
1617 2896 1909 2969 principio.

622 2966 708 3023 Ab
740 2965 946 3023 aeterno
974 2965 1223 3025 ordinata
1249 2980 1392 3034 sum,

696 3046 752 3094 et
777 3052 842 3093 ex
870 3035 1108 3106 antiquis
1132 3048 1422 3108 antequam
1451 3046 1592 3094 terra
1620 3039 1797 3095 fieret.

624 3106 863 3181 Necdum
893 3116 1052 3164 erant
1075 3106 1360 3180 abyssi,‘et
1391 3123 1491 3180 ego
1510 3108 1624 3179 jam
1656 3119 1918 3181 concepta
1943 3126 2089 3169 eram
2115 3127 2128 3165 :

698 3179 927 3236 necdum
953 3181 1130 3235 fontes
1158 3179 1736 3252 aquarum'erupcrant
1764 3198 1779 3237 :

696 3252 928 3308 necdum
957 3259 1172 3307 montes
1196 3254 1345 3322 gravi
1377 3252 1520 3307 mole
1542 3255 1922 3311 constiterant.

625 3323 765 3379 Ante
782 3323 963 3378 .colles
983 3338 1084 3392 ego
1112 3323 1486 3392 partttriebar:

696 3393 875 3450 adhuc
893 3404 1099 3467 terram
1120 3408 1242 3467 non
1275 3394 1504 3465 fecerat,
1538 3405 1596 3452 et
1616 3393 1866 3467 ﬂumina,

700 3475 757 3523 et
776 3465 1029 3522 cardines
1055 3464 1204 3522 orbis
1236 3479 1417 3522 terrm.

627 3537 857 3608 Quando
887 3539 1232 3607 praeparabat
1261 3539 1453 3603 caalos,
1483 3537 1702 3595 aderam
1734 3558 1747 3594 :

698 3609 918 3680 quando
946 3618 1094 3663 certa
1125 3609 1346 3681 lege,et
1372 3626 1507 3681 gyro
1537 3610 1774 3665 vallabat
1802 3607 2033 3680 abyssos
2058 3626 2071 3664 :

627 3679 857 3751 Quando
888 3681 1091 3751 aethera
1118 3679 1629 3751 firmabat'sursum,

699 3762 755 3809 et
782 3750 1019 3822 librabat
1048 3750 1230 3822 fontes
1258 3767 1545 3822 aquarum.

627 3821 857 3892 Quando
883 3820 1258 3893 circumdabat
1284 3820 1421 3877 mari
1454 3823 1744 3881 terminum
1771 3840 1954 3893 suum,

703 3904 761 3950 et
786 3893 959 3965 legem
994 3891 1229 3965 ponebat
1257 3893 1436 3965 aquis,
1469 3912 1537 3950 ne
1567 3898 1866 3953 transirent
1898 3891 2037 3957 lines
2064 3911 2226 3955 suos:

631 3964 862 4034 Quando
884 3964 1223 4039 appendebat
1246 3964 1595 4022 fundamenta
1624 3979 1812 4037 terrm,

704 4051 828 4092 CIIII]
852 4048 917 4107 80
936 4048 1085 4107 eram
1113 4044 1305 4090 cuncta
1336 4052 1670 4107 componens
1694 4058 1707 4094 ξ

710 4114 767 4164 et
792 4105 1106 4162 delectabar
1135 4121 1232 4175 per
1257 4105 1505 4179 singulos
1527 4109 1670 4178 dies,

638 4180 860 4240 Ludens
889 4192 1082 4249 coram
1108 4192 1174 4232 eo
1192 4181 1339 4234 omni
1375 4188 1637 4249 tempore,

704 4253 897 4311 lucens
929 4249 984 4304 in
1005 4246 1139 4303 orbe
1171 4258 1441 4311 terrarum
1473 4268 1485 4304 :

702 4333 761 4381 et
786 4319 995 4378 delicia:
1026 4335 1183 4386 meae,
1216 4337 1339 4377 esse
1365 4338 1490 4379 cum
1523 4323 1654 4381 ﬁliis
1683 4322 1991 4383 hominum.

630 4396 786 4455 Nune
813 4408 971 4465 ergo,
996 4391 1121 4461 lilii,
1145 4393 1326 4465 audite
1357 4409 1443 4450 me
1469 4411 1483 4449 :

704 4467 853 4525 Beati
882 4462 977 4533 qui
998 4462 1315 4520 custodiunt
1346 4466 1463 4521 vias
1496 4482 1666 4525 meas.

634 4538 832 4598 Audite
856 4533 1226 4610 disciplinam,
1257 4546 1314 4594 et
1337 4545 1515 4596 estote
1534 4538 1834 4610 sapientes,

707 4620 765 4668 et
784 4606 949 4664 nolite
979 4605 1215 4676 abjicere
1238 4623 1382 4665 eam.

634 4684 833 4742 Beatus
862 4676 1023 4734 homo
1053 4678 1144 4748 qui
1170 4679 1321 4735 audit
1348 4697 1456 4751 me,

710 4758 804 4831 qui
828 4756 1015 4831 vigilat
1043 4755 1111 4815 ad
1129 4753 1289 4831 ‘fores
1314 4755 1758 4831 measquotidie,

712 4825 767 4886 et
795 4825 1051 4885 observat
1076 4826 1142 4881 ad
1171 4835 1356 4892 postes
1379 4825 1507 4881 ostii
1541 4828 1670 4883 tnei.

640 4902 746 4971 Qui
771 4916 860 4956 me
882 4900 1188 4966 invenerit,
1206 4895 1446 4971 invenjet
1472 4896 1665 4971 vitam,

711 4980 769 5029 et
794 4972 1008 5028 hauriet
1038 4971 1270 5027 salutem
1298 4982 1326 5021 a
1351 4967 1620 5023 Domino:
1662 5018 1667 5022 .

635 5044 736 5113 Qui
762 5054 943 5099 autem
966 5045 1019 5098 in
1044 5057 1132 5097 me
1164 5038 1502 5113 peccaverit,
1518 5039 1678 5113 laedet
1704 5038 1940 5094 animam
1965 5054 2142 5097 suam.

708 5114 933 5181 Omnes,
962 5115 1055 5185 qui
1084 5128 1169 5167 me
1187 5111 1447 5185 ederunt,
1474 5111 1705 5185 diligunt
1726 5120 1980 5185 mortem.

638 5183 794 5258 [Cap.
820 5185 939 5258 lX.]
962 5181 1234 5258 Sapientia
1264 5181 1553 5250 aediﬁcavit
1578 5182 1684 5237 sibi
1711 5182 1959 5250 domum,

707 5257 917 5334 excidit
941 5257 1228 5334 columnas
1255 5262 1515 5334 septem.‘
1623 5324 1658 5334 ,Α
1730 5323 1741 5334 _

639 5328 944 5387 lmmolavit
977 5326 1226 5383 victimas
1253 5340 1417 5391 suas,
1446 5324 1667 5382 miscuit
1694 5324 1877 5380 vinum
1900 5363 1915 5390 ,

713 5411 769 5458 et
799 5399 1080 5473 proposuit
1104 5412 1348 5456 mensam
1377 5410 1554 5455 suam.

713 5638 740 5667 ἰ
771 5625 994 5687 Addunt
1022 5622 1263 5694 Vulgata:
1284 5619 1524 5687 codices,
1558 5618 1661 5686 Qui
1703 5616 1889 5694 nititur
1917 5615 2228 5683 mendaciis,

639 5704 725 5762 hic
752 5700 918 5775 pascit
947 5690 1187 5775 uentos:
1216 5694 1560 5775 idenha‘utcm
1589 5694 1702 5775 ipse
1738 5690 1965 5775 sequitur
1990 5705 2109 5775 aues
2146 5704 2235 5742 uc-

636 5762 804 5844 ιαηιὲε
826 5789 845 5830 :
868 5787 990 5846 quae
1011 5765 1218 5828 nedum
1249 5764 1308 5823 in
1329 5762 1585 5835 Hebrum,
1606 5762 1705 5822 sed
1723 5763 2015 5833 etﬁrmco,
2043 5770 2100 5818 et
2118 5775 2235 5823 me~

1606 210 1667 270 S.
1711 207 2092 269 HIERONYMI
2132 207 2367 268 DlVlNA
2403 207 2887 268 BlBLlOTHECA.

2236 326 2456 391 AMisit
2485 326 2707 401 ancillas
2739 341 2891 401 suas,
2916 331 3261 401 ut‘vocarent
3288 324 3356 382 ad
3398 328 3614 401 arcem,

2385 410 2442 459 et
2464 399 2531 455 ad
2573 412 2752 459 minus
2788 398 3067 457 civitatis:
3138 430 3143 436 ς

2306 468 2367 528 Si
2391 472 2511 539 quis
2536 481 2620 526 est
2659 470 2937 540 parvulus,
2970 470 3156 528 veniat
3183 471 3251 527 ad
3274 489 3384 531 me.

2383 542 2448 596 Et
2475 542 2860 612 insipientibus
2886 543 3065 597 locuta
3095 552 3176 597 est
3200 559 3216 596 :

2308 612 2522 678 Venite,
2571 614 2843 671 comedite
2874 628 3067 682 panem
3103 629 3307 682 meum,

2378 695 2433 739 et
2463 684 2634 741 bibite
2650 685 2835 739 vinum
2861 685 3005 755 quod
3032 686 3225 742 miscui
3254 686 3434 744 vobis.

2306 755 2621 827 Relinquite
2646 755 2957 823 infantiam,
2978 767 3036 814 et
3064 756 3251 825 vivite,

2379 839 2434 883 et
2460 827 2738 884 ambulate
2766 843 2868 898 per
2892 829 3008 885 vias
3031 828 3359 897 prudentiae.
3426 836 3434 846 ‘

2307 898 2411 967 Qui
2435 898 2616 972 erudit
2635 898 2957 972 derisorein,
2989 901 3107 971 ipse
3129 901 3235 957 sibi
3265 902 3398 957 facit
3421 900 3678 972 injuriam
3705 920 3718 955 :

2379 981 2433 1045 et
2455 970 2549 1041 qni
2578 971 2755 1045 arguit
2786 970 3033 1045 impium,
3064 972 3168 1028 sibi
3196 970 3740 1045 maculam'generat.

2307 1040 2432 1113 Noli
2454 1040 2683 1113 arguere
2705 1040 3031 1109 deriserem,
3058 1059 3128 1099 ne
3153 1044 3334 1100 oderit
3355 1054 3427 1102 te.

2381 1112 2564 1184 Argue
2592 1117 2920 1184 sapientem,
2952 1124 3007 1170 et
3031 1115 3224 1184 diliget
3248 1126 3322 1171 te.

2309 1184 2638 1261 Da_sapie_nti
2663 1186 3031 1261 occasionem,
3056 1187 3368 1261 etaddetui'
3389 1188 3441 1244 ei
3468 1188 3755 1261 sapientia.

2378 1256 2526 1312 Doce
2543 1256 2772 1326 justum.
2797 1268 2853 1313 et
2877 1256 3156 1314 festinabit
3184 1259 3453 1328 accipere.

2310 1326 2653 1399 Principium,
2674 1328 2976 1399 sapientius,
3008 1329 3170 1384 timor
3194 1326 3409 1385 Domini
3435 1348 3453 1387 :

2381 1408 2435 1455 et
2461 1398 2695 1455 scientia
2724 1398 3054 1468 sanctorum,
3080 1401 3389 1471 prudentia.

2308 1462 2415 1527 Per
2445 1486 2533 1544 me
2554 1472 2702 1544 enim
2726 1462 3235 1542 multiplicabuntur
3260 1473 3379 1530 dies
3417 1473 3518 1544 tui,

2382 1552 2437 1597 et
2463 1542 2732 1599 addentur
2758 1544 2856 1600 tibi
2883 1545 3009 1598 anni
3037 1545 3182 1599 vim.

2312 1613 2369 1670 Si
2391 1614 2608 1683 sapiens
2634 1614 2822 1681 lueris,
2856 1615 3170 1685 tibimetipsi
3196 1616 3344 1670 eris:

2384 1686 2639 1758 siautem
2666 1685 2878 1758 illusor,
2910 1686 3061 1742 solus
3092 1687 3339 1758 portabis
3363 1685 3587 1743 malum.

2237 1726 2290 1790 Β
2312 1755 2507 1812 Mulier
2534 1726 2697 1812 s‘t’ulta
2724 1726 3056 1825 et”

2383 1829 2648 1898 plenaque
2668 1827 2962 1895 illecebris,
2993 1838 3049 1884 et
3076 1829 3208 1884 nihil
3236 1828 3463 1884 omnino
3483 1827 3688 1895 sciens,

2315 1898 2468 1955 Sedit
2497 1900 2550 1954 in
2581 1898 2788 1954 foribus
2817 1898 3010 1954 doinus
3038 1915 3153 1954 sua:

2387 1986 2553 2039 super
2579 1970 2768 2026 sellam
2785 1972 2839 2025 in
2861 1971 3079 2027 excelso
3118 1971 3267 2026 urbis
3291 1971 3438 2040 loco,

2312 2041 2384 2099 Ut
2412 2050 2631 2098 voearet
2656 2050 3005 2099 transeuntes
3036 2057 3132 2112 per
3158 2044 3323 2108 viam,

2385 2122 2440 2168 et
2472 2121 2761 2183 pergentes
2783 2114 2977 2170 itinere
3007 2130 3106 2169 suo
3131 2131 3146 2168 :

2312 2182 2446 2253 Quis
2469 2194 2553 2240 est
2576 2182 2869 2254 parvulus?
2892 2186 3129 2243 declinet
3158 2185 3225 2241 ad
3255 2199 3365 2254 me,

2388 2255 2458 2315 Et
2487 2255 2703 2312 vecordi
2734 2256 2915 2313 locuta
2937 2267 3020 2312 est
3042 2275 3055 2310 :

2313 2328 2485 2399 Aqua:
2507 2325 2721 2399 furtivae
2741 2327 3012 2384 dulciores
3039 2336 3189 2392 sunt,

2384 2397 2442 2453 et
2469 2397 2625 2469 panis
2650 2398 3000 2455 absconditus
3027 2399 3266 2455 suavior.

2315 2468 2389 2527 Et
2412 2468 2684 2553 ignoravit
2712 2471 2952 2553 quodibi
2984 2469 3389 2553 gigantessint,

2385 2538 2527 2598 et'in
2557 2538 2842 2611 profundis
2868 2538 3066 2597 interni
3092 2541 3339 2597 convivm
3361 2538 3505 2609 ejus.

2689 2611 3083 2670 PARABOL‘IE
3123 2610 3535 2670 SALOMUNIS.

2318 2681 2470 2757 [ϐαρ.
2502 2682 2597 2757 Χ.]
2626 2683 2795 2741 Filius
2821 2688 3038 2755 sapiens
3068 2686 3311 2757 Iretilicat
3334 2691 3547 2757 patrem
3572 2700 3585 2736 :

2392 2757 2531 2811 filius
2557 2755 2687 2811 vero
2717 2757 2917 2812 stultus
2947 2756 3202 2813 maestitia
3234 2763 3319 2810 est
3348 2755 3539 2812 matris
3565 2771 3702 2814 suae.

2318 2826 2435 2884 Non
2465 2828 2764 2897 proderunt
2788 2827 3032 2883 thesauri
3060 2825 3355 2897 impietatis
3380 2843 3394 2878 :

2388 2898 2596 2969 justitia
2624 2912 2754 2953 vero
2778 2900 3033 2954 liberabit
3060 2915 3087 2952 a
3122 2906 3320 2955 morte.

2319 2968 2436 3026 Non
2467 2969 2672 3039 afﬂiget
2702 2969 2960 3025 Dominus
2982 2971 3123 3025 fame
3151 2970 3389 3024 animam
3408 2968 3568 3040 justi,

2391 3052 2447 3097 et
2469 3042 2692 3096 insidias
2723 3041 3016 3112 impiorum
3047 3042 3353 3097 subvertet.
3382 3051 3406 3077 α

2245 3108 2293 3174 C
2326 3113 2635 3185 Egestatem
2663 3108 2888 3181 operata
2917 3123 3002 3185 est
3028 3127 3223 3185 manus
3250 3112 3482 3185 remissa
3519 3126 3534 3165 :

2407 3198 2469 3239 +
2500 3197 2694 3239 manus
2720 3194 2902 3240 autem
2929 3183 3152 3241 fortium
3173 3183 3392 3239 divitias
3418 3190 3594 3253 parat.

2326 3255 2428 3323 Qui
2456 3264 2747 3324 congregat
2770 3255 2821 3308 in
2854 3270 3051 3322 messe,
3081 3256 3223 3309 Illius
3249 3254 3470 3323 sapiens
3493 3261 3579 3309 est
3609 3269 3626 3310 :

2399 3327 2489 3397 qui
2515 3334 2693 3397 autem
2725 3326 2909 3382 stertit
2934 3336 3144 3395 testate,
3172 3326 3314 3380 ﬁlius
3331 3324 3692 3381 confusionis.

2328 3396 2646 3454 Benedictio
2678 3397 2892 3453 Domini
2919 3412 3082 3468 super
3108 3404 3273 3468 caput
3293 3397 3424 3467 justi
3451 3412 3465 3451 :

2399 3484 2463 3524 os
2493 3477 2673 3551 autem
2705 3467 3002 3551 impiorum
3023 3470 3198 3551 operit
3222 3467 3586 3539 iniquitatem.

2330 3539 2587 3596 Memoria
2614 3540 2743 3608 justi
2773 3555 2895 3596 cum
2927 3539 3199 3606 laudibus,

2401 3619 2458 3667 et
2485 3626 2684 3666 nomen
2699 3611 3000 3683 impiorum
3026 3620 3323 3683 putrescet.

2331 3683 2563 3754 Sapiens
2585 3680 2749 3738 corde
2772 3680 3037 3753 prmcepta
3065 3682 3325 3754 suscipiet
3350 3697 3364 3734 :

2402 3753 2600 3809 stultus
2620 3755 2848 3810 caeditur
2879 3756 3056 3810 labiis.

2330 3823 2434 3893 Qui
2451 3824 2691 3897 ambulat
2721 3826 3063 3897 simpliciter,
3099 3826 3339 3882 ambulat
3364 3825 3731 3897 conﬁdenter;

3760 216 3891 276 1252

2404 3896 2494 3977 qui
2519 3905 2705 3977 autem
2726 3894 3295 3977 depravatsiassuas,
3320 3898 3636 3956 manifestus
3666 3894 3778 3952 erit.

2333 3966 2438 4036 Qui
2460 3966 2652 4023 annuit
2676 3969 2856 4036 oculo,
2885 3969 3037 4024 dabit
3062 3966 3307 4026 dolorem
3331 3987 3346 4026 :

2370 4110 2379 4111 ί
2409 4039 2606 4111 stultus
2632 4038 2791 4096 labiis
2810 4039 3208 4098 verberabitur.

2340 4110 2488 4167 Vena
2510 4109 2668 4182 Vitis,
2703 4126 2766 4166 os
2790 4110 2928 4182 justi
2954 4120 2969 4165 ἑ

2404 4190 2463 4255 et
2490 4194 2553 4237 os
2580 4181 2869 4255 impiorum
2892 4184 3103 4253 operiet
3132 4183 3496 4255 iniquitatem.

2334 4251 2530 4312 Odium
2560 4251 2784 4309 suscitat
2815 4251 2966 4311 rixas
2995 4272 3008 4309 :

2407 4336 2461 4398 et
2482 4323 2740 4398 universa
2771 4324 2970 4398 delicta
2997 4327 3206 4398 operiet
3234 4326 3494 4383 eharitas.

2335 4396 2395 4454 in
2422 4396 2582 4451 labiis
2612 4396 2877 4469 sapientis
2904 4396 3177 4453 invenitur
3199 4399 3467 4469 sapientia
3491 4415 3506 4452 :

2259 4496 2313 4558 n
2338 4469 2735 4558 .._ss_'__irsa_ie
2756 4467 2921 4558 sese
2948 4467 3411 4558 aventinus“
3439 4468 3619 4527 εοταο·

2338 4540 2623 4610 Sapientes
2646 4540 2985 4597 abscondunt
3005 4542 3288 4596 scientiam
3323 4556 3337 4594 :

2410 4626 2473 4683 os
2498 4622 2677 4683 autem
2706 4613 2853 4668 stulti
2885 4612 3191 4670 confusioni
3211 4613 3517 4683 proximum
3546 4612 3645 4667 est.

2340 4681 2658 4759 Substantia
2690 4684 2894 4751 divitis,
2928 4686 3055 4741 urbs
3082 4681 3410 4740 fortiiudinis
3439 4683 3554 4755 ejus
3586 4700 3601 4737 :

2410 4769 2579 4825 pavor
2606 4771 2924 4825 pauperum,
2957 4768 3170 4827 egestas
3193 4770 3407 4813 eorum.

2340 4827 2488 4896 Opus
2511 4827 2643 4896 justi
2674 4828 2742 4881 ad
2773 4828 2936 4882 vitam
2964 4843 2978 4885 :

2414 4897 2621 4953 fructus
2643 4908 2824 4954 autem
2855 4899 3006 4969 impii
3031 4899 3097 4954 ad
3131 4906 3432 4968 peccatum.

2340 4967 2438 5025 Via
2467 4971 2610 5034 vitm,
2642 4967 2969 5025 custodienti
2999 4967 3343 5041 disciplinam
3377 4986 3389 5021 :

2412 5040 2504 5112 qui
2530 5051 2709 5112 autem
2732 5040 3412 5111 increpatiouesrelinquit
3437 5085 3453 5111 ,
3475 5046 3641 5095 errat.

2339 5111 2697 5168 AbScondunt
2724 5113 2914 5169 odium
2945 5112 3084 5168 labia
3112 5112 3396 5169 mendacia
3428 5128 3443 5165 :

2410 5183 2502 5254 qui
2533 5183 2740 5255 profert
2768 5184 3175 5251 contumeliam,
3204 5183 3472 5255 insipiens
3502 5189 3605 5238 est.

2340 5256 2398 5312 In
2430 5253 2768 5325 multiloquio
2797 5267 3080 5326 peccatum
3112 5271 3221 5312 non
3245 5253 3423 5312 deerit
3454 5269 3470 5313 :

2409 5328 2500 5397 qui
2525 5320 2702 5383 autem
2723 5320 3033 5384 moderatur
3053 5328 3192 5382 labia
3211 5344 3333 5394 sua,
3360 5320 3792 5397 prudentissimus
3802 5322 3889 5373 cst.

2339 5399 2640 5469 Argentum
2666 5398 2921 5471 electum,
2953 5399 3134 5472 lingua
3160 5401 3293 5471 justi
3323 5417 3337 5454 :

2342 5618 2491 5697 boris
2519 5620 3131 5697 notgeulliet'onymianis
3157 5623 3440 5685 codicibus
3462 5630 3624 5697 atque
3643 5607 3892 5689 ἱωιπθδείε

2339 5689 2522 5764 Regiis
2552 5693 2742 5752 Bibliis
2774 5689 3065 5754 non'sunt.
