4124 6360
218 5720 253 5749 ΑΔ

279 223 419 284 1255

317 333 437 422 cur
459 348 635 422 autem
663 336 952 422 impiorum
985 353 1082 422 pro
1113 337 1305 394 nihilo.

270 412 436 470 Labia
457 412 588 482 justi
608 411 861 468 erudiunt
887 412 1145 479 plurimos
1173 428 1187 466 :

339 481 645 566 qui_autem
685 483 887 539 indocti
928 493 1073 552 sunt,
1118 482 1175 537 in
1221 481 1402 540 cordis
1451 490 1697 554 egestate
1745 497 1864 539 mo-

414 566 646 610 nentur.

274 626 589 684 Benedictio
619 624 828 681 Domini
860 625 1057 696 divites
1084 624 1250 696 facit,

347 712 448 753 nec
475 697 772 754 sociabitur
802 697 880 753 eis
910 695 1153 754 afflictio.

274 769 441 839 Quasi
467 784 563 839 per
584 770 760 824 risum
781 769 982 827 stultus
1022 777 1279 840 Operatur
1306 768 1483 825 scelus
1509 781 1525 822 :

348 840 613 911 sapientia
643 848 824 911 autem
848 850 931 895 est
959 840 1076 911 viro
1105 840 1415 909 prudentia.

278 910 437 981 Quod
470 912 621 966 timet
650 910 871 982 impius,
900 910 1083 966 veniet
1110 928 1271 981 super
1300 927 1460 973 eum;

352 982 686 1039 desiderium
717 997 875 1039 suum
900 982 1060 1053 justis
1082 983 1319 1040 dabitur.

282 1055 446 1122 Quasi
478 1065 773 1125 tempeStas
803 1055 1093 1121 transiens,
1129 1072 1234 1110 non
1259 1056 1363 1111 erit
1385 1055 1582 1126 impius
1616 1074 1627 1109 :

351 1126 530 1195 justus
553 1134 738 1199 autem
755 1127 909 1199 quasi
943 1126 1351 1199 fundamentum
1371 1129 1790 1199 sempiternum.

286 1198 437 1269 Sicut
465 1206 689 1269 acetum
709 1196 983 1261 dentibus,
1013 1208 1069 1253 et
1093 1198 1270 1253 fumus
1291 1200 1487 1269 oculis,

356 1268 437 1324 sic
463 1268 612 1338 piger
642 1267 724 1321 his
749 1268 839 1337 qui
872 1269 1138 1324 miserunt
1164 1285 1337 1339 eum“

288 1339 476 1396 Timor
500 1340 710 1395 Domini
732 1350 967 1409 apponet
982 1340 1099 1395 dies
1126 1360 1137 1393 :

359 1420 415 1466 et
442 1410 569 1465 anni
593 1408 883 1478 impiorum
903 1412 1315 1470 breviabuntur.

291 1483 636 1552 Exspectatiu
661 1482 927 1552 justorum
961 1482 1175 1538 laetitia:

362 1568 488 1623 spes
516 1563 695 1607 autem
725 1553 1016 1621 impiorum
1046 1556 1261 1624 peribit,

294 1623 579 1680 Fortitudo
602 1624 862 1695 simplicis
884 1626 968 1679 via
992 1626 1209 1682 Domini
1245 1623 1259 1683 ἐ

365 1706 422 1752 et
447 1711 614 1767 pavor
642 1696 746 1762 his,
777 1697 867 1767 qui
895 1707 1190 1766 operantur
1219 1699 1439 1755 malum.

293 1767 478 1823 Justus
516 1773 567 1821 in
595 1778 856 1822 mternum
890 1785 994 1822 non
1025 1772 1492 1827 commovebitur:

367 1840 518 1912 impii
544 1847 723 1894 autem
752 1854 858 1912 non
891 1840 1215 1897 habitabunt
1238 1856 1403 1912 super
1432 1852 1655 1900 terram.

296 1911 371 1967 Os
396 1911 523 1981 justi
555 1911 820 1981 parturiet
850 1911 1167 1981 sapientiam
1196 1933 1208 1970 :

370 1983 550 2054 lingua
576 1997 862 2054 pravorum
886 1983 1105 2052 peribit.

300 2052 469 2109 Labia
488 2052 616 2121 justi
641 2054 985 2108 considerant
1013 2055 1209 2124 placita
1239 2074 1254 2114 :

372 2134 428 2180 et
452 2140 511 2179 ος
540 2124 825 2192 impiorum
861 2140 1134 2193 perversa.
1559 2186 1567 2192 _

304 2196 456 2274 [ϐαρ.
474 2194 813 2274 Xl.iStatera
830 2195 1381 2274 dolosa,abomin_atio
1402 2200 1543 2272 apud
1562 2199 1878 2257 Dominum:

375 2267 662 2340 etpondus
692 2282 929 2340 tequum,
956 2269 1205 2325 voluntas
1231 2271 1368 2340 ejus.

306 2340 407 2397 Ubi
431 2339 592 2393 fuerit
620 2339 895 2408 superbia,
921 2340 991 2399 ibi
1019 2344 1125 2399 erit
1153 2351 1211 2398 et
1230 2339 1581 2400 centumelia.

348 2411 677 2485 fubiﬂautem
701 2409 994 2485 humilitas,
1010 2412 1095 2485 ibi
1119 2422 1175 2469 et
1202 2416 1484 2485 sapientia.

306 2482 635 2552 Simplicitas
658 2482 927 2552 justorum
965 2483 1163 2554 diriget
1182 2482 1282 2541 eos;
1308 2506 1322 2541 ;

377 2563 434 2609 et
462 2554 825 2622 supplautatio
854 2569 1232 2622 perversurum
1260 2559 1495 2616 vastabit
1522 2558 1666 2616 illos.

309 2626 425 2683 Non
454 2625 747 2695 proderunt
769 2625 971 2680 divitia:
998 2626 1050 2680 in
1082 2628 1168 2683 die
1198 2628 1419 2686 ultionis
1444 2649 1460 2688 :

379 2696 590 2768 justitia
618 2704 799 2751 autem
836 2696 1090 2768 liberabit
1116 2714 1145 2754 a
1172 2709 1375 2757 morte.

312 2767 526 2841 Justitia
548 2768 813 2841 simplicis
846 2767 1044 2839 diriget
1064 2770 1204 2826 viam
1232 2771 1351 2841 ejus
1385 2789 1399 2827 :

383 2840 517 2913 etin
547 2840 822 2908 impietate
850 2855 946 2913 sua
976 2852 1193 2913 corruet
1220 2840 1437 2913 impius.

313 2912 524 2968 Justitia
557 2922 827 2965 rectorum
852 2912 1097 2968 liberabit
1122 2929 1219 2970 eos
1236 2933 1258 2972 λ

387 2990 443 3038 et
470 2983 523 3037 in
549 2981 766 3058 insidiis
789 2983 1212 3058 s_uis_capientur
1243 2986 1434 3058 iniqui.

316 3054 524 3109 Mortuo
552 3054 768 3130 homine
798 3054 1164 3130 iinpio,_nulla
1192 3057 1296 3113 erit
1317 3054 1459 3113 ultra
1488 3071 1615 3130 spes
1645 3076 1658 3114 :

389 3135 444 3181 et
470 3126 803 3197 exspectatio
834 3125 1190 3183 sollicitorum
1220 3130 1433 3197 peribit.

317 3197 501 3253 Justus
520 3195 588 3251 de
610 3197 852 3265 angustia
886 3196 1145 3253 liberatus
1176 3195 1259 3257 est
1283 3219 1297 3255 :

389 3276 446 3325 et
466 3268 707 3323 tradetur
736 3268 929 3337 impius
957 3285 1054 3337 pro
1079 3285 1165 3326 eo.
1284 3316 1285 3319 η

319 3340 615 3397 Simulator
639 3353 735 3393 ore
758 3338 956 3408 decipit
978 3340 1210 3397 amicum
1229 3359 1386 3400 suum
1413 3363 1426 3399 :

386 3412 518 3481 justi
543 3419 722 3464 autem
750 3411 1122 3467 liberabuntur
1150 3415 1394 3471 scientia.

321 3484 378 3539 In
404 3483 558 3540 bonis
577 3484 844 3551 justorum
871 3484 1159 3539 exsultabit
1181 3486 1367 3542 civitas
1391 3504 1406 3540 :

392 3563 449 3612 et
471 3556 524 3609 in
557 3553 859 3623 perditione
889 3554 1174 3622 impiorum
1197 3558 1309 3613 erit
1333 3558 1588 3613 laudatio.

322 3625 703 3683 Benedictione
724 3624 991 3693 justorum
1025 3628 1345 3683 exaltabitur
1368 3630 1556 3685 civitas
1587 3647 1598 3682 :
1634 3658 1635 3663 η

392 3710 447 3754 et
466 3711 562 3752 ore
593 3697 881 3765 impiorum
910 3698 1274 3755 subvertetur.
1368 3724 1391 3747 ›,

321 3770 424 3836 Qui
446 3767 673 3838 despicit
701 3768 932 3842 amicum
960 3784 1137 3842 suum,
1171 3770 1421 3842 indigens
1449 3770 1614 3827 corde
1642 3778 1727 3827 est
1751 3787 1765 3825 :

391 3843 475 3897 vir
495 3849 675 3894 autem
701 3840 935 3908 prudens
965 3840 1180 3896 tacebit.

322 3914 425 3984 Qui
455 3912 693 3968 ambulat
719 3910 1109 3984 fraudulenter,
1134 3914 1342 3970 revelat
1369 3928 1568 3969 arcana
1599 3930 1610 3966 :

393 3984 684 4054 Quiautem
705 3982 874 4037 lidelis
887 3992 969 4038 est
984 3984 1173 4049 animi,
1189 3985 1495 4041 celatainici
1512 3982 1861 4041 commissum
1882 3999 1896 4039 :

324 4057 427 4115 Ubi
461 4071 565 4112 non
591 4062 673 4109 est
691 4054 1041 4126 gubernator,
1077 4058 1305 4126 populus
1330 4067 1587 4113 corruet:

393 4128 541 4186 salus
561 4134 738 4181 autem
772 4126 860 4179 ubi
893 4125 1058 4180 multa
1080 4130 1330 4183 consilia.

324 4201 608 4271 Aflligetur
634 4198 794 4265 malo,
820 4196 923 4271 qui
942 4198 1098 4257 Iidem
1131 4197 1258 4256 facit
1290 4215 1386 4271 pro
1407 4208 1665 4256 extraneo
1695 4217 1709 4254 :

396 4270 490 4344 qui
520 4280 697 4325 autem
725 4279 881 4344 cavet
913 4270 1156 4344 laqueos,
1187 4270 1411 4328 securus
1438 4273 1560 4344 erit.

324 4341 514 4401 Mulier
538 4343 784 4415 gratiosa
806 4342 1230 4415 “invenietjAl.
1261 4341 1746 4415 habebitjgloriam
1777 4359 1792 4401 :

397 4424 453 4471 et
473 4415 678 4469 robusti
702 4413 976 4469 habebunt
1003 4413 1237 4470 divitias.

326 4484 604 4543 Benefaeit
633 4484 826 4539 animae
847 4500 957 4540 sure
982 4486 1062 4541 vir
1092 4486 1407 4543 misericors
1431 4505 1445 4543 :

400 4556 491 4625 qui
512 4564 687 4628 autem
720 4555 957 4628 crudelis
987 4566 1089 4628 est,
1115 4565 1171 4611 et
1201 4560 1531 4628 propinquos
1557 4557 1764 4628 abjicit.

328 4623 533 4698 Impius
555 4623 684 4698 facit
702 4639 835 4691 opus
858 4625 1105 4698 instabile
1128 4642 1147 4683 :

400 4695 688 4755 seminanti
710 4706 889 4751 autem
914 4695 1175 4765 justitiam
1201 4712 1409 4754 merces
1439 4698 1636 4755 ﬁdelis.

327 4768 626 4828 Clementia
652 4778 923 4837 prmparat
947 4766 1112 4822 vitam
1148 4786 1159 4821 :

401 4851 457 4898 et
483 4842 711 4897 sectatio
750 4840 1018 4896 malorum
1051 4849 1305 4895 mortem.

328 4912 709 4972 Abominabile
740 4912 968 4969 Domino
994 4926 1216 4981 pravum
1246 4926 1344 4968 cor
1373 4930 1385 4966 :

400 4986 720 5042 etvoluntas
748 4985 864 5054 ejus
906 4985 957 5038 in
992 4985 1085 5049 iis,
1127 4982 1219 5053 qui
1262 4983 1580 5053 simpliciter
1618 4981 1913 5040 ambulant.

330 5060 515 5114 Manus
546 5057 597 5113 in
632 5072 794 5113 manu
824 5071 930 5110 non
960 5055 1065 5110 erit
1094 5056 1354 5110 innocens
1382 5055 1578 5113 malus.

408 5143 597 5187 semen
629 5142 809 5184 autem
837 5124 1109 5196 justorum
1135 5125 1454 5183 salvabitur.

327 5202 578 5260 Circulus
604 5214 799 5254 aureus
832 5202 883 5253 in
916 5199 1132 5254 naribus
1163 5197 1273 5256 suis
1306 5216 1320 5254 :

401 5274 594 5331 mulier
622 5271 847 5344 pulchra
878 5269 1117 5328 etfatua.

402 5454 428 5484 ει
460 5441 567 5499 Pro
594 5438 830 5504 inveniet,
853 5437 1055 5508 aliquot
1076 5450 1206 5492 mss.
1234 5434 1453 5497 Codices
1475 5434 1676 5506 legunt,
1705 5432 1930 5508 habebit.

328 5516 518 5573 Canon
545 5509 900 5569 Melntniauus
930 5506 1216 5577 utramque
1260 5508 1462 5563 retinet
1510 5508 1814 5565 variantem
1856 5506 1934 5561 le-

330 5589 567 5671 ctionem
609 5586 662 5639 in
718 5590 1007 5649 contextu,
1040 5579 1277 5649 habebit,
1306 5589 1362 5636 et
1408 5581 1460 5635 in
1506 5579 1751 5649 margine
1787 5578 1928 5633 inve-

330 5656 795 5799 ωεθίξίἳῃὲειιω
838 5720 1168 5799 editionibus
1195 5723 1577 5799 additumest;
1613 5721 1719 5790 Qui
1757 5721 1927 5777 suavis

340 5810 415 5859 est
441 5801 493 5858 in
525 5802 626 5857 vini
659 5793 1101 5855 Hemorationibus
1132 5793 1298 5869 (male
1319 5796 1539 5872 quidam
1565 5795 1776 5870 legunt,
1809 5810 1925 5850 ma-

1500 222 1706 281 LIBER
1746 222 2309 282 PROVERBIORUM.

1890 344 1941 405 Α
1973 341 2302 396 Desiderium
2328 337 2596 409 justorum
2629 352 2794 395 omne
2818 337 3017 396 bonum
3045 348 3129 398 est
3160 357 3173 395 :

3424 230 3562 293 1254

2039 413 2370 479 βιιωειοιθιὶο
2391 409 2678 481 impiorum
2708 409 2878 465 furor.

1964 484 2072 539 Alii
2103 483 2350 538 dividunt
2379 482 2619 552 propria.
2652 482 2955 539 etditiores
2990 484 3124 540 fiunt
3155 501 3169 539 :

2037 555 2128 628 alii
2160 555 2375 628 rapiunt
2403 568 2642 628 non_sua
2673 594 2696 628 ,Α
2724 563 2779 609 et
2801 569 3020 628 semper
3045 556 3098 609 in
3139 564 3381 628 egestate
3410 566 3555 617 sunt.

1966 627 2182 689 Anima,
2211 641 2333 695 qua:
2362 623 2651 696 benedicit,
2686 623 3107 696 impinguabitur
3133 645 3143 680 :

2040 707 2095 753 et
2122 697 2212 766 qui
2232 694 2495 760 inebriat,
2528 694 2642 764 ipse
2670 694 2885 766 queque
2910 698 3282 755 inebriabitur.

1967 769 2069 838 Qui
2102 767 2382 841 abscondit
2409 766 2700 834 frumenta,
2732 768 3086 825 maledicetnr
3112 768 3166 826 in
3198 772 3412 841 populis
3445 788 3461 830 :

2042 839 2344 895 benedicuo
2368 848 2545 892 autem
2571 853 2731 905 super
2755 849 2922 909 caput
2950 839 3319 898 vendentium.

1970 913 2116 969 Bene
2142 910 2416 979 consurgit
2448 910 2684 965 diluculo
2715 912 2803 978 qui
2834 914 3024 981 (ιιιωνίε.
3056 914 3194 968 bona
3228 932 3241 968 :

2042 982 2133 1054 qui
2148 994 2340 1107 lautem
2387 982 2736 1052 investigator
2778 983 3044 1039 malorum
3078 997 3184 1053 est,
3219 987 3557 1058 Opprimetur

2112 1069 2140 1106 a
2210 1067 2309 1106 eis.

2112 1067 2181 1106 3D
2210 1067 2309 1106 HIS.

1972 1126 2074 1195 Qui
2096 1124 2319 1181 conlidit
2344 1124 2395 1178 in
2426 1122 2650 1195 divitiis,
2679 1134 2918 1195 corruet.

2034 1197 2164 1266 justi
2190 1206 2369 1249 autem
2394 1194 2548 1262 quasi
2570 1195 2751 1249 virens
2773 1194 2956 1250 lolium
2987 1197 3393 1265 germinabunt.

1977 1270 2079 1336 Qui
2101 1266 2385 1323 conturbat
2404 1266 2622 1322 domum
2646 1282 2819 1333 suam,
2840 1270 3138 1337 possidebit
3161 1280 3353 1327 ventos

2047 1340 2211 1409 etqui
2241 1339 2437 1394 stultus
2464 1347 2570 1405 est,
2601 1338 2802 1410 serviet
2831 1341 3086 1410 sapienti.

1976 1408 2207 1469 Fructus
2228 1410 2358 1481 justi
2391 1410 2589 1479 lignum
2620 1408 2745 1464 vitte
2769 1426 2785 1464 :

2057 1495 2110 1538 et
2139 1483 2230 1552 qui
2256 1482 2479 1550 suscipit
2499 1481 2717 1535 'animas
2746 1481 2965 1552 sapiens
2992 1490 3098 1538 est.

1981 1555 2037 1613 Si
2059 1554 2238 1625 justus
2266 1555 2319 1607 in
2356 1563 2494 1625 terra
2520 1552 2711 1622 recipit
2745 1571 2757 1605 :

2057 1624 2258 1695 quanto
2276 1624 2446 1693 magis
2478 1624 2674 1695 impius
2703 1633 2757 1679 et
2784 1624 3075 1694 peccator?

1906 1739 1954 1798 Β
1980 1694 2140 1779 [σαμε
2166 1695 2304 1798 Xli.]
2325 1694 2625 1798 Quildiligit
2648 1694 3017 1798 disciplinain,
3036 1697 3209 1779 diligit
3227 1697 3514 1757 scientiam
3542 1718 3553 1755 :

2054 1769 2145 1837 qui
2176 1776 2355 1821 autem
2388 1766 2501 1839 odit
2531 1766 2951 1835 increpationes,
2988 1766 3247 1838 insipiens
3278 1781 3385 1839 est,

1982 1840 2083 1908 Qui
2110 1839 2281 1892 bonus
2310 1846 2413 1901 est,
2448 1838 2657 1893 hauriet
2678 1852 2707 1890 a
2740 1839 2966 1891 Domino
2995 1842 3222 1907 gratiam
3254 1860 3266 1896 :

2054 1912 2143 1981 qui
2168 1917 2346 1987 autem
2368 1908 2588 1987 conlidit
2603 1911 2653 1961 in
2670 1910 3081 1987 cogitationibus
3100 1912 3236 1981 suis,
3253 1913 3416 1985 impie
3429 1914 3557 1987 agit.

1982 1978 2101 2037 Non
2134 1980 2477 2034 roborabitur
2505 1978 2666 2033 homo
2686 1995 2752 2033 ex
2778 1980 3054 2048 impietate
3078 1999 3092 2036 :

2056 2062 2111 2108 et
2140 2051 2291 2105 radix
2314 2048 2585 2119 justorum
2619 2066 2725 2104 non
2756 2053 3207 2109 commovebitur.

1986 2124 2176 2180 Mulier
2201 2122 2452 2190 diligens,
2482 2135 2682 2176 corona
2708 2129 2793 2176 est
2824 2123 2939 2177 viro
2961 2138 3061 2179 suo
3089 2142 3102 2179 :

2056 2205 2112 2250 et
2136 2194 2361 2265 putredo
2389 2194 2443 2247 in
2471 2194 2682 2249 ossibus
2709 2194 2848 2264 ejus,
2874 2210 2996 2264 qua:
3016 2195 3337 2255 confusione
3367 2211 3453 2257 res
3472 2198 3556 2263 dio

2134 2280 2267 2337 gnas
2296 2265 2469 2337 gerit:

1988 2333 2656 2407 Gegimtionesjustorum
2684 2333 2885 2407 judicia
2919 2352 2932 2389 :

2061 2406 2114 2465 et
2134 2408 2363 2463 consilia
2385 2407 2672 2475 impiorum
2704 2406 3066 2463 fraudulenta.

1991 2481 2168 2538 Verba
2191 2480 2495 2551 impiorum
2514 2478 2842 2551 insidiantur
2867 2480 3114 2551 sanguini
3142 2496 3156 2533 :

2064 2568 2128 2608 os
2150 2548 2418 2623 justorum
2446 2548 2698 2603 liberabit
2721 2564 2838 2605 eos.

1992 2622 2159 2681 Verte
2192 2622 2405 2692 impios,
2434 2631 2489 2675 et
2514 2635 2621 2675 non
2654 2630 2853 2675 erunt:

2064 2697 2256 2752 domus
2272 2691 2458 2748 autem
2479 2691 2747 2761 justorum
2778 2694 3144 2761 permanebit.

1996 2767 2248 2823 Doctrina
2271 2779 2367 2820 sua
2396 2773 2651 2818 noscetur
2671 2763 2756 2817 vir
2781 2779 2795 2816 :

2065 2841 2155 2913 qui
2179 2848 2359 2892 autem
2376 2849 2547 2890 vanus
2562 2844 2823 2913 etexcors
2847 2844 2951 2903 est,
2979 2837 3180 2913 patebit
3204 2842 3557 2913 contemptui.

1995 2904 2188 2967 Melior
2217 2919 2299 2964 est
2332 2921 2535 2977 pauper
2563 2914 2617 2961 et
2640 2904 2920 2962 sufﬁciens
2950 2904 3076 2977 sibi,

2066 2997 2227 3053 quam
2250 2981 2518 3053 gloriosus
2540 2986 2595 3033 et
2620 2978 2867 3053 indigens
2892 2993 3050 3048 pane.

1995 3049 2347 3123 Niivitjustus
2375 3052 2612 3123 animam
2634 3049 3004 3118 jumentorum
3036 3067 3257 3123 suorum
3293 3072 3308 3111 :

2068 3121 2276 3180 viscera
2310 3131 2491 3178 autem
2521 3121 2808 3190 impiorum
2836 3122 3100 3178 crudelia.

1997 3198 2096 3266 Qui
2129 3203 2385 3265 operatur
2416 3203 2613 3247 terram
2646 3208 2822 3266 suam,
2852 3194 3135 3249 satiabitur
3158 3198 3387 3265 panibus
3420 3216 3434 3255 :

2069 3264 2367 3339 qtti’autem
2400 3274 2640 3339 sectatur
2665 3264 2856 3339 otium,
2883 3264 3235 3323 stultissimus
3266 3280 3350 3325 est
3379 3270 3431 3323 ι’.

2007 3355 2062 3396 σι
2085 3336 2429 3394 ὐοεὶάρινίιιηι
2458 3336 2608 3411 impii
2640 3338 3030 3411 munimentum
3054 3349 3136 3394 est
3170 3342 3530 3411 pessimorum
3565 3361 3579 3400 :

2074 3411 2225 3465 radix
2248 3418 2424 3462 autem
2452 3406 2721 3477 justorum
2757 3408 3023 3475 proficiet.

2000 3483 2225 3549 Pr0pter
2256 3476 2469 3547 peccata
2501 3479 2765 3531 labiorum
2799 3478 2956 3532 ruina
2988 3481 3253 3549 proximat
3280 3476 3421 3541 male
3448 3505 3461 3540 :

2069 3548 2289 3622 eifugiet
2309 3559 2489 3622 autem
2512 3548 2698 3618 justus
2719 3549 2789 3622 de
2810 3548 3079 3618 angustia.

2000 3625 2077 3679 De
2101 3621 2276 3678 fructu
2306 3621 2415 3678 oris
2438 3622 2516 3674 sui
2546 3621 2914 3691 unusquisque
2944 3624 3240 3691 replebitur
3267 3625 3444 3693 bonis,

2072 3706 2127 3751 ct
2149 3696 2299 3765 juxta
2323 3706 2488 3765 operai
2516 3706 2768 3765 manuum
2799 3707 3019 3765 suarum
3053 3696 3384 3754 retribuetur
3411 3698 3481 3755 ei.

2004 3766 2099 3823 Via
2127 3762 2276 3822 stulti
2305 3774 2447 3819 recta
2480 3764 2534 3817 in
2564 3762 2737 3818 oculis
2765 3762 2879 3833 ejus
2903 3781 2917 3817 :

2072 3839 2161 3910 qui
2186 3846 2365 3919 autem
2388 3835 2605 3919 sapiens
2633 3844 2742 3919 est,
2772 3834 2923 3889 audit
2947 3837 3190 3894 consilia.

2001 3904 2203 3967 Fatuus
2233 3909 2416 3963 statim
2448 3904 2650 3961 indicat
2689 3908 2822 3961 iram
2855 3920 3007 3962 suam
3042 3926 3057 3963 :

2074 3984 2161 4048 qui
2185 3992 2365 4035 autem
2394 3977 2699 4033 dissimulat
2728 3977 3000 4047 iujuriam,
3031 3979 3257 4035 callidus
3287 3992 3372 4039 est
3401 4000 3413 4038 :

2003 4053 2105 4122 Qui
2137 4052 2279 4123 quod
2306 4050 2459 4106 novit
2490 4050 2755 4123 loquitur,
2788 4050 2998 4123 cinch
3024 4050 3254 4123 justitire
3279 4065 3361 4109 est
3389 4074 3404 4110 :

2075 4121 2169 4195 qui
2194 4132 2372 4179 autem
2393 4122 2669 4195 mentitur.
2700 4121 2853 4176 testis
2882 4122 3385 4195 estlraudulentus.

2007 4192 2109 4253 Est
2151 4198 2239 4276 qui
2291 4193 2596 4278 promittit,
2647 4201 2703 4247 et
2745 4192 2898 4262 quasi
2937 4192 3117 4263 gladio
3155 4198 3406 4268 pungitur
3453 4213 3579 4255 con-

2149 4277 2389 4321 εριθιιιιίθ
2417 4282 2430 4321 2

2080 4340 2263 4409 lingua
2296 4344 2474 4392 autem
2506 4335 3070 4409 sapientium_sa_nitas
3092 4346 3195 4390 est.

2012 4406 2239 4467 Labitim
2270 4409 2511 4463 veritatis
2543 4409 2753 4460 tirmnm
2784 4406 2890 4460 erit
2921 4407 2972 4459 in
2999 4416 3316 4478 perpetuum
3344 4426 3357 4463 :

2083 4484 2175 4553 qui
2229 4490 2408 4535 autem
2463 4480 2614 4532 testis
2651 4485 2735 4534 est
2783 4478 3129 4547 repentinus,
3176 4482 3462 4539 concinnat
3488 4483 3589 4542 lin-

1936 4534 1992 4596 Ῐ)
2159 4568 2317 4602 quam
2348 4549 2633 4602 mendacii.

2159 4568 2317 4623 gnam
2348 4562 2633 4623 mendacii.

1998 4617 2187 4689 ,Dolus
2213 4626 2267 4677 in
2297 4620 2459 4674 corde
2483 4617 2832 4689 cogitantium
2867 4620 3027 4690 mala,

2090 4696 2195 4820 quil
2205 4700 2387 4775 autem
2410 4693 2597 4747 ineunt
2616 4691 2764 4763 pacis
2787 4692 3033 4780 consilia,
3063 4694 3306 4766 sequitur
3330 4714 3424 4755 eos
3454 4715 3588 4774 gau-

2204 4780 2336 4819 tum.

2204 4771 2309 4819 ium
2323 4802 2336 4817 .
2878 4771 2885 4780 '

2021 4837 2138 4895 Non
2169 4833 2515 4891 contristabit
2531 4833 2735 4904 justum
2768 4834 3025 4906 quidquid
3052 4836 3100 4893 ei
3129 4841 3389 4898 acciderit
3415 4861 3428 4897 τ

2098 4908 2249 4979 impii
2278 4917 2456 4979 autem
2481 4906 2833 4977 replebuntur
2853 4908 3020 4963 malo.

2024 4978 2374 5037 Abominatio
2409 4978 2639 5032 Domino
2668 4978 2806 5033 labia
2836 4979 3111 5036 mendacia
3138 5001 3151 5037 :

2098 5053 2191 5124 qui
2220 5060 2399 5106 autem
2422 5048 2653 5124 fideliter
2673 5058 2874 5124 agunt,_
2898 5050 3113 5119 placent
3143 5056 3215 5113 ei.

2026 5120 2200 5183 Homo
2229 5130 2479 5178 versutus
2510 5121 2651 5177 celat
2684 5120 2966 5177 seientiam
3002 5139 3017 5177 :

2098 5205 2152 5251 et
2182 5210 2275 5249 cor
2304 5192 2673 5263 insipientium
2707 5204 2963 5260 provocat
2992 5195 3299 5254 stultitiam.

2027 5265 2216 5324 Manus
2242 5266 2463 5322 fortium
2486 5265 2850 5327 dominabitur
2876 5280 2893 5319 ι

1917 3135 1967 3202 C

3553 3825 3583 3841 ⁸

2044 5428 2413 5500 derationibus)
2452 5428 2505 5484 in
2533 5429 2642 5485 suis
2672 5428 3046 5485 munitionibus
3074 5430 3320 5501 relinquit
3352 5444 3613 5493 contume-

2042 5504 2186 5578 (iant.
2229 5502 2360 5570 Quae
2406 5501 2569 5578 verba
2615 5516 2681 5556 ex
2719 5501 2921 5578 Graecis
2965 5504 3361 5578 exemplaribus
3400 5510 3602 5578 petita,

2042 5575 2327 5659 ilebrteus,
2358 5587 2422 5629 ac
2453 5572 2887 5644 Hieronymianzc
2916 5572 3429 5634 vcrsionis'codices
3454 5572 3614 5650 plane

2040 5655 2397 5797 “10333391
2424 5714 2551 5797 editi
2580 5712 2733 5797 l_ibri_,
2765 5688 3048 5789 Latinique
3082 5718 3411 5792 interpretes
3448 5724 3616 5797 judea

2036 5806 2135 5867 pro
2164 5790 2321 5848 index
2347 5790 2555 5861 legunt,
2584 5785 2729 5848 haud
2755 5798 2932 5848 recte.
