4124 6360
343 321 482 378 1257

339 434 395 490 iu
419 432 584 489 corde
612 424 896 502 prudentis
919 430 1215 503 requiescit
1238 430 1505 503 sapientia
1522 473 1539 501 ,

416 515 474 561 et
502 503 752 560 indoctos
781 519 1027 576 quosque
1056 502 1291 560 erudiet.

343 575 564 633 Justitia
591 578 770 631 elevat
790 575 1044 647 gentem:

421 648 649 703 miseros
678 646 809 703 facit
834 647 1066 718 populos
1087 654 1395 716 peccatum.

344 720 620 788 Acceptus
639 728 723 774 est
753 723 862 787 regi
893 719 1140 773 minister
1170 718 1479 788 intelligens
1510 735 1523 773 :

417 789 748 846 iracundiam
781 791 899 860 ejus
918 788 1129 845 inutilis
1147 790 1457 846 sustinebit.

348 861 503 936 [Cap.
541 860 684 936 χω
710 862 1014 936 ReSponsio
1043 860 1223 936 mollis
1248 862 1446 932 frangit
1474 862 1609 917 iram
1640 879 1653 915 :

416 948 598 989 sermo
619 934 788 988 durus
816 932 1044 988 Suscitat
1068 932 1329 987 furorem.

345 1005 551 1074 Lingua
578 1004 902 1074 sapientium
927 1012 1086 1059 ornat
1111 1003 1402 1060 scientiam
1437 1022 1449 1057 :

422 1092 484 1131 os
511 1077 784 1131 fatuorum
815 1075 1005 1131 ebullit
1031 1075 1335 1130 stultitiam.

344 1148 562 1203 lnomni
589 1148 707 1202 loco
738 1147 879 1203 oculi
912 1146 1124 1201 Domini

418 1218 859 1288 contemplantur
888 1218 1063 1273 malos
1087 1228 1141 1272 et
1170 1217 1367 1273 bonos.

349 1291 556 1359 Lingua
588 1288 895 1358 placabilis,
932 1289 1133 1359 lignum
1163 1288 1290 1344 vita:
1316 1304 1331 1344 :

416 1376 538 1432 quce
560 1372 740 1417 autem
773 1362 1130 1432 immoderata
1155 1371 1262 1425 est,
1286 1367 1533 1432 conteret
1559 1361 1836 1432 spiritum.

345 1431 552 1489 Stultus
584 1431 775 1488 irridet
797 1431 1138 1501 disciplinam
1164 1431 1333 1499 patris
1361 1431 1445 1487 sui
1478 1450 1493 1489 :

417 1504 509 1573 qui
538 1512 718 1559 autem
744 1502 978 1560 custodit
1011 1502 1411 1572 increpationes
1432 1546 1447 1571 ,
1478 1505 1710 1561 astutior
1736 1506 1829 1562 ﬁet
1856 1512 1904 1561 ⁸.

348 1575 551 1631 Domus
574 1575 711 1643 justi
739 1575 968 1643 plurima
994 1574 1278 1637 fortitudo,

420 1655 474 1701 et
502 1646 554 1700 in
579 1647 848 1702 fructibus
872 1645 1023 1716 impii
1046 1646 1415 1702 conturbatio.

348 1716 511 1775 Labia
536 1720 861 1787 sapientium
892 1716 1323 1773 disseminabunt
1344 1717 1632 1774 scientiam
1660 1736 1676 1775 :

421 1804 523 1843 cor
544 1789 834 1845 stultorum
862 1789 1127 1844 dissimile
1149 1789 1275 1843 erit.

352 1860 599 1916 Victima:
628 1862 918 1931 impiorum
950 1858 1342 1915 abominabiles
1364 1859 1595 1915 Domino
1619 1878 1633 1914 :

423 1942 549 1987 vota
580 1931 846 2002 iustorum
871 1931 1180 2001 placabilia.

356 1999 705 2060 Abominatio
733 2013 818 2060 est
845 1999 1077 2057 Domino
1099 2003 1182 2057 via
1214 1999 1365 2070 impii
1395 2020 1407 2054 :

427 2076 518 2146 qui
546 2076 791 2145 sequitur
815 2074 1100 2146 justitiam,
1136 2072 1376 2146 diligitur
1401 2072 1470 2129 ab
1499 2088 1588 2130 eo.

363 2143 785 2202 Doctrina—mala
814 2143 1087 2201 deserenti
1107 2147 1247 2200 viam
1268 2143 1292 2181 δ
1325 2162 1339 2198 :

424 2219 514 2289 qui
548 2217 949 2289 increpationes
975 2215 1117 2284 odit,
1150 2216 1432 2289 mqrietur.

354 2285 630 2356 lttfernus,
662 2285 718 2346 et
746 2289 975 2359 perditio
1003 2302 1186 2342 curam
1220 2285 1449 2342 Domino
1480 2304 1494 2341 :

426 2371 632 2431 quanto
657 2358 829 2432 magis
848 2359 1015 2416 corda
1038 2358 1271 2432 ﬁliorqu
1304 2359 1613 2432 hominum!

359 2430 476 2489 Non
502 2443 647 2487 amat
670 2430 929 2503 pestilens
955 2446 1101 2497 eum,
1135 2431 1227 2501 qui
1257 2442 1317 2486 se
1346 2430 1577 2502 corripit
1606 2448 1621 2488 :

430 2519 534 2560 nec
559 2504 624 2559 ad
656 2502 935 2575 sapientes
962 2502 1231 2575 graditur.

358 2573 465 2631 Cor
495 2573 738 2646 gaudens
764 2573 1252 2646 exhilaratfaciem
1287 2590 1301 2627 :

434 2647 487 2703 in
504 2644 757 2704 maerore
786 2645 953 2702 animi
977 2644 1229 2715 dejicitur
1255 2644 1499 2715 spiritus.

364 2716 474 2773 Cor
492 2719 756 2790 sapientis
781 2718 978 2790 quaerit
996 2716 1303 2790 doctrinam
1339 2734 1354 2771 :

434 2798 492 2846 et
515 2786 577 2846 οὲ
598 2786 886 2845 stultorum
914 2786 1156 2859 pascitur
1187 2788 1481 2859 imperitia.

362 2862 567 2918 Omnes
596 2861 713 2917 dies
741 2860 1021 2943 pauperis,
1049 2859 1175 2914 mali
1211 2876 1225 2913 :
1292 2929 1305 2942 .
1350 2932 1360 2941 _

435 2948 626 2989 secura
650 2948 803 2989 mens
825 2947 978 3003 quasn
1002 2946 1129 3003 juge
1150 2946 1483 3003 COIIVIVIllm.

368 3004 558 3061 Melius
587 3014 669 3059 est
698 3002 887 3075 parum
912 3018 1034 3059 cum
1068 3002 1262 3057 timore
1286 3002 1523 3075 Domini,

438 3092 599 3140 quam
630 3074 871 3133 theSauri
900 3076 1077 3143 magni
1107 3085 1161 3129 et
1191 3074 1551 3130 insatiabiles.

367 3146 559 3204 Melius
586 3156 673 3203 est
704 3157 727 3186 ο
753 3161 951 3204 vocare
981 3144 1093 3219 [Αι.
1122 3145 1331 3216 vocari]
1355 3145 1421 3199 ad
1444 3146 1594 3201 olera
1619 3159 1743 3202 cum
1774 3144 1954 3201 chari-

511 3226 643 3287 tate,

438 3305 600 3360 quam
624 3289 693 3346 ad
720 3291 947 3347 vitulum
969 3288 1273 3357 saginatum
1299 3304 1420 3346 cum
1443 3287 1589 3347 odio.

368 3362 466 3419 Vir
492 3362 783 3419 iracundus
804 3372 1064 3432 provocat
1095 3364 1241 3417 rixas
1275 3379 1289 3415 :

439 3434 533 3505 qui
562 3435 775 3503 patiens
801 3445 884 3490 est
904 3476 921 3502 ,
950 3434 1161 3504 mitigat
1189 3434 1499 3489 suscitatas.

371 3502 477 3562 lter
504 3502 778 3576 pigrorum
795 3506 949 3576 quasi
981 3502 1141 3576 sepes
1168 3506 1449 3574 spinarum
1482 3522 1495 3559 :

441 3575 523 3631 via
551 3575 827 3647 jusmrum
848 3577 1056 3647 absque
1077 3575 1427 3631 offendicula.

372 3646 792 3718 Filius'sapiens
817 3646 1058 3704 laetificat
1086 3658 1294 3718 patrem
1331 3666 1344 3702 :

443 3729 499 3774 et
526 3719 724 3775 stultus
760 3719 922 3774 homo
949 3719 1183 3789 despicit
1212 3727 1441 3775 matrem
1471 3734 1626 3775 suam
1663 3737 1677 3775 :

374 3790 614 3849 Stultitia
639 3791 892 3862 gaudium
916 3791 1083 3862 stulto
1116 3808 1131 3847 :

452 3872 508 3918 et
533 3864 612 3917 vir
637 3861 872 3932 prudens
894 3861 1076 3932 dirigit
1101 3876 1344 3933 gressus.

382 3933 724 4004 Dissipantur
746 3932 1125 4004 cogitationes,
1150 3932 1241 3988 ubi
1273 3950 1379 3990 non
1411 3942 1495 3990 est
1521 3935 1831 3991 consilium.

444 4005 535 4060 ubi
564 4019 697 4060 vero
723 4014 853 4060 sunt
881 4004 1064 4073 plures
1092 4005 1417 4070 consiliarii,
1443 4006 1862 4063 conﬁrmantur.

373 4075 613 4133 Laetatur
633 4076 796 4132 homo
822 4077 874 4131 in
895 4076 1164 4132 sententia
1192 4078 1303 4132 oris
1332 4078 1417 4131 sui
1447 4094 1463 4133 :

445 4159 501 4203 et
529 4162 710 4204 sermo
734 4159 1073 4219 opportunus
1098 4158 1181 4203 est
1206 4150 1465 4219 Optimus.

374 4218 579 4277 Semita
608 4222 737 4276 vita:
760 4235 923 4291 super
950 4219 1218 4275 eruditum
1238 4261 1251 4284 ,

449 4301 505 4345 ut
533 4291 768 4348 declinet
793 4294 860 4366 de
890 4291 1104 4366 inferno
1131 4292 1456 4366 novissimo.

378 4363 608 4417 Domum
629 4363 987 4434 superborum
1017 4363 1339 4420 demolietur
1370 4364 1634 4420 Dominus
1661 4383 1676 4421 :

449 4442 505 4487 et
527 4434 708 4489 lirmos
733 4437 892 4490 faciet
919 4436 1177 4490 terminos
1203 4436 1401 4492 viduae.

380 4505 723 4559 Abominatio
752 4506 962 4559 Domini
998 4507 1357 4574 cogitationes
1398 4509 1579 4574 malae,

454 4581 510 4627 et
550 4588 715 4642 purus
743 4588 923 4631 sermo
954 4577 1348 4643 pulcherrimus
1382 4577 1433 4631 ἀ.

383 4642 685 4699 Conturbat
713 4645 931 4700 domum
956 4642 1113 4700 suam
1142 4646 1232 4715 qui
1262 4658 1502 4704 sectatur
1528 4648 1813 4704 avaritiam
1849 4666 1864 4704 :

456 4716 744 4788 quiautem
766 4716 879 4773 odit
905 4731 1145 4783 munera,
1179 4717 1324 4773 vivet
1353 4728 1400 4774 θ.

461 4848 488 4877 τι
518 4837 785 4892 Nonnulla
817 4834 1057 4905 Vulgata:
1078 4833 1350 4889 versionis
1381 4834 1714 4905 exemplaria
1746 4833 1977 4901 addunt,

387 4914 455 4971 In
484 4910 773 4964 abundanti
795 4908 1005 4981 justitia
1046 4906 1211 4981 uirtus
1242 4907 1467 4960 maxima
1495 4916 1571 4961 est
1599 4907 1975 4981 :cogitationes

387 4992 561 5040 autem
606 4978 881 5052 impiorum
928 4978 1361 5052 eradicabttntur,
1404 4994 1524 5052 quae
1555 4978 1842 5052 aedemin
1870 4978 1974 5032 lle-

388 5060 560 5121 braeo,
589 5069 661 5109 ex
681 5048 864 5121 eoque
892 5049 1167 5118 expressis
1196 5048 1629 5120 Hieronymianis
1655 5048 1970 5117 codicibus”,

390 5128 485 5184 sed
515 5120 568 5179 et
596 5126 649 5180 in
691 5120 895 5180 Graecis
936 5122 1143 5191 aliquot
1180 5120 1513 5177 editionibus
1559 5121 1972 5187 desiderantur,

390 5214 493 5255 nec
518 5195 664 5251 aliud
696 5195 957 5250 videntur
984 5207 1105 5249 esse
1126 5234 1141 5253 ,
1187 5208 1349 5261 quam
1380 5192 1762 5263 subsequentis
1802 5194 1973 5248 versi-

389 5271 518 5335 culi,
547 5268 742 5322 Domus
772 5268 925 5341 justi,
955 5275 1084 5331 etc.,
1116 5264 1321 5333 duplex
1353 5263 1751 5334 interpretatio.

461 5362 491 5402 λ)
521 5361 651 5418 Plus
696 5359 856 5414 habet
884 5356 1109 5429 Vulgata
1138 5357 1275 5410 viam
1303 5358 1451 5423 vitaz,
1486 5355 1630 5429 quod
1672 5363 1849 5412 tamen
1889 5368 1988 5427 po-

393 5445 657 5493 stremum
684 5431 905 5487 verbum
940 5430 1197 5485 Hebraeus
1225 5442 1328 5485 non
1358 5429 1622 5499 agnoscit.

469 5517 493 5546 ο
536 5503 610 5561 lta
647 5504 829 5559 omnia
869 5516 999 5557 mss.
1042 5497 1414 5569 exemplariai
1460 5498 1590 5554 editi
1632 5506 1813 5555 autem
1858 5497 1981 5554 libri

398 5578 602 5634 habent
628 5590 816 5631 vocem
849 5572 1117 5643 passivam
1140 5572 1331 5625 vocari.
1366 5570 1547 5626 Mau'r.

468 5648 494 5688 ἀ
526 5640 867 5717 Subjuugunt
896 5643 1141 5717 Vulgata:
1171 5643 1386 5717 codices
1406 5658 1525 5717 una
1554 5641 1719 5717 serie,
1748 5640 1984 5717 ﬁrmabi-

401 5730 482 5776 tttr
508 5720 569 5774 ab
598 5713 676 5783 eo,
702 5713 823 5788 quae
848 5713 1044 5788 nedum
1070 5724 1253 5788 textus
1277 5714 1609 5788 originales,
1629 5713 1723 5770 sed
1750 5723 1805 5769 et
1834 5713 1991 5769 Grie-

398 5807 519 5857 cus,
572 5807 633 5846 ae
664 5785 904 5863 plerique
954 5787 1128 5843 Latini
1165 5785 1292 5841 libri
1327 5800 1450 5843 cum
1485 5785 1637 5852 editi,
1690 5796 1805 5844 tum
1853 5799 1985 5843 mss.

401 5865 671 5942 ignorant.

755 5952 1029 6021 Paraou.
1078 5948 1372 6015 XXVIII.

1593 317 1794 378 LIBER
1833 312 2397 379 PROVERBIORUM.

1968 445 2015 503 Α
2042 437 2333 513 Meusjusti
2351 436 2698 513 meditabitur
2713 430 3073 513 obedientiam
3092 430 3111 475 ἲ
3128 436 3236 513 [ΑΙ.
3253 439 3630 512 sapientiam]:

3496 322 3637 383 1238

2118 524 2181 564 os
2203 509 2494 579 impiorum
2523 510 2791 565 redundat
2823 509 3001 565 malis.

2044 579 2230 649 Longe
2258 590 2341 635 est
2370 580 2627 635 Dominus
2658 582 2726 635 ab
2760 582 2935 650 impiis
2969 598 2980 633 :

2116 662 2171 706 et
2193 652 2471 707 orationes
2494 651 2762 721 justorum
2786 652 3062 709 exaudiet.

2044 722 2159 778 Lux
2184 722 2463 777 oculorum
2492 723 2726 779 laetiﬁcat
2751 725 2987 779 animam
3020 741 3035 779 :

2116 793 2259 848 fama
2287 793 2424 848 bona
2454 793 2758 864 impinguat
2779 810 2927 851 ossa.

2044 865 2227 929 Auris,
2252 880 2372 935 qua:
2394 865 2547 919 audit
2570 866 2965 936 increpationes
2989 868 3136 931 vitm,

2118 937 2171 990 in
2204 937 2383 990 medio
2412 937 2741 1005 sapientium
2774 940 3222 995 commorabitur.

2042 1007 2145 1076 Qui
2172 1005 2358 1075 abjicit
2378 1006 2746 1077 disciplinam,
2779 1009 3011 1079 despicit
3038 1011 3273 1066 animum
3300 1026 3451 1067 suam
3480 1031 3494 1069 :

2116 1079 2205 1149 qui
2239 1088 2418 1204 atatem
2460 1080 2755 1148 acquiescit
2796 1080 3287 1150 increpationibus,
3329 1100 3513 1140 sessor
3553 1094 3639 1140 est

2186 1163 2283 1204 cor
2325 1166 2388 1204 IS.

2186 1163 2388 1206 COI’GIS.

2045 1219 2235 1277 Timor
2265 1220 2502 1288 Domini,
2531 1221 2819 1291 disciplina
2844 1222 3123 1290 sapientia:
3147 1241 3162 1280 :

2118 1301 2175 1347 et
2194 1291 2422 1362 gloriam
2450 1294 2707 1362 praecedit
2729 1293 3026 1349 humilitas.

2050 1362 2679 1439 [Cap._XVi.]‘Ho_minis
2711 1365 3059 1439 cstanimam
3091 1380 3398 1436 praeparare
3426 1388 3439 1425 :

2119 1444 2175 1490 et
2207 1435 2421 1491 Domini
2441 1436 2746 1506 gubernare
2772 1436 3032 1506 linguam.

2049 1507 2251 1579 Omnes
2278 1508 2380 1561 vite
2406 1508 2640 1579 hominis
2672 1516 2860 1578 patent
2885 1508 3060 1562 oculis
3085 1508 3240 1579 ejus:

2120 1577 2408 1646 Spirituum
2442 1577 2775 1647 ponderator
2803 1589 2885 1635 est
2914 1577 3194 1637 Dominus.

2049 1650 2248 1705 Revela
2280 1650 2512 1705 Domino
2539 1664 2702 1720 opera
2725 1658 2838 1716 tua,

2120 1730 2178 1793 et
2206 1720 2506 1792 dirigentur
2528 1721 2884 1793 cogitationes
2916 1730 3043 1778 tute.

1974 1834 2023 1895 Β
2050 1790 2333 1895 υηὶνετῖίί
2362 1803 2583 1864 propter
2604 1790 2979 1863 semetipsum
3034 1803 3289 1863 operatus
3336 1808 3420 1855 est
3466 1800 3650 1857 Domi-

2194 1878 2325 1930 nus;

2123 1934 2348 2003 impium
2379 1949 2594 2006 quoque
2624 1934 2691 2006 ad
2721 1934 2865 1990 diem
2894 1934 3118 1989 malum.

2055 2004 2407 2065 Abominatio
2437 2004 2650 2061 Domini
2676 2007 2856 2060 omnis
2886 2020 3146 2076 arrogans
3179 2024 3194 2063 :

2123 2077 2290 2134 etiam
2316 2078 2361 2132 si
2406 2092 2568 2134 manu
2602 2077 2671 2131 ad
2716 2090 2935 2131 manum
2986 2076 3180 2148 fuerit,
3220 2096 3328 2137 non
3371 2092 3455 2139 est
3497 2083 3653 2141 inno-

2197 2163 2328 2205 cens
2354 2159 2403 2203 8.
3403 2196 3413 2205 .

2053 2220 2426 2277 Misericordia
2453 2219 2762 2291 etveritate
2790 2220 3075 2275 redimitur
3106 2220 3361 2291 iniquitas
3395 2241 3410 2277 :

2128 2301 2184 2348 et
2208 2291 2261 2347 in
2293 2292 2491 2347 timore
2511 2290 2725 2345 Domini
2750 2291 3054 2346 declinatur
3080 2306 3109 2345 a
3134 2290 3297 2349 malo.

2054 2362 2188 2419 Cum
2218 2363 2522 2433 placuerint
2551 2361 2783 2433 Domino
2804 2363 2904 2416 viae
2932 2362 3186 2430 hominis,

2132 2434 2383 2489 inimicos
2404 2447 2618 2504 quoque
2647 2432 2765 2506 ejus
2786 2442 3072 2506 convertet
3100 2435 3166 2488 ad
3199 2450 3410 2506 pacem.

2056 2505 2246 2562 Melius
2271 2515 2358 2561 est
2378 2519 2565 2575 parum
2594 2519 2717 2558 cum
2735 2504 2968 2573 justitia,

2129 2592 2291 2648 quam
2323 2574 2709 2648 multitructus
2735 2590 2857 2648 cum
2883 2574 3195 2644 iniquitate.

2058 2645 2168 2706 Cor
2189 2649 2422 2704 hominis
2447 2645 2686 2717 disponit
2713 2647 2855 2701 viam
2887 2661 3038 2701 suam
3066 2664 3081 2703 :

2132 2720 2230 2776 sed
2257 2718 2466 2775 Domini
2486 2725 2571 2789 est
2597 2716 2831 2788 dirigere
2851 2732 3076 2788 gressus
3098 2718 3238 2789 ejus.

2059 2791 2335 2847 Divinatio
2367 2791 2419 2845 in
2444 2788 2602 2845 labiis
2623 2792 2765 2858 regis
2785 2831 2798 2853 ,

2132 2862 2186 2917 in
2212 2862 2421 2932 judicio
2452 2874 2559 2915 non
2586 2858 2791 2932 errabit
2817 2874 2879 2915 os
2906 2860 3047 2930 ejus.

2060 2930 2279 2989 Pondus
2304 2943 2359 2989 et
2382 2930 2795 3001 staterajudicia
2824 2932 3038 2986 Domini
3064 2941 3190 2987 sunt
3222 2952 3236 2987 :

2133 3014 2191 3060 et
2213 3020 2378 3073 opera
2398 3004 2529 3076 ejus
2555 3018 2745 3076 omnes
2776 3002 2983 3070 lapides
3011 3001 3038 3039 h
3068 3006 3271 3061 saeculi
3294 3047 3310 3076 _.

2061 3072 2474 3135 Abominabiles
2496 3075 2609 3145 regi
2644 3072 2731 3145 qui
2765 3083 2930 3144 agunt
2957 3076 3121 3144 impie
3153 3094 3167 3129 :

2134 3148 2389 3219 quoniam
2416 3145 2637 3219 justitia‘
2658 3145 2904 3219 ﬁrmatur
2930 3147 3149 3202 solium.

1985 3223 2034 3290 C
2064 3215 2327 3277 Voluntas
2356 3215 2539 3288 regum
2565 3216 2710 3290 labia
2732 3215 2877 3290 justa
2919 3234 2930 3269 :

2137 3292 2225 3362 qui
2254 3297 2403 3362 recta
2433 3288 2670 3362 loquitur
2688 3328 2703 3351 ,
2728 3288 3011 3362 diligetur.

2065 3359 2370 3433 Indignatio
2390 3360 2557 3430 regis,
2590 3359 2981 3433 nuntiimortis
3012 3376 3029 3413 :

2136 3429 2302 3489 et'vir
2331 3429 2551 3501 sapiens
2576 3429 2805 3499 placabit
2833 3445 2973 3501 eam.

2068 3507 2125 3564 lu
2151 3500 2425 3561 hilaritate
2454 3501 2636 3556 vultus
2666 3501 2841 3572 regis,
2869 3500 2976 3555 vita
3013 3519 3025 3555 :

2138 3587 2195 3633 et
2222 3575 2510 3631 clementia
2540 3574 2659 3642 ejus
2686 3574 2840 3643 quasi
2862 3572 3038 3628 imber
3063 3578 3354 3635 serotinus.

2072 3649 2297 3706 Posside
2325 3644 2681 3716 sapientiam,
2712 3645 2834 3713 quia
2854 3658 2986 3699 auro
3014 3648 3211 3703 melior
3241 3661 3325 3709 est
3360 3667 3374 3709 :

2139 3731 2196 3776 et
2243 3718 2460 3788 acquire
2503 3715 2840 3787 prudentiam
2867 3756 2883 3783 ,
2930 3718 3055 3787 quia
3116 3722 3404 3790 pretiosior
3440 3732 3525 3781 est
3576 3740 3668 3785 ar-

2248 3798 2396 3845 entt).

2320 3806 2396 3843 lt).

2068 3806 2571 3930 Semiﬁljustorum
2604 3857 2844 3915 declinat
2871 3862 3009 3916 mala
3047 3879 3062 3917 :

2141 3944 2329 3989 CliSlOS
2355 3934 2549 3986 anima:
2574 3946 2691 3985 sua:
2717 3941 2895 3985 servat
2926 3935 3063 3987 viam
3087 3947 3263 3990 suam.

2069 4004 2464 4062 Contritioncm
2499 4002 2761 4073 praecedit
2788 4004 3037 4071 superbia
3076 4022 3088 4057 :

2142 4085 2199 4133 et
2226 4086 2354 4131 ante
2378 4077 2589 4130 ruinam
2617 4074 2951 4128 exaltabitur
2980 4076 3222 4144 spiritus.

2070 4149 2261 4207 Melius
2289 4154 2375 4203 est
2407 4144 2680 4201 humiliari
2710 4161 2834 4200 cum
2858 4146 3078 4201 mitibus
3099 4189 3114 4212 ,

2143 4235 2303 4291 quam
2336 4218 2580 4291 dividere
2607 4216 2793 4291 spolia
2808 4230 2930 4291 cum
2961 4220 3232 4286 superbis.

2074 4287 2331 4350 Eruditus
2354 4293 2406 4344 in
2430 4289 2599 4344 verbo
2620 4288 2856 4357 reperiet
2877 4287 3018 4342 bona
3046 4306 3057 4341 :

2145 4371 2201 4418 et
2225 4363 2314 4434 qui
2338 4362 2391 4416 in
2418 4360 2644 4434 Domino
2679 4366 2894 4427 sperat,
2918 4359 3114 4434 beatus
3136 4367 3263 4416 est.‘

2074 4435 2175 4503 Qui
2202 4429 2416 4503 sapiens
2432 4430 2609 4503 corde
2637 4439 2743 4503 est,
2775 4429 3134 4503 appellabitur
3166 4432 3401 4500 prudens
3432 4454 3447 4490 :

2148 4517 2203 4561 et
2231 4499 2320 4575 qui
2352 4502 2528 4575 dulcis
2540 4499 2799 4575 eloquio,
2818 4500 3022 4575 majora
3054 4504 3340 4574 percipiet.

2079 4577 2223 4631 Fons
2250 4570 2375 4629 vitae
2400 4572 2633 4628 eruditio
2660 4570 2986 4640 possidentis
3008 4612 3023 4636 ,

2150 4647 2398 4702 doctrina
2421 4639 2709 4697 stultorum
2741 4639 2979 4697 fatuitas.

2080 4719 2189 4774 Cor
2209 4713 2471 4787 sapientis
2499 4713 2710 4769 erudiet
2736 4726 2798 4768 os
2824 4713 2940 4783 ejus
2971 4730 2986 4766 :

1998 4614 2054 4674 D

2158 4842 2182 4871 ο
2206 4832 2392 4887 Denuo
2421 4829 2572 4885 addit
2596 4828 2846 4911 Vulgata,
2879 4827 2985 4884 Per
3010 4831 3421 4911 misericordiam
3445 4850 3492 4895 et
3512 4842 3670 4911 ﬁdem

2077 4913 2368 4977 purgantur
2396 4912 2627 4977 peccata,
2655 4905 3003 4977 per_timqrem
3030 4912 3200 4977 autem
3243 4905 3457 4964 Domini
3504 4905 3667 4970 decli-

2081 4972 2363 5030 nat'omnis
2391 4990 2424 5026 a
2454 4973 2592 5049 malo
2619 4988 2639 5027 :
2669 4972 2763 5042 qui
2806 4972 3186 5049 subsequentis
3219 4978 3444 5049 capituli
3487 4998 3675 5043 sextus

2080 5056 2387 5174 fstbvlersus
2420 5063 2435 5101 :
2465 5045 2556 5100 hic
2584 5058 2713 5100 vero
2761 5043 2930 5100 semel
2969 5046 3111 5115 apud
3150 5043 3307 5104 solos'
3323 5050 3671 5127 Septuaginta

2102 5135 2150 5173 ta
2189 5134 2221 5174 e
2247 5134 2332 5173 ur.

2247 5135 2332 5173 ur.

2102 5135 2354 5245 layebiss.
2381 5186 2909 5244 San-Germanensis
2936 5202 3086 5243 num.
3117 5190 3205 5256 15,
3231 5193 3561 5252 meditabitur
3588 5217 3675 5255 sa-

2088 5284 2358 5363 pientiam.
2419 5280 2478 5363 in
2534 5280 2762 5363 Hebraeo
2821 5281 3085 5363 scriptum
3135 5293 3238 5363 est,
3296 5273 3459 5363 nuij
3498 5302 3671 5363 mnu

2083 5352 2474 5427 jegeilaanoth,
2503 5353 2849 5427 meditabitur:
2886 5354 2955 5427 ad
3006 5352 3441 5427 respondendum.
3494 5352 3678 5421 Ma'n'r'.

2165 5435 2190 5473 ις
2224 5425 2321 5480 llic
2368 5438 2584 5495 quoque
2626 5423 2786 5498 addit
2804 5423 3065 5495 Vulgatus
3094 5423 3408 5498 interpres,
3456 5430 3679 5491 Initium

2090 5497 2187 5578 vita
2216 5498 2360 5551 bona:
2405 5500 2572 5578 [acere
2619 5495 2876 5578 justitiam
2904 5508 3153 5578 :accepta
3204 5495 3493 5578 est__autem
3538 5509 3680 5578 apud

2090 5567 2259 5623 Deum
2288 5568 2467 5638 magis
2497 5582 2651 5638 quam
2680 5566 2953 5638 immutans
2992 5566 3237 5636 hostiam,
3285 5571 3516 5629 llebrteo
3556 5566 3679 5633 cum

2093 5637 2525 5763 plerisqueagiis
2562 5637 2716 5693 libris
2778 5637 3101 5708 refragante.
3147 5641 3270 5696 Vid.
3312 5658 3432 5714 cap.
3476 5662 3683 5717 prmcc-

2094 5727 2251 5763 lens.
2275 5725 2420 5763 vers.
2479 5748 2494 5763 .

2094 5713 2251 5772 dens,
2275 5725 2420 5765 vers.
2440 5713 2494 5764 7.

2168 5781 2202 5861 ﬁ
2227 5782 2479 5855 Plerique
2505 5788 2626 5856 post
2661 5778 2856 5838 Bedam
2890 5791 3141 5842 auctores
3174 5783 3351 5857 legunt
3380 5786 3694 5861 lapideam.

2097 5854 2223 5915 culi.

3242 5948 3323 6016 to
