4124 6360
369 338 501 399 126!

441 474 496 519 et
523 463 673 520 dives
704 464 952 521 eliabitur
977 464 1168 536 rigide.

369 534 466 590 Vir
488 546 514 573 ι
546 537 789 609 amabilis
820 538 935 609 [AL
970 534 1310 607 amit-abilis]
1336 535 1400 589 ad
1431 537 1770 607 societatem,

442 608 615 677 magis
640 608 843 662 amicus
865 611 987 676 erit,
1023 625 1185 678 quam
1229 608 1410 663 frater.

371 677 757 752 [Cap.,XlX.]
792 681 979 735 Melior
1004 677 1087 736 est
1118 695 1340 751 pauper,
1366 681 1454 749 qui
1478 680 1721 736 ambulat
1752 682 1802 736 in
1826 680 1956 737 sim-

518 751 752 819 plicitate
783 766 899 818 sua,

439 838 598 891 quam
631 821 658 860 δ
691 832 948 887 torquens
975 824 1112 878 labia
1142 839 1234 879 sua
1274 824 1556 894 insipiens.

369 892 468 947 Ubi
504 908 607 947 non
635 902 718 949 est
746 894 965 949 scientia
997 897 1211 965 animm,
1243 911 1349 950 non
1381 892 1467 949 est
1494 897 1731 953 bonum:

438 976 487 1019 et
519 967 609 1035 qui
635 966 857 1020 festinus
886 974 970 1021 est
1000 969 1223 1035 pedibus
1246 1010 1260 1033 ,
1295 966 1544 1021 offendet.

366 1033 606 1091 Stultitia
639 1035 873 1091 hominis
904 1033 1210 1109 supplantat
1251 1052 1467 1108 gressus
1499 1038 1617 1109 ejus
1644 1055 1657 1091 :

439 1118 490 1161 et
523 1118 708 1161 contra
745 1109 907 1163 Deum
943 1111 1106 1165 fervet
1134 1111 1314 1163 animo
1343 1124 1443 1164 suo
1474 1128 1486 1162 :

370 1177 583 1233 Divitim
606 1179 809 1234 addunt
858 1182 1062 1236 amicos
1088 1183 1348 1249 plurimos
1380 1198 1392 1234 :

435 1266 463 1301 a
497 1266 728 1325 paupere
757 1262 932 1306 autem
961 1264 1013 1325 et
1041 1252 1116 1325 hi,
1146 1268 1281 1323 quos
1307 1252 1512 1318 habttit,
1539 1262 1882 1325 separamur.

376 1318 554 1377 Testis
587 1318 747 1376 falsus
778 1339 881 1377 non
905 1324 1008 1378 erit
1038 1318 1335 1393 impunitus
1366 1342 1378 1376 :

432 1394 913 1467 et‘quifmendacia
956 1395 1218 1464 loquitur,
1251 1411 1355 1449 non
1388 1394 1629 1467 effugiet.

364 1461 515 1518 Multi
534 1461 728 1519 colunt
757 1461 1042 1535 personam
1075 1468 1335 1537 potentis,

435 1545 489 1589 et
519 1537 675 1591 amici
701 1548 827 1590 sunt
854 1538 996 1592 dona
1031 1538 1337 1593 tribuentis.

362 1604 581 1662 Fratres
613 1607 847 1662 hominis
880 1610 1130 1677 pauperis
1154 1610 1383 1665 oderunt
1418 1624 1540 1664 eum
1572 1628 1585 1664 :

436 1680 655 1748 insuper
678 1688 733 1735 et
760 1680 916 1735 amici
949 1682 1140 1751 procul
1168 1692 1506 1737 recesserunt
1540 1682 1722 1737 abeo.

359 1749 459 1817 Qui
494 1759 697 1823 tantum
730 1751 894 1806 verba
927 1749 1185 1823 sectatur,
1222 1752 1355 1808 nihil
1402 1752 1619 1807 habebit
1649 1771 1661 1806 :

431 1822 521 1892 qui
554 1832 732 1877 autem
763 1837 1047 1893 possessor
1095 1822 1179 1880 est
1225 1825 1442 1891 mentis,
1486 1824 1661 1895 diligit
1707 1824 1945 1879 animam

504 1908 652 1947 suam
678 1934 693 1957 ,

432 1972 487 2017 et
517 1974 703 2019 custos
742 1964 1046 2034 prudentia:
1076 1967 1311 2022 inveniet
1341 1967 1501 2021 bona.

358 2034 536 2091 Testis
564 2036 733 2090 falsus
760 2053 888 2108 Anon
930 2037 1037 2092 erit
1075 2037 1411 2108 impunitus:

428 2116 484 2161 et
507 2109 601 2176 qui
628 2106 865 2178 loquitur
886 2106 1189 2178 mendacia,
1215 2110 1447 2180 peribit.

356 2176 473 2233 Non
504 2176 711 2233 decent
725 2181 945 2235 stultum
978 2176 1206 2248 delicim,

430 2265 528 2305 nec
558 2265 776 2305 servum
800 2251 1064 2306 dominari
1094 2252 1448 2322 principibus.

357 2320 611 2376 Doctrina
654 2322 754 2376 viri
783 2338 881 2391 per
910 2320 1224 2393 patientiam
1258 2320 1497 2379 noscitur
1530 2339 1545 2377 :

427 2400 481 2447 et
502 2394 672 2465 gloria
707 2394 827 2464 ejus
848 2404 931 2450 est
960 2394 1141 2462 iniqua
1187 2394 1558 2465 praetergredi.

353 2463 508 2520 Sicut
536 2463 782 2521 fremitus
808 2466 1003 2531 leonis,
1028 2466 1097 2520 ita
1121 2476 1173 2520 et
1188 2463 1341 2532 regis
1367 2463 1440 2522 ira
1469 2485 1482 2521 :

426 2544 481 2591 et
506 2536 648 2591 sicut
670 2551 761 2591 ros
790 2552 952 2607 super
983 2538 1229 2606 herbam,
1266 2537 1337 2593 ita
1365 2539 1606 2596 hilaritas
1648 2537 1791 2607 ejus.

352 2606 520 2662 Dolor
550 2610 736 2676 patris,
774 2606 915 2664 ﬁlius
951 2610 1185 2664 Stultus:

423 2688 479 2733 et
509 2688 646 2734 tecta
675 2679 876 2749 jugiter
904 2681 1284 2749 perstillantia,
1319 2681 1551 2751 litigiosa
1580 2683 1799 2752 mulier,

353 2748 577 2814 Domus,
606 2760 661 2805 et
687 2748 885 2805 divitia:
908 2748 1107 2805 dantur
1141 2767 1168 2805 a
1203 2748 1445 2819 patribus
1482 2773 1497 2809 :

422 2837 451 2876 a
486 2822 711 2895 Domino
734 2833 912 2877 autem
947 2826 1160 2893 proprie
1185 2838 1321 2879 uxor
1351 2826 1613 2895 prudens.

359 2891 588 2963 Pigredo
616 2895 857 2948 immittit
886 2891 1162 2963 soporem,

433 2975 485 3018 et
514 2966 694 3019 anima
726 2965 992 3020 dissoluta
1027 2968 1247 3021 esuriet.

354 3034 453 3102 Qui
488 3038 724 3092 custodit
752 3038 1085 3104 mandatum,
1118 3039 1352 3093 custodit
1381 3042 1613 3097 animam
1647 3056 1803 3097 suam
1836 3060 1850 3098 :

424 3107 516 3177 qui
545 3119 723 3163 autem
762 3109 977 3179 negligit
1004 3111 1118 3164 vias
1149 3126 1298 3174 snas,
1324 3114 1765 3170 mortiﬁcabitur.

352 3176 651 3255 Feneratur
670 3176 1026 3255 Domino—qui
1050 3185 1339 3255 miseretur
1366 3185 1617 3255 pauperis
1641 3205 1652 3241 :

421 3262 474 3305 et
502 3252 927 3307 vicissitudinem
962 3268 1112 3308 suam
1136 3254 1325 3308 reddet
1350 3256 1399 3309 ei
1427 3274 1438 3308 :

353 3320 514 3394 Erudi
546 3323 713 3394 filium
750 3332 919 3391 tuum,
956 3340 1022 3379 ne
1054 3324 1313 3394 desperes
1342 3344 1355 3380 :

419 3393 486 3448 ad
523 3393 957 3450 interfectionem
1006 3393 1184 3450 autem
1227 3397 1350 3467 ejus
1399 3414 1465 3453 ne
1497 3413 1667 3471 ponas
1698 3399 1937 3458 animam

495 3475 659 3520 Illam.

356 3536 454 3604 Qui
489 3539 773 3606 impatiens
798 3547 903 3600 est,
938 3538 1225 3594 sustinebit
1256 3538 1511 3594 damnum
1546 3560 1560 3597 :

420 3618 623 3681 etcum
660 3610 916 3678 rapuerit,
949 3611 1089 3664 aliud
1139 3622 1396 3681 apponet.

350 3680 491 3735 Audi
524 3682 834 3747 consilium,
862 3691 918 3753 et
947 3683 1164 3753 suscipe
1184 3680 1542 3749 disciplinam
1567 3725 1583 3753 ,

424 3759 479 3805 ttt
507 3754 582 3807 sis
610 3755 823 3823 sapiens
857 3752 911 3806 in
941 3752 1246 3808 noitiSSimis
1278 3754 1406 3809 tuis.

355 3821 531 3877 Multa)
561 3821 920 3893 cogitationes
948 3825 1001 3878 in
1032 3826 1198 3879 corde
1228 3826 1327 3879 viri
1358 3842 1371 3879 :

420 3895 671 3949 voluntas
694 3905 875 3949 autem
906 3896 1119 3951 Domini
1146 3898 1507 3963 permanebit.

351 3965 523 4021 llomo
552 3966 801 4036 indigens
833 3966 1144 4022 misericors
1174 3976 1257 4022 est
1284 3985 1297 4023 :

420 4048 474 4091 et
508 4039 806 4109 meliorest
838 4054 1062 4107 pauper,
1093 4053 1253 4109 quam
1282 4040 1365 4094 vir
1393 4041 1645 4097 mendax.

349 4109 534 4164 Timor
568 4108 777 4163 Domini
825 4110 892 4163 ad
920 4112 1083 4165 vitam
1113 4108 1123 4163 ὲ

418 4191 472 4235 et
517 4182 570 4256 in
604 4181 939 4256 plenitudine
986 4182 1433 4256 commorabitur,
1488 4185 1695 4256 absque
1748 4186 1937 4243 visita-

492 4254 637 4326 tione
664 4255 879 4321 pessimi
911 4252 1030 4324 [ΑΙ.
1058 4255 1293 4326 pessima
1323 4254 1368 4325 Ι.

350 4324 652 4380 Abscondit
678 4326 825 4395 piger
852 4324 1073 4380 manuni
1097 4343 1249 4381 suam
1274 4324 1373 4381 sub
1399 4329 1616 4396 ascella,

421 4411 522 4449 nec
553 4397 618 4448 ad
648 4410 710 4467 os
740 4412 893 4451 suum
924 4398 1157 4467 applicat
1194 4413 1336 4453 eam.

359 4465 654 4520 Pestilente
678 4465 973 4535 flagellato,
997 4465 1192 4525 Stultus
1216 4472 1513 4538 sapientior
1540 4474 1643 4525 erit
1672 4489 1683 4524 :

424 4538 466 4589 si
500 4547 679 4659 aptem
721 4540 1052 4607 corripueris
1099 4541 1423 4610 sapientem,
1456 4542 1723 4612 intelliget
1769 4541 1931 4599 discl-

497 4621 719 4659 uittam.

497 4621 719 4673 pttnam.

349 4674 449 4751 Qui
477 4676 929 4751 afﬂigitpatrem,
960 4688 1015 4735 et
1043 4681 1191 4751 fugat
1216 4691 1444 4737 matrem
1468 4724 1483 4749 ,

424 4749 819 4819 ignominiosus
859 4761 941 4805 est
984 4762 1037 4807 et
1078 4749 1285 4807 infelix.

346 4817 465 4875 Non
490 4835 691 4887 cesses,
726 4822 822 4887 fili,
853 4823 1040 4879 audire
1066 4824 1390 4891 doctrinam,

423 4908 521 4947 nec
552 4894 771 4961 ignores
796 4910 1075 4950 sermones
1098 4895 1361 4949 scientie.

352 4963 529 5020 Testis
561 4965 778 5035 iniquus
805 4967 1018 5023 deridet
1044 4967 1304 5037 judicium
1334 4986 1345 5021 :

422 5111 451 5175 αῖ
486 5102 592 5157 Pro
618 5104 855 5173 amabili,
886 5118 1017 5159 mss.
1043 5105 1226 5175 plures
1246 5104 1428 5175 legunt
1457 5106 1795 5164 amicabilem
1816 5126 1827 5162 :
1849 5107 1945 5163 Vir

349 5174 660 5250 (imitabilis,
694 5186 801 5232 etc.
834 5174 1076 5250 lmpolita
1110 5174 1329 5247 quidem
1362 5194 1491 5242 vox,
1536 5179 1629 5235 sed
1673 5196 1795 5250 quae
1822 5194 1938 5236 sen-

348 5259 469 5325 sum
503 5246 799 5325 Scriptura:
830 5263 945 5325 uon_
980 5246 1334 5325 incongruum
1366 5250 1586 5325 reddat.
1632 5246 1703 5307 ld'
1730 5267 1944 5325 quoque

352 5316 558 5390 retinet
588 5316 878 5387 Speculum
914 5321 975 5375 S.
1002 5316 1316 5390 Augustini.
1364 5322 1545 5378 ΜΑιιτ.

424 5386 450 5426 b
493 5388 551 5442 ln
598 5386 1003 5458 exemplaribus
1029 5386 1291 5457 canonis,
1320 5406 1382 5447 ac
1429 5393 1484 5447 in
1518 5394 1790 5449 nonnullis
1818 5395 1938 5449 aliis

351 5474 485 5537 mss.
515 5460 799 5537 codicibus
831 5463 1051 5537 legitur,
1084 5480 1236 5535 quant
1264 5464 1402 5537 dives
1434 5473 1675 5537 torquens
1707 5466 1843 5520 labia
1866 5469 1943 5521 in-

350 5531 578 5600 sipiens;
613 5532 707 5586 sed
734 5531 961 5588 verbum
1003 5531 1141 5588 dives
1171 5550 1276 5589 non
1312 5531 1542 5591 habetur
1585 5538 1636 5590 iu
1688 5539 1943 5603 llebrteo,

354 5616 527 5669 neque
559 5604 611 5658 in
648 5604 1047 5674 antiquissimis
1075 5607 1281 5676 aliquot
1313 5623 1444 5661 mss.
1484 5609 1945 5663 emendatioribus

352 5676 625 5750 versionis
658 5676 999 5749 Hieronymi.
1034 5678 1293 5750 Additqu
1337 5688 1421 5732 est
1462 5680 1529 5735 ad
1576 5682 1950 5750 cnmplendam

352 5748 752 5812 oppositionem
779 5748 901 5803 cum
931 5748 1255 5822 prmcedenti
1282 5762 1572 5818 commate,
1613 5754 1663 5805 in
1687 5748 1792 5822 quo
1819 5769 1951 5822 pau-

351 5832 449 5894 per
481 5828 602 5883 post
628 5833 906 5894 se_vncem
932 5820 1073 5894 diues
1106 5820 1206 5875 sibi
1239 5823 1566 5894 contrariam
1611 5820 1835 5894 exigere
1874 5824 1951 5877 vi-

350 5885 607 5946 debitur.
672 5890 845 5948 usus.
894 5923 967 5934 -—-
1009 5893 1230 5966 Vulgata
1276 5892 1396 5963 plus
1436 5894 1604 5954 habet
1662 5885 1751 5951 hic
1793 5895 1959 5964 dives,

1606 344 1809 405 LIBER
1852 345 2413 407 PROVERBIORUM.

1984 466 2033 527 Δ

1972 4655 2025 4715 D

3510 352 3649 413 1262

2134 473 2189 520 et
2218 480 2279 519 os
2305 465 2597 535 impiorum
2630 463 2851 537 devorat
2874 463 3236 537 iniquitatem.

2063 535 2256 591 Parata
2284 547 2409 591 sunt
2437 536 2769 593 derisoribus
2790 535 2989 607 judicia
3017 554 3031 591 :

2132 618 2188 662 et
2218 609 2397 663 mallei
2431 610 2795 676 percutientes
2828 610 3114 665 stultorum
3156 608 3498 679 corporibus.

2062 677 2415 752 [Cap._xx.j
2449 681 2752 736 Luxuriosa
2798 694 2907 751 res,
2962 681 3169 741 vinum,
3213 677 3269 733 et
3316 682 3644 739 tumultuosa

2202 750 2455 805 ebrietas.

2131 823 2460 891 quicumque
2494 823 2575 877 liis
2602 822 2924 889 delectatur,
2958 840 3063 877 non
3095 824 3198 878 erit
3222 822 3458 895 sapiens.

2061 892 2211 949 Sicut
2238 896 2446 963 rugitus
2476 895 2669 959 leonis,
2703 896 2772 948 ita
2800 906 2975 950 terror
2998 894 3137 963 regis
3166 912 3179 949 :

2130 966 2219 1034 qui
2255 975 2686 1035 provocateum,
2720 978 2907 1036 peccat
2936 970 2986 1020 iu
3021 968 3252 1021 animam
3283 983 3459 1022 suam.

2060 1034 2359 1091 llonor'cst
2391 1036 2618 1101 homini,
2645 1034 2733 1103 qui
2762 1048 2977 1108 separat
3006 1055 3064 1093 se
3094 1053 3120 1091 a
3152 1040 3592 1095 contentionibus
3628 1058 3641 1097 :

2130 1122 2319 1162 omnes
2348 1118 2526 1162 autem
2561 1109 2710 1163 stulti
2744 1110 3038 1164 miscentur
3064 1111 3426 1165 contumeliis.

2057 1176 2287 1248 Propter
2319 1180 2484 1247 frigus
2514 1181 2666 1249 piger
2694 1196 2850 1236 arare
2884 1182 3053 1235 noluit
3089 1200 3102 1236 :

2131 1251 2462 1305 mendicabit
2482 1267 2610 1321 ergo
2634 1259 2842 1319 mstate,
2877 1263 2931 1307 et
2958 1269 3060 1307 non
3095 1252 3310 1307 dabitur
3336 1252 3431 1307 illi.

2058 1319 2211 1376 Sicut
2234 1338 2367 1392 aqua
2401 1319 2687 1393 profunda,
2718 1327 2796 1379 sic
2822 1325 3111 1379 consilium
3145 1325 3196 1379 in
3227 1325 3391 1381 corde
3419 1326 3517 1381 viri
3551 1343 3565 1379 :

2129 1393 2223 1447 sed
2251 1393 2412 1448 homo
2441 1394 2655 1464 sapiens
2684 1394 2964 1452 exhauriet
2995 1395 3146 1451 illud.

2057 1463 2209 1519 Multi
2243 1464 2489 1521 homines
2508 1463 2889 1521 misericordes
2912 1477 3175 1521 vocantur
3198 1486 3211 1519 :

2129 1538 2301 1591 virum
2330 1547 2510 1593 autem
2546 1538 2755 1592 fidelem
2788 1540 2905 1607 quis
2948 1538 3225 1594 inveniet?

2054 1608 2265 1675 Justus,
2296 1609 2385 1679 qui
2418 1609 2656 1663 atnhulat
2691 1611 2739 1663 in
2773 1610 3117 1680 simplicitate
3140 1624 3258 1679 sua,

2130 1681 2314 1754 beatos
2344 1687 2467 1754 post
2486 1695 2545 1754 se
2577 1681 2715 1754 filios
2743 1681 3102 1754 derelinquet.

2053 1749 2189 1815 Rex,
2222 1752 2309 1821 qui
2334 1749 2487 1806 sedet
2515 1753 2565 1806 in
2590 1752 2726 1805 solio
2746 1751 2957 1822 judicii.

2126 1822 2352 1892 dissipat
2378 1838 2538 1878 omne
2570 1824 2769 1877 malum
2805 1824 3000 1879 intuitu
3028 1840 3146 1879 suo.

1979 1863 2027 1923 Β
2053 1892 2186 1960 Quis
2212 1863 2388 1962 ptitest
2417 1895 2599 1949 dicere
2628 1910 2643 1949 :
2671 1894 2924 1950 Mundum
2957 1908 3041 1952 est
3071 1912 3163 1952 cor
3193 1911 3397 1965 meum,

2127 1979 2294 2034 purus
2314 1980 2431 2018 sum
2459 1980 2489 2019 a
2520 1966 2785 2034 peccato?

2054 2034 2271 2091 Poudus
2302 2043 2357 2090 et
2378 2035 2609 2104 pondus.
2644 2052 2895 2091 mensura
2926 2047 2979 2093 et
3003 2052 3255 2093 mensura
3288 2056 3300 2092 :

2125 2117 2412 2179 utrumque
2439 2108 2804 2163 abominabile
2834 2119 2915 2164 est
2947 2109 3087 2179 apud
3119 2110 3307 2165 Deum.

2053 2176 2135 2233 Ex
2157 2178 2347 2233 studiis
2375 2180 2486 2234 suis
2509 2179 2825 2249 intelligitur
2849 2176 3001 2250 puer,

2126 2252 2169 2305 si
2197 2250 2391 2305 munda
2417 2262 2469 2306 et
2502 2257 2647 2306 recta
2682 2252 2789 2306 sint
2816 2266 2979 2321 opera
3006 2250 3144 2319 ejus.

2053 2321 2253 2376 Aurem
2285 2321 2619 2389 audientem,
2654 2331 2707 2378 et
2733 2324 2946 2378 oculum
2976 2323 3246 2380 videntem
3266 2365 3281 2391 ,

2128 2394 2389 2448 Dominus
2416 2392 2545 2449 fecit
2575 2403 2886 2463 utrumque.

2051 2463 2169 2520 Noli
2197 2464 2421 2537 diligere
2451 2480 2721 2528 somnum,
2755 2481 2822 2521 ne
2855 2475 2904 2520 te
2931 2475 3142 2537 egestas
3171 2466 3481 2537 opprimat:

2124 2540 2271 2605 aperi
2297 2536 2484 2591 oculos
2513 2544 2655 2609 tuos,
2685 2546 2741 2592 et
2770 2536 3016 2609 saturare
3048 2538 3296 2609 panibus.

2052 2606 2251 2663 Malunt
2276 2617 2391 2670 est,
2422 2608 2622 2663 malum
2652 2616 2754 2671 cst,
2778 2608 2910 2662 dicit
2933 2606 3110 2662 omnis
3128 2617 3338 2680 emptor
3368 2624 3385 2667 :

2124 2689 2177 2733 et
2205 2693 2325 2733 cum
2354 2681 2673 2743 recesserit,
2706 2689 2833 2733 tunc
2867 2680 3209 2747 gloriabitur.

2054 2749 2153 2805 Est
2182 2765 2396 2818 aurmn,
2429 2761 2483 2805 et
2509 2751 2792 2805 multitudo
2822 2766 3157 2818 gemmarum
3190 2769 3205 2807 :

2122 2836 2222 2893 vas
2242 2831 2419 2877 autem
2449 2823 2746 2893 pretiosum
2778 2822 2914 2876 labia
2941 2824 3200 2877 scientiae.

2051 2892 2204 2947 Tolle
2230 2892 2609 2948 veStimeutum
2633 2894 2774 2963 ejus,
2795 2895 2880 2959 qui
2910 2893 3194 2962 tidejussor
3209 2896 3413 2951 exstitit
3442 2894 3626 2964 alieni,

2124 2973 2178 3018 et
2203 2981 2299 3033 pro
2325 2966 2595 3019 extraneis
2624 2966 2775 3019 aufer
2804 2965 2997 3035 pignus
3029 2966 3095 3019 ab
3126 2981 3212 3021 eo.

2052 3034 2245 3092 Suavis
2275 3048 2355 3091 est
2386 3036 2589 3089 homini
2618 3036 2771 3102 panis
2802 3034 3065 3091 mendacii
3096 3054 3109 3090 :

2122 3119 2171 3162 et
2205 3117 2390 3177 postea
2414 3107 2727 3177 implebitur
2755 3122 2815 3163 os
2841 3109 2957 3179 ejus
2980 3108 3203 3165 calculo.

2050 3177 2418 3248 Cogitationes
2450 3179 2690 3233 consiliis
2722 3177 3047 3234 roborantur
3078 3197 3090 3230 :

2121 3261 2172 3303 et
2202 3250 2579 3320 gubernaculis
2615 3250 2889 3305 tractanda
2920 3260 3044 3305 sunt
3072 3250 3209 3306 bella
3230 3292 3245 3317 ,

2048 3320 2132 3387 Ei,
2162 3321 2252 3391 qui
2282 3323 2485 3377 revelat
2514 3324 2764 3393 mysteria
2794 3366 2807 3389 ,
2852 3330 2907 3377 et
2935 3322 3175 3376 ambulat
3203 3320 3575 3380 fraudulenter
3604 3370 3618 3394 ,

2117 3403 2171 3446 et
2197 3394 2389 3447 dilatat
2421 3394 2558 3449 labia
2598 3409 2714 3457 sua,
2748 3408 2815 3448 ne
2846 3395 3275 3449 commiscearis.

2047 3463 2149 3531 Qui
2184 3464 2455 3520 maledicit
2482 3465 2615 3535 patri
2647 3480 2769 3533 suo,
2801 3473 2855 3520 et
2883 3466 3061 3531 matri,

2118 3534 2491 3605 exstinguetur
2513 3538 2729 3591 lucerna
2760 3536 2875 3605 ejus
2905 3537 2955 3590 in
2986 3535 3179 3592 mediis
3209 3534 3467 3591 tenebris.

2047 3607 2366 3673 llmreditas,
2395 3609 2460 3662 ad
2486 3624 2643 3678 quam
2678 3607 2967 3663 festinatur
2998 3610 3047 3661 in
3083 3608 3382 3679 principio,

2120 3681 2171 3733 in
2204 3679 2495 3734 novissimo
2529 3680 2905 3735 benedictione
2931 3680 3161 3735 carebit.

2058 3751 2136 3807 Ne
2168 3762 2188 3789 ο
2218 3750 2397 3805 dicas:
2429 3750 2671 3806 Reddam
2702 3751 2896 3805 malum
2930 3769 2942 3802 :

2117 3832 2372 3892 exspecta
2415 3822 2725 3888 Dominum,
2759 3833 2812 3877 et
2844 3821 3096 3877 liberabit
3126 3832 3196 3877 te.

2045 3891 2389 3949 Abominatio
2420 3902 2503 3950 est
2546 3895 2687 3964 apud
2729 3895 3011 3949 Dominum
3045 3895 3253 3966 pondus
3280 3901 3337 3949 et
3365 3891 3574 3965 pondus
3606 3912 3618 3948 :

2118 3974 2318 4022 statera
2349 3966 2534 4021 dolosa
2565 3982 2669 4021 non
2701 3975 2783 4021 est
2808 3968 2969 4021 bona.

2044 4036 2088 4091 A
2122 4038 2350 4092 Domino
2373 4039 2677 4109 diriguntur
2704 4053 2926 4108 gressus
2960 4038 3059 4091 viri
3090 4054 3106 4091 :
3530 4108 3535 4109 γ
3584 4086 3587 4089 γ

2118 4109 2239 4180 quis
2303 4108 2503 4167 autem’
2538 4109 2816 4165 hominum
2876 4109 3181 4181 intelligere
3240 4116 3421 4181 potest
3488 4108 3631 4164 viam

2184 4196 2335 4236 suam
2360 4182 2383 4236 ?

2043 4252 2217 4308 Ruina
2250 4263 2333 4309 est
2366 4253 2599 4309 hominis
2628 4253 2889 4309 devorare
2913 4249 2937 4289 ά
2963 4258 3204 4319 sanctos,

2116 4334 2167 4380 et
2196 4334 2317 4395 post
2342 4338 2461 4380 vota
2494 4335 2745 4380 tractare.

2044 4396 2278 4467 Dissipat
2305 4397 2502 4467 impios
2525 4412 2619 4451 rex
2646 4397 2887 4465 sapiens,

2114 4480 2167 4523 et
2192 4466 2445 4523 incurvat
2475 4483 2641 4536 super
2672 4482 2765 4521 eos
2793 4466 3081 4521 fornicem.

2043 4539 2285 4594 Lucerna
2316 4539 2525 4593 Domini
2550 4538 2873 4607 spiraculum
2911 4535 3165 4601 hominis,

2125 4626 2243 4680 quae
2275 4609 2560 4679 investigat
2584 4606 2768 4663 omnia
2807 4616 3016 4680 Secreta
3046 4606 3268 4661 ventris.

2056 4679 2421 4736 Misericordia
2452 4690 2504 4734 et
2534 4680 2732 4735 veritas
2756 4679 3065 4735 custodiunt
3096 4693 3299 4747 regem,

2127 4761 2181 4808 et
2201 4752 2489 4807 roboratur
2511 4752 2795 4806 clementia
2832 4750 3061 4805 thronus
3090 4750 3226 4817 ejus.

2053 4823 2357 4881 Exsultatio
2376 4823 2631 4893 juvenum
2667 4822 2925 4879 fortitudo
2955 4836 3141 4877 eorum
3168 4836 3183 4887 ;

2123 4904 2179 4953 et
2198 4896 2432 4962 dignitas
2455 4910 2665 4963 senum,
2691 4895 2939 4950 canities.

2048 4968 2211 5025 Livor
2232 4968 2471 5023 vulneris
2501 4969 2773 5038 absterget
2804 4966 2943 5021 mala
2978 4984 2994 5023 :

2050 5124 2172 5181 quae
2216 5123 2323 5163 vox
2356 5121 2530 5181 neque
2568 5105 2622 5161 in
2674 5105 2920 5181 llebrteo,
2975 5119 3160 5181 neque
3197 5104 3250 5160 in
3302 5103 3437 5181 ipsis
3486 5103 3632 5181 LXX

2049 5174 2275 5249 aliisque
2306 5174 2544 5235 melioris
2577 5186 2718 5233 nota:
2758 5174 3194 5248 Hieronymianis
3220 5174 3498 5235 codicibus
3528 5179 3632 5235 ha-

2048 5252 2227 5308 betur.
2956 5258 2959 5259 ⁷

2124 5334 2146 5362 ο
2195 5322 2568 5390 Exscriptores
2608 5320 2999 5391 exemplarium
3040 5317 3278 5376 Canonis
3309 5318 3648 5391 addiderunt

2047 5394 2151 5451 hoc
2180 5396 2298 5450 loco
2324 5394 2486 5449 verba
2517 5392 2622 5448 duo
2648 5390 2861 5465 isthicc,
2885 5409 2980 5465 pro
3007 5392 3180 5457 malo;
3212 5392 3263 5465 in
3292 5391 3358 5465 _ii_s
3388 5391 3532 5465 enim
3568 5394 3645 5446 le-

2049 5468 2248 5538 gimus,
2291 5464 2742 5538 reddamﬂmalum
2785 5463 2893 5536 pro
2919 5465 3093 5532 malo;
3143 5463 3239 5520 sed
3289 5463 3341 5518 id
3390 5464 3643 5520 vitiosum

2054 5536 2460 5607 comprobatur.
2503 5536 2679 5593 Man'r.

2126 5609 2152 5647 ἀ
2185 5604 2531 5664 Dissentiuut
2564 5610 2707 5663 inter
2735 5622 2793 5663 se
2824 5606 3029 5662 Latinae
3073 5604 3320 5677 qutedam
3351 5604 3644 5669 editiones,

2056 5697 2280 5753 quarum
2310 5682 2431 5735 alia:
2462 5680 2664 5735 habent
2690 5722 2704 5746 ,
2733 5678 2901 5753 Ruina
2930 5688 3002 5733 est
3028 5678 3225 5735 homini
3259 5678 3500 5753 devolare
3527 5693 3653 5753 san-

2054 5746 2160 5807 c-tos
2181 5796 2193 5817 ,
2226 5753 2345 5807 alia:
2391 5756 2639 5807 devocare
2662 5793 2676 5816 ,
2723 5760 2815 5806 ant
2846 5752 3091 5805 denotare
3128 5758 3353 5804 sanctos.
3388 5746 3648 5817 Proprior

2062 5825 2287 5881 Hebraeo
2312 5839 2371 5878 ac
2397 5838 2652 5893 germana
2681 5821 2949 5891 impressa
2981 5822 3143 5877 lectio
3175 5828 3277 5876 est.
3303 5818 3423 5877 Mox
3452 5828 3651 5875 retrac-

2061 5905 2172 5954 tare
2196 5896 2394 5969 vulgati
2418 5895 2539 5954 libri
2564 5908 2665 5967 pro
2689 5903 2916 5951 tractare
2941 5893 3149 5963 legunt.
