4082 6354
482 286 626 349 1265

564 417 622 462 et
649 404 837 477 plagis
850 402 905 477 in
918 400 1329 477 secretioribus
1360 400 1588 457 ventris.

494 468 841 553 [ϐαρζΧΧΜ
872 474 1027 553 Sicut
1043 474 1342 553 divisiones
1363 488 1622 545 aquarum
1652 513 1668 537 ,
1709 473 1782 529 ita
1812 486 1909 529 cor
1936 468 2084 542 regis

638 549 695 605 in
719 546 882 603 manu
904 546 1117 601 Domini
1150 562 1167 600 :

570 633 916 691 quocumque,
930 616 1189 691 voluerit,
1212 615 1496 691 inclinabit
1523 615 1673 672 illud.

502 686 692 749 omnis
710 692 798 745 via
824 686 921 745 viri
944 697 1092 744 recta
1122 687 1225 743 sibi
1255 686 1469 742 videtur
1494 705 1508 742 :

567 761 827 834 appendit
842 771 1020 834 autem
1036 759 1207 834 corda
1231 758 1511 834 Dominus.

499 831 705 891 Fac—ere
734 831 1161 888 misericordiam
1193 831 1547 899 etjudiciuni,

571 906 742 973 magis
773 905 947 973 placet
969 903 1222 967 Domino,
1258 917 1419 969 quam
1452 902 1708 958 victimae.

494 976 775 1035 Exaltatio
796 974 1080 1030 oculorum
1108 980 1165 1030 et
1193 973 1435 1028 dilatatio
1461 973 1641 1029 cordis
1675 990 1690 1027 :

574 1050 793 1104 lucerna
816 1047 1104 1117 impiorum
1138 1053 1439 1117 peccatum.
1494 1114 1505 1117 Α
1621 1114 1634 1117 _
1692 1080 1695 1081 ν

500 1118 869 1191 Cogitationes
894 1114 1105 1191 robusti
1134 1129 1349 1184 semper
1379 1116 1430 1191 in
1459 1114 1788 1169 abundantia
1820 1129 1835 1167 :

576 1187 751 1247 omnis
778 1198 957 1244 autem
986 1187 1138 1259 piger
1165 1201 1384 1259 semper
1415 1187 1467 1240 in
1498 1194 1755 1259 egestate.

500 1263 605 1330 Qui
625 1271 917 1332 congregat
944 1256 1234 1332 thesauros
1264 1257 1454 1332 lingua
1472 1256 1763 1332 mendacii,

498 1326 546 1374 (⁷
577 1326 798 1388 vanus.ll
830 1326 934 1398 cst,
960 1339 1017 1386 et
1045 1326 1371 1399 impingetur
1392 1329 1459 1384 ad
1485 1329 1707 1399 laqueos
1735 1326 1943 1383 mortis.

501 1404 729 1475 Rapina;
752 1400 1357 1475 impiorum_detralient
1379 1414 1495 1475 eos,

574 1470 698 1546 quia
729 1470 1018 1546 noluerunt
1044 1472 1222 1546 facere
1244 1470 1527 1541 judicium.

500 1542 774 1604 Perversa
797 1546 889 1600 via
914 1544 1036 1607 viri,
1060 1542 1237 1598 aliena
1262 1552 1345 1598 est
1377 1559 1391 1595 :

572 1618 665 1688 qui
698 1627 878 1673 autem
905 1616 1137 1688 mundus
1160 1624 1264 1683 est,
1288 1621 1499 1688 rectum
1527 1627 1664 1688 opus
1685 1614 1826 1686 ejus.

501 1685 694 1746 Melius
720 1697 805 1743 est
830 1687 1036 1765 sedere
1056 1686 1108 1740 in
1140 1685 1340 1765 angulo
1365 1685 1631 1765 domatis,
2051 1751 2064 1765 .

577 1773 882 1832 quamcum
909 1758 1137 1832 muliere
1160 1758 1414 1832 litigiosa,
1443 1766 1498 1811 et
1523 1756 1578 1811 in
1600 1756 1764 1812 domo
1792 1756 2090 1811 communi.

505 1827 701 1891 Anima
732 1829 883 1899 impii
907 1828 1182 1884 desiderat
1205 1827 1403 1882 malum
1424 1871 1439 1893 ,

579 1918 690 1957 non
715 1900 1066 1957 miserebitur
1096 1901 1345 1969 proximo
1367 1913 1487 1952 suo.

505 1974 768 2033 Mulctato
797 1971 1110 2040 pestilente,
1134 1970 1435 2039 sapientior
1457 1969 1562 2024 erit
1588 1968 1849 2038 parvulus
1878 1984 1895 2027 :

585 2055 640 2100 et
671 2043 717 2098 si
738 2053 975 2098 seetetur
1002 2041 1322 2111 sapientem,
1348 2050 1525 2096 sumet
1549 2040 1852 2096 scientiam.

508 2117 799 2184 Excogitat
821 2114 1003 2181 justus
1023 2110 1091 2166 de
1121 2110 1282 2166 domo
1305 2110 1485 2184 impii,

584 2197 642 2241 ut
667 2183 915 2240 detrahat
941 2184 1135 2254 impios
1161 2197 1191 2237 a
1213 2183 1374 2237 malo.

509 2257 614 2328 Qui
636 2256 856 2328 obturat
883 2251 1069 2328 aurem
1093 2268 1247 2309 suam
1274 2253 1339 2307 ad
1368 2253 1657 2328 clamorem
1684 2251 1939 2326 pauperis
1958 2291 1977 2321 ,

584 2336 642 2384 et
665 2327 784 2397 ipse
808 2326 1084 2390 clamabit,
1116 2334 1173 2381 et
1195 2339 1301 2378 non
1332 2324 1671 2397 exaudietur.

508 2396 701 2456 Munus
724 2397 1099 2454 absconditum
1122 2397 1415 2465 exstinguit
1448 2396 1577 2461 iras,

580 2481 635 2526 et
654 2469 854 2524 donum
888 2470 942 2523 in
971 2468 1092 2523 sinu
1115 2466 1539 2536 indignationem
1577 2466 1890 2525 maximam.

510 2540 780 2599 Gaudium
806 2540 948 2608 justo
970 2550 1054 2594 est
1082 2536 1262 2593 facere
1283 2538 1569 2607 judicium,

585 2621 641 2667 et
665 2626 831 2680 pavor
853 2608 1204 2680 operantibus
1225 2609 1582 2678 iniquitatem.

513 2682 632 2750 Vir,
656 2680 750 2753 qui
776 2682 1043 2737 erraverit
1068 2696 1097 2734 a
1125 2682 1206 2734 via
1238 2680 1521 2753 doctrinae,

586 2756 641 2809 in
668 2751 814 2808 cuitu
835 2753 1109 2823 gigantum
1131 2751 1575 2806 commorabitur.

512 2825 615 2894 Qui
638 2823 809 2895 diligit
830 2823 1037 2894 epulas,
1068 2823 1120 2877 iu
1144 2832 1382 2893 egestate
1404 2823 1510 2877 erit
1538 2837 1554 2876 :

584 2897 675 2966 qui
696 2891 845 2966 amat
866 2891 1074 2966 vinum,
1104 2902 1160 2966 et
1184 2891 1425 2964 pinguia,
1460 2907 1571 2949 non
1596 2891 1876 2948 ditabitur.

508 2962 788 3048 Projusto
814 2962 1199 3048 daturjmpius
1235 2980 1249 3017 :

588 3047 644 3093 et
667 3051 764 3107 pro
790 3046 955 3107 rectis
980 3046 1222 3107 iniquus.

512 3104 704 3165 Melius
731 3118 814 3163 est
834 3104 1152 3162 liabitare‘iu
1182 3114 1324 3161 terra
1346 3104 1580 3170 deserta,

582 3195 742 3251 quam
767 3194 891 3234 cum
916 3178 1151 3251 muliere
1164 3177 1351 3251 rixosa
1378 3187 1433 3251 et
1465 3176 1743 3251 iracunda.

512 3247 830 3308 Thesaurus
848 3247 1247 3320 desiderabilis,
1269 3258 1325 3304 et
1341 3248 1592 3320 oleuutin
1610 3247 2066 3320 habitaculojusti
2085 3265 2100 3304 :

589 3331 647 3375 et
676 3321 990 3391 imprudens
1018 3321 1179 3375 homo
1200 3318 1483 3391 dissipabit
1503 3319 1654 3391 illud.

514 3393 620 3463 Qui
646 3390 890 3463 sequitur
915 3392 1183 3463 justitiam
1213 3401 1267 3463 et
1297 3390 1750 3463 misericordiam,

592 3461 831 3519 inveniet
861 3464 1046 3529 vitam,
1075 3461 1364 3533 justitiam,
1393 3470 1453 3533 et
1472 3462 1721 3532 gloriam.

516 3533 802 3591 Civitatem
833 3533 1054 3589 fortium
1077 3533 1320 3589 ascendit
1345 3532 1591 3601 sapiens,

589 3617 647 3661 et
667 3604 941 3661 destruxit
961 3604 1129 3660 robur
1153 3605 1364 3658 ﬁducia:
1389 3603 1526 3674 ejus.

517 3677 621 3745 Qui
639 3675 876 3731 custodit
902 3690 965 3731 os
994 3690 1171 3740 suum,
1196 3684 1253 3730 et
1280 3675 1515 3743 linguam
1546 3690 1725 3741 suam,

591 3747 828 3803 custodit
851 3746 919 3801 ab
948 3748 1210 3816 angustiis
1237 3748 1470 3799 animam
1497 3761 1670 3800 suam.

519 3818 879 3889 Superbuset
901 3830 1162 3887 arrogans
1187 3829 1410 3889 vocatur
1431 3816 1703 3886 indoctus,

594 3886 684 3959 qui
715 3887 771 3943 in
799 3887 879 3941 ira
909 3886 1164 3959 Operatur
1192 3886 1523 3957 superbiam.

519 3956 801 4017 Desideria
832 3956 1087 4014 occidunt
1116 3956 1322 4027 pigrum
1353 3976 1366 4013 :

577 4028 885 4087 “noluerunt
903 4029 1048 4102 enim
1078 4027 1591 4102 quidquam_tuanus
1618 4030 1733 4100 ejus
1754 4032 1967 4102 operari
1995 4049 2013 4100 ;

519 4100 655 4160 Tota
687 4102 777 4156 die
806 4100 1139 4169 concupiscit
1166 4108 1222 4154 et
1247 4099 1516 4154 desiderat
1549 4117 1564 4154 :

591 4170 687 4244 qui
715 4179 895 4244 autem
917 4169 1491 4244 justus_est,_tri_buet,
1525 4180 1583 4228 et
1607 4187 1715 4229 non
1748 4174 2005 4231 cessabit.

523 4240 727 4301 Hostia:
749 4240 1036 4312 impiorum
1077 4240 1495 4309 abominabiles,

595 4315 719 4385 quia
746 4312 1047 4385 offeruntur
1073 4327 1141 4369 ex
1164 4313 1395 4385 scelere.

521 4384 703 4443 Testis
733 4384 962 4439 mendax
1005 4384 1197 4454 peribit
1230 4402 1243 4438 :

594 4458 677 4512 vir
704 4455 964 4511 obediens
993 4457 1241 4527 loquetur
1269 4457 1571 4513 victoriam.

524 4527 623 4584 Vir
648 4530 846 4597 impios
873 4530 1177 4597 procaciter
1206 4528 1457 4584 obﬁrmat
1487 4530 1695 4586 vultum
1721 4545 1880 4586 suum
1912 4549 1926 4587 :

595 4599 688 4670 qui
718 4611 895 4653 autem
920 4606 1101 4671 rectus
1127 4607 1239 4665 est,
1273 4600 1497 4671 corrigit
1518 4602 1656 4656 viam
1689 4618 1862 4659 suam.

518 4668 639 4726 Non
669 4681 755 4726 est
782 4670 1069 4739 sapientia,
1104 4683 1213 4724 non
1244 4680 1330 4726 est
1350 4668 1661 4741 prudentia,

596 4757 702 4797 non
733 4750 817 4797 est
841 4741 1129 4796 consilium
1158 4750 1346 4797 contra
1376 4744 1685 4800 Dominum.

524 4812 712 4885 Equus
742 4820 958 4882 paratur
984 4814 1050 4866 ad
1073 4813 1215 4885 diem
1246 4813 1368 4869 belli
1401 4833 1412 4868 :
1492 4822 1497 4827 ·

601 4889 859 4938 Dominus
889 4890 1069 4937 autem
1101 4884 1329 4939 salutem
1361 4885 1576 4943 tribuit.

524 4952 897 5078 [Cap.m
923 4954 1117 5010 Melius
1143 4961 1230 5009 est
1248 4970 1446 5012 nomen
1461 4958 1687 5030 bonum,
1714 4977 1878 5034 quam
1908 4962 2113 5023 divititc

671 5036 888 5079 multas:

597 5106 764 5165 super
789 5105 1079 5174 argentum
1097 5109 1153 5154 et
1177 5113 1395 5170 aurum,
1421 5104 1596 5174 gratia
1625 5104 1788 5163 bona.

536 5165 772 5247 Diveset
800 5165 1003 5237 pauper
1029 5165 1391 5228 obviaverunt
1418 5165 1521 5247 Sibi
1556 5193 1568 5229 :

599 5245 1158 5318 utrjusque'operator
1183 5251 1269 5298 est
1295 5245 1571 5318 Dominus.

523 5307 766 5368 Callidus
786 5307 923 5363 vidit
943 5307 1164 5381 malum,
1197 5324 1253 5368 et
1272 5316 1563 5374 abscondit
1588 5332 1648 5375 se
1671 5337 1716 5373 :.

598 5383 863 5461 innocens
891 5387 1239 5461 pertransiit,
1255 5396 1308 5443 et
1339 5389 1568 5447 afﬂictus
1595 5402 1681 5448 est
1709 5390 1929 5452 damno.

524 5450 990 5526 Finismodestiaa
1020 5455 1181 5526 timor
1207 5450 1446 5526 Domini,

596 5520 801 5581 divitias
825 5529 881 5577 et
901 5522 1074 5592 gloria
1103 5535 1158 5582 et
1188 5526 1313 5585 vita.

596 5675 624 5706 η
663 5661 904 5749 Vulgati,
957 5670 1013 5718 et
1060 5664 1275 5749 quidam
1306 5670 1939 5749 penesjjartianamss.
1966 5674 2115 5749 libri,

530 5738 708 5799 Vanus
737 5743 784 5791 et
804 5749 984 5789 excors
1006 5747 1099 5804 est,
1132 5746 1237 5793 etc.
1271 5753 1334 5794 ex
1362 5747 1459 5795 τῶν
1476 5742 1621 5798 LXX
1648 5747 1921 5803 versione.

598 5810 628 5855 ι)
656 5804 915 5879 Quadam
942 5805 1183 5883 Vulgata:
1207 5809 1473 5870 editiones
1502 5815 1727 5889 addunt,
1758 5817 2043 5877 Victoriam
2071 5830 2121 5897 ᾳ

1486 278 1547 341 S.
1588 276 1959 338 HIERONYMI
2000 274 2230 335 DIVINA
2269 270 2745 333 BIBLIOTHECA.

3638 263 3783 325 ιειθι

2108 400 2165 461 Α
2189 397 2356 453 Arma
2385 407 2438 452 et
2467 394 2628 466 gladii
2656 392 2712 448 in
2746 391 2833 466 via
2864 390 3106 466 perversi
3133 407 3147 445 :

2259 477 2443 524 custos
2468 458 2654 523 autem
2683 458 2878 521 animae
2904 478 3016 519 sua:
3046 462 3209 533 longe
3228 459 3436 519 recedit
3458 458 3527 516 ab
3552 458 3658 517 eis.

2186 539 2541 596 Proverbium
2582 546 2666 593 est
2700 553 2714 590 :
2757 535 3092 592 Adolescens
3110 536 3260 601 juxta
3285 534 3426 588 viam
3449 545 3630 598 suam,

2260 612 2424 666 etiam
2446 624 2570 664 cum
2592 607 2856 676 senuerit,
2884 623 2993 662 non
3021 606 3242 664 recedet
3267 605 3334 662 ab
3361 619 3444 660 ea.

2191 682 2353 739 Dives
2376 679 2701 751 pauperibus
2725 680 2955 749 imperat
2982 697 2995 732 :

2259 765 2314 809 et
2334 746 2423 824 qui
2450 746 2648 822 accipit
2678 746 2976 824 moriuum,
3007 763 3198 805 servus
3225 756 3311 824 est
3336 746 3633 805 fenerantis
3655 788 3673 815 ,

2194 824 2297 894 Qui
2319 821 2555 881 seminat
2577 822 2936 893 iniquitatem,
2968 830 3136 878 metet
3154 821 3320 894 mala,

2262 905 2319 952 et
2340 897 2487 966 virga
2515 896 2610 949 ira:
2640 892 2755 966 sua:
2791 892 3277 966 cgonsumtnahitur.

2190 966 2292 1036 Qui
2324 960 2524 1036 pronus
2551 973 2635 1022 est
2658 965 2725 1036 ad
2756 963 3209 1036 misericordiam,
3240 960 3594 1036 benedicetur
3622 978 3639 1017 :

2264 1033 2335 1094 de
2358 1038 2584 1109 panibus
2612 1034 2758 1092 enim
2786 1035 3070 1109 suisidedit
3099 1035 3321 1109 pauperi
3344 1033 3397 1109 ιξ.

2192 1106 2702 1179 Εῇοθίὶθτὶεοτειη,
2733 1118 2789 1164 et
2815 1107 2986 1163 exibit
3007 1123 3127 1161 cum
3150 1123 3218 1161 eo
3235 1106 3498 1176 jurgium,

2263 1181 2663 1251 cessabuntque
2687 1194 2868 1235 causa:
2883 1188 2943 1251 et
2967 1182 3331 1234 contumeliae.

2195 1251 2299 1322 Qui
2329 1249 2701 1322 diligitcordis
2730 1250 3080 1322 munditiam,

2266 1319 2489 1396 propter
2505 1323 2733 1395 gratiam
2760 1321 3026 1379 lahiorum
3048 1335 3272 1378 suorum
3303 1319 3522 1378 habebit
3550 1336 3636 1376 am
3646 1320 3782 1376 icum

2340 1409 2522 1451 regem
2533 1434 2546 1448 .

2194 1411 2596 1527 Οθυιῖῗξίῗιῐιῗίἰιί
2621 1463 2936 1522 custodiunt
2966 1464 3251 1522 scientiam
3282 1482 3299 1521 :

2267 1548 2324 1593 et
2351 1539 2767 1608 supplantantur
2792 1536 2958 1608 verba
2990 1536 3183 1608 iniqui.

2196 1608 2341 1666 Dicit
2373 1610 2526 1679 piger
2560 1627 2572 1663 :
2603 1607 2717 1664 Leo
2732 1619 2818 1664 est
2845 1606 2998 1672 foris,

2268 1681 2322 1735 in
2349 1678 2532 1736 medio
2570 1680 2873 1750 platearum
2897 1678 3230 1737 occidendus
3258 1694 3401 1737 sum.

2198 1751 2381 1808 Fovea
2407 1750 2676 1822 profunda
2694 1766 2762 1822 9s
2788 1750 2982 1807 alienas
3015 1770 3027 1805 :

2271 1823 2358 1878 cui
2384 1823 2553 1879 iratus
2573 1830 2663 1878 est
2690 1821 2977 1889 Dominus,
3002 1822 3204 1879 incidet
3230 1822 3285 1878 in
3306 1837 3451 1879 eam.

2200 1893 2442 1951 Stultitia
2464 1894 2713 1965 colligata
2738 1903 2823 1965 est
2850 1894 2904 1965 in
2934 1895 3101 1950 corde
3127 1894 3300 1964 pueri,

2271 1977 2325 2020 et
2352 1967 2499 2036 virga
2540 1963 2840 2036 disciplinas
2861 1963 3068 2034 fugabit
3084 1963 3229 2021 eam.

2198 2035 2301 2106 Qui
2330 2035 3039 2109 calumniaturpauperem.
3070 2046 3129 2091 ut
3155 2043 3358 2109 augeat
3385 2035 3610 2094 divitias
3638 2050 3782 2106 suas,

2344 2107 2495 2164 dabit
2525 2110 2638 2179 ipse
2665 2108 2869 2174 ditiorl,
2903 2119 2960 2163 et
2985 2109 3184 2180 egebit.

2199 2177 2405 2235 inclina
2432 2177 2617 2236 aurem
2651 2191 2817 2244 tuam.
2846 2189 2903 2236 et
2928 2177 3054 2236 audi
3082 2181 3247 2235 verba
3277 2179 3609 2249 sapientium
3636 2198 3651 2237 :

2272 2266 2488 2322 appone
2517 2261 2695 2306 autem
2716 2265 2812 2307 cor
2830 2249 2898 2306 ad
2925 2251 3231 2308 doctrinam
3260 2266 3463 2307 meam.

2200 2321 2335 2389 Qua:
2350 2321 2578 2394 pulchra
2599 2323 2707 2394 erit
2728 2323 2843 2391 tibi,
2876 2337 2999 2379 cum
3030 2323 3338 2380 servaveris
3361 2337 3484 2380 eam
3513 2324 3569 2380 in
3600 2332 3786 2380 ventre

2347 2391 2454 2467 [A1,
2485 2391 2672 2467 corde]
2698 2402 2839 2467 tuo,_
2866 2463 2895 2467 μ
3021 2464 3031 2467 Α
3050 2414 3057 2422 ·

2200 2464 2330 2520 VI-‘et
2349 2463 2674 2521 redundabit
2694 2466 2747 2520 in
2776 2463 2930 2520 labiis
2960 2464 3097 2522 tuis:

2202 2534 2275 2593 Ut
2303 2536 2375 2592 sit
2395 2536 2448 2591 in
2482 2535 2710 2591 Domino
2737 2536 2928 2591 iidncia
2961 2546 3073 2604 tua,

2276 2608 2420 2663 unde
2441 2614 2497 2663 et
2519 2606 2733 2663 ostendi
2754 2622 2874 2663 eam
2901 2608 2994 2665 tibi
3025 2608 3210 2668 hodie.

2205 2677 2349 2735 Ecce
2376 2677 2641 2746 descripsi
2666 2693 2787 2734 eam
2812 2679 2908 2734 tibi
2941 2679 3247 2750 tripliciter,

2272 2750 2328 2805 in
2353 2749 2770 2819 cogitationibus
2797 2758 2853 2803 et
2876 2750 3103 2808 scientia
3131 2770 3144 2806 :

2203 2819 2276 2877 Ut
2307 2821 2648 2895 ostenderem
2681 2820 2790 2895 tibi
2820 2820 3157 2895 ﬁrmitatem,
3185 2834 3241 2880 et
3267 2823 3486 2895 eloquia
3515 2821 3780 2891 veritatis,

2280 2893 2613 2963 respondere
2632 2908 2706 2963 ex
2740 2892 2846 2957 his,
2878 2892 2986 2948 illis
3008 2901 3099 2963 qui
3138 2892 3404 2952 miserunt
3430 2904 3505 2952 te.

2201 2962 2319 3020 Non
2347 2962 2514 3020 facias
2537 2962 2848 3019 violentiam
2879 2962 3122 3038 pauperi,
3142 2969 3267 3036 quia
3299 2983 3404 3038 pau
3422 2982 3520 3038 per
3546 2975 3637 3023 est
3667 2983 3682 3020 :

2273 3049 2454 3109 neque
2463 3043 2728 3109 conteras
2752 3049 2981 3104 egenum
3003 3036 3059 3092 in
3092 3049 3246 3109 porta
3269 3054 3285 3094 :

2203 3104 2338 3175 Quia
2359 3104 2626 3177 judicabit
2655 3109 2913 3162 Dominus
2938 3104 3157 3164 causam
3178 3108 3321 3178 ejus,

2127 3169 2176 3234 C
2276 3188 2332 3253 et
2353 3169 3228 3253 contigeteos,quicoutixerunf
3242 3169 3480 3238 animam
3505 3182 3651 3253 ejus,

2206 3247 2325 3304 Noli
2352 3263 2472 3304 esse
2498 3247 2706 3303 amicus
2734 3249 2935 3304 homini
2969 3250 3249 3318 iracundo,

2280 3334 2455 3390 neque
2478 3320 2725 3376 ambules
2743 3334 2868 3375 cum
2890 3324 3008 3377 viro
3039 3321 3244 3380 furioso
3268 3341 3284 3383 :

2207 3389 2287 3447 Ne
2310 3389 2451 3447 forte
2470 3390 2649 3446 discas
2678 3395 2901 3447 semitas
2928 3393 3072 3461 ejus,

2279 3472 2335 3518 et
2355 3477 2538 3517 sumas
2558 3462 2873 3518 scandalum
2897 3465 3093 3521 anima:
3119 3474 3245 3524 tuae.

2208 3532 2332 3591 Noli
2350 3548 2472 3607 esse
2498 3548 2620 3607 cum
2654 3534 2758 3598 his,
2781 3537 2872 3607 qui
2891 3535 3133 3607 deligunt
3161 3552 3351 3594 manus
3379 3552 3530 3606 suas,

2280 3612 2337 3661 et
2358 3606 2449 3675 qui
2480 3604 2647 3678 vades
2670 3619 2731 3678 se
2749 3605 2983 3678 offerunt
3004 3604 3101 3678 pro
3131 3610 3331 3667 debitis
3355 3628 3369 3665 :

2212 3676 2271 3737 Si
2300 3678 2446 3732 enim
2470 3690 2575 3731 non
2599 3675 2765 3732 habes
2791 3677 2934 3734 unde
2959 3675 3233 3747 restituas,

2282 3748 2411 3819 quid
2427 3762 2605 3822 causa;
2625 3756 2710 3822 est
2730 3748 2963 3822 utgtollat
2978 3753 3376 3822 operimentum
3399 3752 3469 3811 de
3489 3753 3658 3811 cubili
3682 3749 3795 3809 tuo?

2210 3819 2292 3878 Ne
2325 3819 2739 3890 transgrediaris
2764 3819 3030 3877 terminos
3044 3827 3302 3896 antiquos
3324 3866 3342 3893 ,

2284 3907 2421 3962 quos
2445 3900 2743 3961 posuerunt
2773 3902 2953 3962 patres
2980 3893 3080 3949 tui.

2213 3962 2408 4018 Vidirli
2436 3965 2623 4038 virum
2640 3963 2878 4019 velocem
2911 3964 2964 4019 in
2993 3982 3160 4038 opere
3186 3983 3308 4037 suo,

2284 4049 2467 4091 coram
2495 4035 2711 4105 regibus
2739 4037 2923 4102 stabit,

2283 4120 2389 4178 nec
2416 4105 2520 4161 erit
2541 4115 2665 4178 ante
2688 4107 2975 4178 ignobiles.

2285 4176 2449 4263 [Capz
2486 4176 2971 4263 )eXlll.]'Quando
2997 4182 3237 4252 sederis,
3282 4192 3341 4241 ut
3384 4183 3647 4242 comedas
3680 4194 3796 4238 cum

2372 4252 2631 4322 principe,

2283 4321 2570 4449 dilignter
2613 4326 2831 4383 attende
2866 4341 2986 4398 qua:
3027 4328 3200 4398 posita
3244 4338 3372 4385 sunt
3424 4337 3553 4385 ante
3603 4326 3784 4381 faciem

2454 4411 2509 4449 m
2540 4413 2554 4449 :

2454 4411 2554 4451 Ill:

2218 4464 2288 4521 Et
2311 4474 2490 4541 statue
2516 4469 2750 4525 cultrum
2782 4471 2836 4525 in
2865 4479 3081 4541 gutture
3108 4478 3222 4534 tuo.

2142 4570 2198 4632 1)
2291 4537 3371 4632 silvia:_-!=3Pe§-i'!,ri’!°§te!eanimam,
3390 4553 3571 4632 suae;

2292 4623 2361 4665 ne
2383 4610 2665 4693 desideres
2688 4614 2764 4679 de
2793 4610 2929 4670 cibis
2955 4615 3096 4686 ejus,
3127 4615 3180 4671 in
3209 4631 3317 4687 quo
3349 4625 3435 4672 est
3464 4610 3621 4687 panis
3647 4624 3796 4668 men-

2220 4750 2343 4808 Noli
2364 4681 2618 4810 #:lfd'rare
2645 4764 2704 4809 ut
2731 4753 2925 4813 diteris
2954 4775 2970 4813 :

2293 4823 2389 4880 sed
2410 4824 2717 4898 prudentiae
2743 4834 2850 4882 tua:
2876 4842 3016 4898 pone
3044 4828 3287 4885 modum.

2222 4894 2302 4951 Ne
2345 4894 2519 4966 erigas
2545 4898 2739 4954 oculos
2779 4894 2900 4955 tuos
2942 4899 3012 4955 ad
3058 4916 3192 4973 opes
3216 4941 3234 4971 ,
3277 4915 3412 4973 quas
3457 4899 3663 4958 habere
3697 4910 3797 4955 non

2368 4976 2519 5036 potes
2551 4985 2567 5023 :

2297 5040 2423 5108 quia
2452 5038 2785 5117 iacientsibi
2813 5056 3022 5112 pennas
3046 5044 3205 5117 quasi
3232 5044 3451 5117 aquilae,

2296 5117 2353 5165 et
2381 5110 2638 5166 volabunt
2658 5111 2714 5167 in
2738 5110 2960 5171 ctelum.

2225 5179 2305 5238 Ne
2332 5180 2585 5258 comedas
2608 5198 2738 5258 cum
2761 5184 2981 5258 homine
3009 5185 3221 5258 invido,

2299 5262 2353 5307 et
2381 5268 2451 5328 ne
2469 5252 2748 5328 desideres
2766 5257 2920 5314 cibos
2939 5258 3057 5328 ejus
3082 5281 3096 5314 :

2226 5324 2491 5404 Quoniam
2519 5324 2577 5404 in
2602 5324 3016 5404 similitudinem
3043 5330 3240 5388 harioli
3267 5340 3323 5390 et
3357 5329 3705 5404 coniectoris,
3793 5334 3799 5340 ’

2299 5395 2533 5470 aestimat
2555 5399 2697 5470 quod
2726 5399 2957 5470 ignorat.

2225 5465 2464 5524 Comede
2492 5478 2547 5523 et
2574 5465 2719 5535 bibe,
2748 5465 2897 5526 ilicet
2922 5471 3015 5527 tibi
3045 5488 3061 5527 :

2296 5548 2353 5595 et
2380 5553 2533 5595 mens
2559 5540 2677 5610 ejus
2706 5556 2815 5597 non
2830 5553 2916 5599 est
2940 5552 3142 5600 tecum.

2231 5677 2477 5751 honorem
2512 5678 2743 5749 acquiret
2773 5680 2860 5751 qui
2891 5680 2980 5735 dat
3000 5696 3245 5749 munera,
3276 5684 3505 5739 animum
3524 5694 3698 5740 autem
3721 5699 3809 5738 mt-

2232 5750 2335 5882 ἵετε
2367 5750 2735 5820 accipientium
2765 5750 2791 5803 :'
2821 5768 2940 5821 qua:
2981 5753 3033 5807 in
3074 5755 3191 5808 aliis
3234 5754 3421 5811 itidem
3464 5756 3803 5822 editionibus,

2258 5821 2671 5882 lieronvinianis
2683 5825 2984 5882 codicibus.
2997 5824 3216 5882 demum
3229 5837 3283 5882 et
3295 5827 3525 5882 liebrtno
3544 5844 3654 5882 non
3667 5837 3803 5882 sunt.

2258 5821 2671 5898 lieronyinianis
2683 5825 2984 5895 codicibus,
2997 5824 3216 5887 demum
3229 5837 3283 5887 et
3295 5827 3525 5888 Hebraeo
3544 5844 3654 5886 non
3667 5821 3804 5885 sunt.
