  <div class='ocr_page' id='page_1' title='image "/cluster/home/n/w/nwhite01/storage/ocr_20150623/28/hvd.32044015471410/638.png"; bbox 0 0 4124 6360; ppageno 0'>
   <div class='ocr_carea' id='block_1_1' title="bbox 371 299 510 359">
    <p class='ocr_par' dir='ltr' id='par_1_1' title="bbox 371 299 510 359">
     <span class='ocr_line' id='line_1_1' title="bbox 371 299 510 359; baseline -0.022 0"><span class='ocrx_word' id='word_1_1' title='bbox 371 299 510 359; x_wconf 71' lang='grc'><strong>1265</strong></span> 
     </span>
    </p>
   </div>
   <div class='ocr_carea' id='block_1_2' title="bbox 368 417 1361 489">
    <p class='ocr_par' dir='ltr' id='par_1_2' title="bbox 368 417 1361 489">
     <span class='ocr_line' id='line_1_2' title="bbox 368 417 1361 489; baseline 0.005 -15"><span class='ocrx_word' id='word_1_2' title='bbox 368 417 554 485; x_wconf 87' lang='lat' dir='ltr'><strong>Cibos,</strong></span> <span class='ocrx_word' id='word_1_3' title='bbox 583 432 717 489; x_wconf 87' lang='lat' dir='ltr'><strong>quos</strong></span> <span class='ocrx_word' id='word_1_4' title='bbox 751 421 1088 489; x_wconf 90' lang='lat' dir='ltr'><strong>comederas,</strong></span> <span class='ocrx_word' id='word_1_5' title='bbox 1115 438 1361 488; x_wconf 91' lang='lat' dir='ltr'><strong>evomes,</strong></span> 
     </span>
    </p>
   </div>
   <div class='ocr_carea' id='block_1_3' title="bbox 443 489 1486 562">
    <p class='ocr_par' dir='ltr' id='par_1_3' title="bbox 443 489 1486 562">
     <span class='ocr_line' id='line_1_3' title="bbox 443 489 1486 562; baseline 0.008 -19"><span class='ocrx_word' id='word_1_6' title='bbox 443 500 497 544; x_wconf 87' lang='lat' dir='ltr'><strong>et</strong></span> <span class='ocrx_word' id='word_1_7' title='bbox 529 489 724 558; x_wconf 86' lang='lat' dir='ltr'><strong>perdes</strong></span> <span class='ocrx_word' id='word_1_8' title='bbox 747 492 1002 562; x_wconf 89' lang='lat' dir='ltr'><strong>pulchros</strong></span> <span class='ocrx_word' id='word_1_9' title='bbox 1031 510 1312 551; x_wconf 86' lang='lat' dir='ltr'><strong>sermones</strong></span> <span class='ocrx_word' id='word_1_10' title='bbox 1344 506 1486 551; x_wconf 89' lang='lat' dir='ltr'><strong>tuos.</strong></span> 
     </span>
    </p>
   </div>
   <div class='ocr_carea' id='block_1_4' title="bbox 372 560 1520 637">
    <p class='ocr_par' dir='ltr' id='par_1_4' title="bbox 372 560 1520 637">
     <span class='ocr_line' id='line_1_4' title="bbox 372 560 1520 637; baseline 0.006 -22"><span class='ocrx_word' id='word_1_11' title='bbox 372 560 429 615; x_wconf 89' lang='lat' dir='ltr'><strong>lu</strong></span> <span class='ocrx_word' id='word_1_12' title='bbox 472 562 694 637; x_wconf 86' lang='lat' dir='ltr'><strong>auribus</strong></span> <span class='ocrx_word' id='word_1_13' title='bbox 740 560 1107 637; x_wconf 72' lang='lat' dir='ltr'><strong>insipientium</strong></span> <span class='ocrx_word' id='word_1_14' title='bbox 1142 583 1209 622; x_wconf 90' lang='lat' dir='ltr'><strong>ne</strong></span> <span class='ocrx_word' id='word_1_15' title='bbox 1242 567 1479 637; x_wconf 81' lang='lat' dir='ltr'><strong>loquaris</strong></span> <span class='ocrx_word' id='word_1_16' title='bbox 1508 585 1520 622; x_wconf 90' lang='lat'>:</span> 
     </span>
    </p>
   </div>
   <div class='ocr_carea' id='block_1_5' title="bbox 441 634 1592 708">
    <p class='ocr_par' dir='ltr' id='par_1_5' title="bbox 441 634 1592 708">
     <span class='ocr_line' id='line_1_5' title="bbox 441 634 1592 708; baseline 0.007 -23"><span class='ocrx_word' id='word_1_17' title='bbox 441 634 569 708; x_wconf 83' lang='lat' dir='ltr'><strong>quia</strong></span> <span class='ocrx_word' id='word_1_18' title='bbox 600 634 907 704; x_wconf 89' lang='lat' dir='ltr'><strong>despicient</strong></span> <span class='ocrx_word' id='word_1_19' title='bbox 934 637 1235 693; x_wconf 86' lang='lat' dir='ltr'><strong>doetriuatn</strong></span> <span class='ocrx_word' id='word_1_20' title='bbox 1268 634 1463 708; x_wconf 85' lang='lat' dir='ltr'><strong>eloquii</strong></span> <span class='ocrx_word' id='word_1_21' title='bbox 1493 639 1592 693; x_wconf 90' lang='lat' dir='ltr'><strong>tui.</strong></span> 
     </span>
    </p>
   </div>
   <div class='ocr_carea' id='block_1_6' title="bbox 369 702 1472 779">
    <p class='ocr_par' dir='ltr' id='par_1_6' title="bbox 369 702 1472 779">
     <span class='ocr_line' id='line_1_6' title="bbox 369 702 1472 779; baseline 0.005 -21"><span class='ocrx_word' id='word_1_22' title='bbox 369 702 446 759; x_wconf 91' lang='lat' dir='ltr'><strong>Ne</strong></span> <span class='ocrx_word' id='word_1_23' title='bbox 471 702 715 773; x_wconf 77' lang='lat' dir='ltr'><strong>attingas</strong></span> <span class='ocrx_word' id='word_1_24' title='bbox 735 708 996 763; x_wconf 87' lang='lat' dir='ltr'><strong>terminos</strong></span> <span class='ocrx_word' id='word_1_25' title='bbox 1029 718 1055 746; x_wconf 72' lang='grc' dir='ltr'><strong><em>ει</em></strong></span> <span class='ocrx_word' id='word_1_26' title='bbox 1084 702 1429 779; x_wconf 78' lang='lat' dir='ltr'><strong>parvulorum</strong></span> <span class='ocrx_word' id='word_1_27' title='bbox 1459 728 1472 764; x_wconf 92' lang='lat'>:</span> 
     </span>
    </p>
   </div>
   <div class='ocr_carea' id='block_1_7' title="bbox 442 779 1451 846">
    <p class='ocr_par' dir='ltr' id='par_1_7' title="bbox 442 779 1451 846">
     <span class='ocr_line' id='line_1_7' title="bbox 442 779 1451 846; baseline 0.007 -17"><span class='ocrx_word' id='word_1_28' title='bbox 442 786 496 830; x_wconf 90' lang='lat' dir='ltr'><strong>et</strong></span> <span class='ocrx_word' id='word_1_29' title='bbox 525 792 711 845; x_wconf 89' lang='lat' dir='ltr'><strong>agrum</strong></span> <span class='ocrx_word' id='word_1_30' title='bbox 744 779 1066 846; x_wconf 84' lang='lat' dir='ltr'><strong>pupillorum</strong></span> <span class='ocrx_word' id='word_1_31' title='bbox 1099 798 1165 835; x_wconf 86' lang='lat' dir='ltr'><strong>ne</strong></span> <span class='ocrx_word' id='word_1_32' title='bbox 1195 783 1451 836; x_wconf 83' lang='lat' dir='ltr'><strong>introeas.</strong></span> 
     </span>
    </p>
   </div>
   <div class='ocr_carea' id='block_1_8' title="bbox 370 846 1451 917">
    <p class='ocr_par' dir='ltr' id='par_1_8' title="bbox 370 846 1451 917">
     <span class='ocr_line' id='line_1_8' title="bbox 370 846 1451 917; baseline 0.004 -16"><span class='ocrx_word' id='word_1_33' title='bbox 370 846 710 917; x_wconf 82' lang='lat' dir='ltr'><strong>Propinquus</strong></span> <span class='ocrx_word' id='word_1_34' title='bbox 733 852 878 903; x_wconf 90' lang='lat' dir='ltr'><strong>enim</strong></span> <span class='ocrx_word' id='word_1_35' title='bbox 903 851 1119 905; x_wconf 83' lang='lat' dir='ltr'><strong>illorum</strong></span> <span class='ocrx_word' id='word_1_36' title='bbox 1149 853 1304 907; x_wconf 85' lang='lat' dir='ltr'><strong>fortis</strong></span> <span class='ocrx_word' id='word_1_37' title='bbox 1326 862 1411 908; x_wconf 85' lang='lat' dir='ltr'><strong>est</strong></span> <span class='ocrx_word' id='word_1_38' title='bbox 1438 869 1451 905; x_wconf 89' lang='lat'><strong>:</strong></span> 
     </span>
    </p>
   </div>
   <div class='ocr_carea' id='block_1_9' title="bbox 416 920 1735 988">
    <p class='ocr_par' dir='ltr' id='par_1_9' title="bbox 416 920 1735 988">
     <span class='ocr_line' id='line_1_9' title="bbox 416 920 1735 988; baseline 0.008 -19"><span class='ocrx_word' id='word_1_39' title='bbox 416 930 493 973; x_wconf 11' lang='lat' dir='ltr'><strong>iet</strong></span> <span class='ocrx_word' id='word_1_40' title='bbox 524 920 639 985; x_wconf 90' lang='lat' dir='ltr'><strong>ipse</strong></span> <span class='ocrx_word' id='word_1_41' title='bbox 665 920 932 988; x_wconf 86' lang='lat' dir='ltr'><strong>judicabit</strong></span> <span class='ocrx_word' id='word_1_42' title='bbox 956 932 1145 977; x_wconf 90' lang='lat' dir='ltr'><strong>contra</strong></span> <span class='ocrx_word' id='word_1_43' title='bbox 1175 934 1227 978; x_wconf 95' lang='lat' dir='ltr'><strong>te</strong></span> <span class='ocrx_word' id='word_1_44' title='bbox 1247 939 1466 979; x_wconf 80' lang='lat' dir='ltr'><strong>causam</strong></span> <span class='ocrx_word' id='word_1_45' title='bbox 1494 924 1735 979; x_wconf 89' lang='lat' dir='ltr'><strong>illorunt.</strong></span> 
     </span>
    </p>
   </div>
   <div class='ocr_carea' id='block_1_10' title="bbox 366 989 1438 1060">
    <p class='ocr_par' dir='ltr' id='par_1_10' title="bbox 366 989 1438 1060">
     <span class='ocr_line' id='line_1_10' title="bbox 366 989 1438 1060; baseline 0.006 -16"><span class='ocrx_word' id='word_1_46' title='bbox 366 989 700 1060; x_wconf 87' lang='lat' dir='ltr'><strong>lngrediatur</strong></span> <span class='ocrx_word' id='word_1_47' title='bbox 725 992 791 1046; x_wconf 90' lang='lat' dir='ltr'><strong>ad</strong></span> <span class='ocrx_word' id='word_1_48' title='bbox 817 993 1118 1049; x_wconf 87' lang='lat' dir='ltr'><strong>doctrinam</strong></span> <span class='ocrx_word' id='word_1_49' title='bbox 1146 1012 1242 1051; x_wconf 91' lang='lat' dir='ltr'><strong>cor</strong></span> <span class='ocrx_word' id='word_1_50' title='bbox 1267 1006 1438 1060; x_wconf 88' lang='lat' dir='ltr'><strong>tuum,</strong></span> 
     </span>
    </p>
   </div>
   <div class='ocr_carea' id='block_1_11' title="bbox 435 1066 1373 1122">
    <p class='ocr_par' dir='ltr' id='par_1_11' title="bbox 435 1066 1373 1122">
     <span class='ocr_line' id='line_1_11' title="bbox 435 1066 1373 1122; baseline 0.003 -7"><span class='ocrx_word' id='word_1_51' title='bbox 435 1071 489 1116; x_wconf 91' lang='lat' dir='ltr'><strong>et</strong></span> <span class='ocrx_word' id='word_1_52' title='bbox 513 1077 670 1116; x_wconf 85' lang='lat' dir='ltr'><strong>aures</strong></span> <span class='ocrx_word' id='word_1_53' title='bbox 697 1072 799 1117; x_wconf 76' lang='lat' dir='ltr'><strong>tua:</strong></span> <span class='ocrx_word' id='word_1_54' title='bbox 823 1066 890 1118; x_wconf 90' lang='lat' dir='ltr'><strong>ad</strong></span> <span class='ocrx_word' id='word_1_55' title='bbox 913 1069 1074 1120; x_wconf 75' lang='lat' dir='ltr'><strong>verba</strong></span> <span class='ocrx_word' id='word_1_56' title='bbox 1109 1068 1373 1122; x_wconf 72' lang='lat' dir='ltr'><strong>scientize.</strong></span> 
     </span>
    </p>
   </div>
   <div class='ocr_carea' id='block_1_12' title="bbox 362 1131 1515 1206">
    <p class='ocr_par' dir='ltr' id='par_1_12' title="bbox 362 1131 1515 1206">
     <span class='ocr_line' id='line_1_12' title="bbox 362 1131 1515 1206; baseline 0.005 -20"><span class='ocrx_word' id='word_1_57' title='bbox 362 1131 482 1206; x_wconf 81' lang='lat' dir='ltr'><strong>Noli</strong></span> <span class='ocrx_word' id='word_1_58' title='bbox 513 1133 835 1206; x_wconf 69' lang='lat' dir='ltr'><strong>subtrahere</strong></span> <span class='ocrx_word' id='word_1_59' title='bbox 865 1150 895 1189; x_wconf 90' lang='lat' dir='ltr'><strong>a</strong></span> <span class='ocrx_word' id='word_1_60' title='bbox 926 1151 1093 1206; x_wconf 90' lang='lat' dir='ltr'><strong>puero</strong></span> <span class='ocrx_word' id='word_1_61' title='bbox 1124 1138 1465 1206; x_wconf 89' lang='lat' dir='ltr'><strong>disciplinam</strong></span> <span class='ocrx_word' id='word_1_62' title='bbox 1502 1154 1515 1192; x_wconf 87' lang='lat'><strong>:</strong></span> 
     </span>
    </p>
   </div>
   <div class='ocr_carea' id='block_1_13' title="bbox 432 1204 1833 1280">
    <p class='ocr_par' dir='ltr' id='par_1_13' title="bbox 432 1204 1833 1280">
     <span class='ocr_line' id='line_1_13' title="bbox 432 1204 1833 1280; baseline 0.005 -23"><span class='ocrx_word' id='word_1_63' title='bbox 432 1204 479 1258; x_wconf 88' lang='lat' dir='ltr'><strong>si</strong></span> <span class='ocrx_word' id='word_1_64' title='bbox 505 1205 652 1280; x_wconf 81' lang='lat' dir='ltr'><strong>enim</strong></span> <span class='ocrx_word' id='word_1_65' title='bbox 686 1204 1020 1280; x_wconf 79' lang='lat' dir='ltr'><strong>percusseris</strong></span> <span class='ocrx_word' id='word_1_66' title='bbox 1048 1225 1172 1264; x_wconf 91' lang='lat' dir='ltr'><strong>eum</strong></span> <span class='ocrx_word' id='word_1_67' title='bbox 1201 1204 1369 1280; x_wconf 80' lang='lat' dir='ltr'><strong>virga,</strong></span> <span class='ocrx_word' id='word_1_68' title='bbox 1410 1225 1518 1264; x_wconf 90' lang='lat' dir='ltr'><strong>non</strong></span> <span class='ocrx_word' id='word_1_69' title='bbox 1548 1209 1833 1265; x_wconf 90' lang='lat' dir='ltr'><strong>morietur.</strong></span> 
     </span>
    </p>
   </div>
   <div class='ocr_carea' id='block_1_14' title="bbox 362 1274 1119 1345">
    <p class='ocr_par' dir='ltr' id='par_1_14' title="bbox 362 1274 1119 1345">
     <span class='ocr_line' id='line_1_14' title="bbox 362 1274 1119 1345; baseline 0.007 -16"><span class='ocrx_word' id='word_1_70' title='bbox 362 1274 443 1330; x_wconf 87' lang='lat' dir='ltr'><strong>&#39;l‘u</strong></span> <span class='ocrx_word' id='word_1_71' title='bbox 468 1275 616 1344; x_wconf 90' lang='lat' dir='ltr'><strong>virga</strong></span> <span class='ocrx_word' id='word_1_72' title='bbox 646 1279 914 1345; x_wconf 89' lang='lat' dir='ltr'><strong>pereuties</strong></span> <span class='ocrx_word' id='word_1_73' title='bbox 945 1295 1065 1334; x_wconf 90' lang='lat' dir='ltr'><strong>eum</strong></span> <span class='ocrx_word' id='word_1_74' title='bbox 1105 1296 1119 1334; x_wconf 93' lang='lat'><strong>:</strong></span> 
     </span>
    </p>
   </div>
   <div class='ocr_carea' id='block_1_15' title="bbox 431 1348 1558 1417">
    <p class='ocr_par' dir='ltr' id='par_1_15' title="bbox 431 1348 1558 1417">
     <span class='ocr_line' id='line_1_15' title="bbox 431 1348 1558 1417; baseline 0.005 -17"><span class='ocrx_word' id='word_1_75' title='bbox 431 1356 485 1401; x_wconf 91' lang='lat' dir='ltr'><strong>et</strong></span> <span class='ocrx_word' id='word_1_76' title='bbox 516 1348 751 1403; x_wconf 89' lang='lat' dir='ltr'><strong>animam</strong></span> <span class='ocrx_word' id='word_1_77' title='bbox 779 1354 896 1417; x_wconf 89' lang='lat' dir='ltr'><strong>ejus</strong></span> <span class='ocrx_word' id='word_1_78' title='bbox 925 1350 994 1404; x_wconf 90' lang='lat' dir='ltr'><strong>de</strong></span> <span class='ocrx_word' id='word_1_79' title='bbox 1019 1351 1234 1407; x_wconf 88' lang='lat' dir='ltr'><strong>inferno</strong></span> <span class='ocrx_word' id='word_1_80' title='bbox 1277 1351 1558 1408; x_wconf 82' lang='lat' dir='ltr'><strong>liberabis.</strong></span> 
     </span>
    </p>
   </div>
   <div class='ocr_carea' id='block_1_16' title="bbox 362 1416 1513 1493">
    <p class='ocr_par' dir='ltr' id='par_1_16' title="bbox 362 1416 1513 1493">
     <span class='ocr_line' id='line_1_16' title="bbox 362 1416 1513 1493; baseline 0.005 -21"><span class='ocrx_word' id='word_1_81' title='bbox 362 1416 464 1472; x_wconf 84' lang='lat' dir='ltr'><strong>Fili</strong></span> <span class='ocrx_word' id='word_1_82' title='bbox 497 1418 589 1493; x_wconf 85' lang='lat' dir='ltr'><strong>mi,</strong></span> <span class='ocrx_word' id='word_1_83' title='bbox 611 1421 663 1493; x_wconf 81' lang='lat' dir='ltr'><strong>si</strong></span> <span class='ocrx_word' id='word_1_84' title='bbox 692 1416 909 1488; x_wconf 83' lang='lat' dir='ltr'><strong>sapiens</strong></span> <span class='ocrx_word' id='word_1_85' title='bbox 934 1420 1096 1477; x_wconf 80' lang='lat' dir='ltr'><strong>fuerit</strong></span> <span class='ocrx_word' id='word_1_86' title='bbox 1121 1424 1333 1481; x_wconf 89' lang='lat' dir='ltr'><strong>animus</strong></span> <span class='ocrx_word' id='word_1_87' title='bbox 1369 1433 1513 1493; x_wconf 88' lang='lat' dir='ltr'><strong>tuus,</strong></span> 
     </span>
    </p>
   </div>
   <div class='ocr_carea' id='block_1_17' title="bbox 428 1490 1264 1559">
    <p class='ocr_par' dir='ltr' id='par_1_17' title="bbox 428 1490 1264 1559">
     <span class='ocr_line' id='line_1_17' title="bbox 428 1490 1264 1559; baseline 0.01 -18"><span class='ocrx_word' id='word_1_88' title='bbox 428 1490 685 1559; x_wconf 74' lang='lat' dir='ltr'><strong>gaudebit</strong></span> <span class='ocrx_word' id='word_1_89' title='bbox 714 1502 893 1547; x_wconf 90' lang='lat' dir='ltr'><strong>tecum</strong></span> <span class='ocrx_word' id='word_1_90' title='bbox 924 1508 1018 1548; x_wconf 91' lang='lat' dir='ltr'><strong>cor</strong></span> <span class='ocrx_word' id='word_1_91' title='bbox 1048 1510 1226 1549; x_wconf 91' lang='lat' dir='ltr'><strong>meum</strong></span> <span class='ocrx_word' id='word_1_92' title='bbox 1254 1514 1264 1549; x_wconf 93' lang='lat'><strong>:</strong></span> 
     </span>
    </p>
   </div>
   <div class='ocr_carea' id='block_1_18' title="bbox 361 1559 1140 1631">
    <p class='ocr_par' dir='ltr' id='par_1_18' title="bbox 361 1559 1140 1631">
     <span class='ocr_line' id='line_1_18' title="bbox 361 1559 1140 1631; baseline 0.005 -16"><span class='ocrx_word' id='word_1_93' title='bbox 361 1559 428 1615; x_wconf 85' lang='lat' dir='ltr'><strong>Et</strong></span> <span class='ocrx_word' id='word_1_94' title='bbox 449 1563 798 1617; x_wconf 83' lang='lat' dir='ltr'><strong>exsultabunt</strong></span> <span class='ocrx_word' id='word_1_95' title='bbox 829 1579 986 1619; x_wconf 89' lang='lat' dir='ltr'><strong>renes</strong></span> <span class='ocrx_word' id='word_1_96' title='bbox 1014 1569 1140 1631; x_wconf 88' lang='lat' dir='ltr'><strong>mei,</strong></span> 
     </span>
    </p>
   </div>
   <div class='ocr_carea' id='block_1_19' title="bbox 432 1634 1551 1694">
    <p class='ocr_par' dir='ltr' id='par_1_19' title="bbox 432 1634 1551 1694">
     <span class='ocr_line' id='line_1_19' title="bbox 432 1634 1551 1694; baseline 0.007 -8"><span class='ocrx_word' id='word_1_97' title='bbox 432 1645 554 1687; x_wconf 90' lang='lat' dir='ltr'><strong>cum</strong></span> <span class='ocrx_word' id='word_1_98' title='bbox 590 1634 765 1688; x_wconf 90' lang='lat' dir='ltr'><strong>locuta</strong></span> <span class='ocrx_word' id='word_1_99' title='bbox 796 1634 996 1690; x_wconf 81' lang='lat' dir='ltr'><strong>fuerint</strong></span> <span class='ocrx_word' id='word_1_100' title='bbox 1027 1648 1229 1693; x_wconf 89' lang='lat' dir='ltr'><strong>rectum</strong></span> <span class='ocrx_word' id='word_1_101' title='bbox 1262 1637 1398 1694; x_wconf 89' lang='lat' dir='ltr'><strong>labia</strong></span> <span class='ocrx_word' id='word_1_102' title='bbox 1440 1646 1551 1694; x_wconf 88' lang='lat' dir='ltr'><strong>tua.</strong></span> 
     </span>
    </p>
   </div>
   <div class='ocr_carea' id='block_1_20' title="bbox 360 1701 1492 1777">
    <p class='ocr_par' dir='ltr' id='par_1_20' title="bbox 360 1701 1492 1777">
     <span class='ocr_line' id='line_1_20' title="bbox 360 1701 1492 1777; baseline 0.006 -21"><span class='ocrx_word' id='word_1_103' title='bbox 360 1701 476 1757; x_wconf 86' lang='lat' dir='ltr'><strong>Non</strong></span> <span class='ocrx_word' id='word_1_104' title='bbox 510 1704 794 1777; x_wconf 68' lang='lat' dir='ltr'><strong>aemuletur</strong></span> <span class='ocrx_word' id='word_1_105' title='bbox 824 1721 920 1761; x_wconf 92' lang='lat' dir='ltr'><strong>cor</strong></span> <span class='ocrx_word' id='word_1_106' title='bbox 950 1720 1096 1763; x_wconf 89' lang='lat' dir='ltr'><strong>tuum</strong></span> <span class='ocrx_word' id='word_1_107' title='bbox 1130 1721 1447 1777; x_wconf 88' lang='lat' dir='ltr'><strong>peccatores</strong></span> <span class='ocrx_word' id='word_1_108' title='bbox 1478 1727 1492 1763; x_wconf 90' lang='lat'><strong>:</strong></span> 
     </span>
    </p>
   </div>
   <div class='ocr_carea' id='block_1_21' title="bbox 432 1774 1527 1838">
    <p class='ocr_par' dir='ltr' id='par_1_21' title="bbox 432 1774 1527 1838">
     <span class='ocr_line' id='line_1_21' title="bbox 432 1774 1527 1838; baseline 0.006 -10"><span class='ocrx_word' id='word_1_109' title='bbox 432 1774 528 1829; x_wconf 89' lang='lat' dir='ltr'><strong>sed</strong></span> <span class='ocrx_word' id='word_1_110' title='bbox 559 1774 616 1830; x_wconf 90' lang='lat' dir='ltr'><strong>in</strong></span> <span class='ocrx_word' id='word_1_111' title='bbox 654 1778 844 1833; x_wconf 88' lang='lat' dir='ltr'><strong>timore</strong></span> <span class='ocrx_word' id='word_1_112' title='bbox 869 1778 1078 1834; x_wconf 87' lang='lat' dir='ltr'><strong>Domini</strong></span> <span class='ocrx_word' id='word_1_113' title='bbox 1106 1774 1222 1836; x_wconf 84' lang='lat' dir='ltr'><strong>esto</strong></span> <span class='ocrx_word' id='word_1_114' title='bbox 1252 1790 1361 1836; x_wconf 85' lang='lat' dir='ltr'><strong>tota</strong></span> <span class='ocrx_word' id='word_1_115' title='bbox 1391 1780 1480 1838; x_wconf 89' lang='lat' dir='ltr'><strong>die</strong></span> <span class='ocrx_word' id='word_1_116' title='bbox 1513 1798 1527 1835; x_wconf 90' lang='lat'><strong>:</strong></span> 
     </span>
    </p>
   </div>
   <div class='ocr_carea' id='block_1_22' title="bbox 356 1845 1399 1919">
    <p class='ocr_par' dir='ltr' id='par_1_22' title="bbox 356 1845 1399 1919">
     <span class='ocr_line' id='line_1_22' title="bbox 356 1845 1399 1919; baseline 0.007 -20"><span class='ocrx_word' id='word_1_117' title='bbox 356 1845 495 1915; x_wconf 82' lang='lat' dir='ltr'><strong>Quia</strong></span> <span class='ocrx_word' id='word_1_118' title='bbox 527 1846 752 1903; x_wconf 85' lang='lat' dir='ltr'><strong>habebis</strong></span> <span class='ocrx_word' id='word_1_119' title='bbox 782 1864 932 1919; x_wconf 84' lang='lat' dir='ltr'><strong>Spem</strong></span> <span class='ocrx_word' id='word_1_120' title='bbox 979 1852 1031 1905; x_wconf 91' lang='lat' dir='ltr'><strong>in</strong></span> <span class='ocrx_word' id='word_1_121' title='bbox 1066 1853 1361 1908; x_wconf 89' lang='lat' dir='ltr'><strong>novissimo</strong></span> <span class='ocrx_word' id='word_1_122' title='bbox 1385 1894 1399 1918; x_wconf 95' lang='lat'><strong>,</strong></span> 
     </span>
    </p>
   </div>
   <div class='ocr_carea' id='block_1_23' title="bbox 429 1920 1423 1987">
    <p class='ocr_par' dir='ltr' id='par_1_23' title="bbox 429 1920 1423 1987">
     <span class='ocr_line' id='line_1_23' title="bbox 429 1920 1423 1987; baseline 0.007 -16"><span class='ocrx_word' id='word_1_123' title='bbox 429 1925 486 1971; x_wconf 89' lang='lat' dir='ltr'><strong>et</strong></span> <span class='ocrx_word' id='word_1_124' title='bbox 511 1920 842 1987; x_wconf 87' lang='lat' dir='ltr'><strong>praestolatio</strong></span> <span class='ocrx_word' id='word_1_125' title='bbox 872 1930 961 1976; x_wconf 90' lang='lat' dir='ltr'><strong>tua</strong></span> <span class='ocrx_word' id='word_1_126' title='bbox 990 1937 1097 1977; x_wconf 90' lang='lat' dir='ltr'><strong>non</strong></span> <span class='ocrx_word' id='word_1_127' title='bbox 1127 1925 1423 1979; x_wconf 80' lang='lat' dir='ltr'><strong>auferetur.</strong></span> 
     </span>
    </p>
   </div>
   <div class='ocr_carea' id='block_1_24' title="bbox 358 1988 1257 2061">
    <p class='ocr_par' dir='ltr' id='par_1_24' title="bbox 358 1988 1257 2061">
     <span class='ocr_line' id='line_1_24' title="bbox 358 1988 1257 2061; baseline 0.009 -19"><span class='ocrx_word' id='word_1_128' title='bbox 358 1988 523 2057; x_wconf 84' lang='lat' dir='ltr'><strong>Audi,</strong></span> <span class='ocrx_word' id='word_1_129' title='bbox 555 1990 629 2044; x_wconf 90' lang='lat' dir='ltr'><strong>lili</strong></span> <span class='ocrx_word' id='word_1_130' title='bbox 656 1992 748 2056; x_wconf 91' lang='lat' dir='ltr'><strong>mi,</strong></span> <span class='ocrx_word' id='word_1_131' title='bbox 779 2002 833 2047; x_wconf 91' lang='lat' dir='ltr'><strong>et</strong></span> <span class='ocrx_word' id='word_1_132' title='bbox 854 2005 972 2048; x_wconf 92' lang='lat' dir='ltr'><strong>esto</strong></span> <span class='ocrx_word' id='word_1_133' title='bbox 1000 1997 1257 2061; x_wconf 89' lang='lat' dir='ltr'><strong>sapiens:</strong></span> 
     </span>
    </p>
   </div>
   <div class='ocr_carea' id='block_1_25' title="bbox 430 2061 1368 2131">
    <p class='ocr_par' dir='ltr' id='par_1_25' title="bbox 430 2061 1368 2131">
     <span class='ocr_line' id='line_1_25' title="bbox 430 2061 1368 2131; baseline 0.006 -18"><span class='ocrx_word' id='word_1_134' title='bbox 430 2069 486 2131; x_wconf 90' lang='lat' dir='ltr'><strong>et</strong></span> <span class='ocrx_word' id='word_1_135' title='bbox 513 2061 685 2131; x_wconf 78' lang='lat' dir='ltr'><strong>dirige</strong></span> <span class='ocrx_word' id='word_1_136' title='bbox 714 2062 770 2117; x_wconf 93' lang='lat' dir='ltr'><strong>in</strong></span> <span class='ocrx_word' id='word_1_137' title='bbox 806 2063 892 2120; x_wconf 86' lang='lat' dir='ltr'><strong>via</strong></span> <span class='ocrx_word' id='word_1_138' title='bbox 922 2066 1159 2121; x_wconf 88' lang='lat' dir='ltr'><strong>animum</strong></span> <span class='ocrx_word' id='word_1_139' title='bbox 1194 2075 1368 2121; x_wconf 90' lang='lat' dir='ltr'><strong>tuum.</strong></span> 
     </span>
    </p>
   </div>
   <div class='ocr_carea' id='block_1_26' title="bbox 360 2129 1365 2205">
    <p class='ocr_par' dir='ltr' id='par_1_26' title="bbox 360 2129 1365 2205">
     <span class='ocr_line' id='line_1_26' title="bbox 360 2129 1365 2205; baseline 0.008 -21"><span class='ocrx_word' id='word_1_140' title='bbox 360 2129 480 2185; x_wconf 88' lang='lat' dir='ltr'><strong>Noli</strong></span> <span class='ocrx_word' id='word_1_141' title='bbox 509 2129 708 2205; x_wconf 47' lang='lat' dir='ltr'><strong>esse—in</strong></span> <span class='ocrx_word' id='word_1_142' title='bbox 741 2136 1006 2191; x_wconf 81' lang='lat' dir='ltr'><strong>conviviis</strong></span> <span class='ocrx_word' id='word_1_143' title='bbox 1038 2148 1365 2205; x_wconf 90' lang='lat' dir='ltr'><strong>potatorom,</strong></span> 
     </span>
    </p>
   </div>
   <div class='ocr_carea' id='block_1_27' title="bbox 428 2202 1945 2279">
    <p class='ocr_par' dir='ltr' id='par_1_27' title="bbox 428 2202 1945 2279">
     <span class='ocr_line' id='line_1_27' title="bbox 428 2202 1945 2279; baseline 0.005 -22"><span class='ocrx_word' id='word_1_144' title='bbox 428 2217 528 2259; x_wconf 91' lang='lat' dir='ltr'><strong>nec</strong></span> <span class='ocrx_word' id='word_1_145' title='bbox 553 2202 607 2259; x_wconf 91' lang='lat' dir='ltr'><strong>in</strong></span> <span class='ocrx_word' id='word_1_146' title='bbox 622 2202 1119 2279; x_wconf 86' lang='lat' dir='ltr'><strong>_comessa_tionibus</strong></span> <span class='ocrx_word' id='word_1_147' title='bbox 1149 2202 1360 2277; x_wconf 86' lang='lat' dir='ltr'><strong>eorum,</strong></span> <span class='ocrx_word' id='word_1_148' title='bbox 1385 2205 1478 2279; x_wconf 88' lang='lat' dir='ltr'><strong>qui</strong></span> <span class='ocrx_word' id='word_1_149' title='bbox 1509 2222 1701 2264; x_wconf 87' lang='lat' dir='ltr'><strong>carnes</strong></span> <span class='ocrx_word' id='word_1_150' title='bbox 1722 2206 1790 2263; x_wconf 91' lang='lat' dir='ltr'><strong>ad</strong></span> <span class='ocrx_word' id='word_1_151' title='bbox 1835 2222 1945 2264; x_wconf 89' lang='lat' dir='ltr'><strong>ves-</strong></span> 
     </span>
    </p>
   </div>
   <div class='ocr_carea' id='block_1_28' title="bbox 498 2275 1089 2334">
    <p class='ocr_par' dir='ltr' id='par_1_28' title="bbox 498 2275 1089 2334">
     <span class='ocr_line' id='line_1_28' title="bbox 498 2275 1089 2334; baseline 0.005 -4"><span class='ocrx_word' id='word_1_152' title='bbox 498 2275 728 2331; x_wconf 91' lang='lat' dir='ltr'><strong>cendum</strong></span> <span class='ocrx_word' id='word_1_153' title='bbox 760 2277 1045 2334; x_wconf 88' lang='lat' dir='ltr'><strong>conferunt</strong></span> <span class='ocrx_word' id='word_1_154' title='bbox 1077 2297 1089 2332; x_wconf 89' lang='lat'>:</span> 
     </span>
    </p>
   </div>
   <div class='ocr_carea' id='block_1_29' title="bbox 356 2343 1947 2421">
    <p class='ocr_par' dir='ltr' id='par_1_29' title="bbox 356 2343 1947 2421">
     <span class='ocr_line' id='line_1_29' title="bbox 356 2343 1947 2421; baseline 0.004 -22"><span class='ocrx_word' id='word_1_155' title='bbox 356 2343 494 2412; x_wconf 86' lang='lat' dir='ltr'><strong>Quia</strong></span> <span class='ocrx_word' id='word_1_156' title='bbox 520 2358 775 2404; x_wconf 90' lang='lat' dir='ltr'><strong>vacantes</strong></span> <span class='ocrx_word' id='word_1_157' title='bbox 812 2350 1048 2420; x_wconf 87' lang='lat' dir='ltr'><strong>potibus,</strong></span> <span class='ocrx_word' id='word_1_158' title='bbox 1068 2361 1123 2407; x_wconf 92' lang='lat' dir='ltr'><strong>et</strong></span> <span class='ocrx_word' id='word_1_159' title='bbox 1145 2350 1337 2408; x_wconf 89' lang='lat' dir='ltr'><strong>dantes</strong></span> <span class='ocrx_word' id='word_1_160' title='bbox 1350 2349 1598 2421; x_wconf 78' lang='lat' dir='ltr'><strong>symbola</strong></span> <span class='ocrx_word' id='word_1_161' title='bbox 1620 2365 1947 2408; x_wconf 89' lang='lat' dir='ltr'><strong>consumen-</strong></span> 
     </span>
    </p>
   </div>
   <div class='ocr_carea' id='block_1_30' title="bbox 500 2427 609 2483">
    <p class='ocr_par' dir='ltr' id='par_1_30' title="bbox 500 2427 609 2483">
     <span class='ocr_line' id='line_1_30' title="bbox 500 2427 609 2483; baseline 0 -10"><span class='ocrx_word' id='word_1_162' title='bbox 500 2427 609 2483; x_wconf 90' lang='lat' dir='ltr'><strong>tur,</strong></span> 
     </span>
    </p>
   </div>
   <div class='ocr_carea' id='block_1_31' title="bbox 427 2490 1368 2562">
    <p class='ocr_par' dir='ltr' id='par_1_31' title="bbox 427 2490 1368 2562">
     <span class='ocr_line' id='line_1_31' title="bbox 427 2490 1368 2562; baseline 0.003 -18"><span class='ocrx_word' id='word_1_163' title='bbox 427 2497 484 2562; x_wconf 76' lang='lat' dir='ltr'><strong>et</strong></span> <span class='ocrx_word' id='word_1_164' title='bbox 510 2490 775 2547; x_wconf 85' lang='lat' dir='ltr'><strong>vestietur</strong></span> <span class='ocrx_word' id='word_1_165' title='bbox 802 2492 993 2562; x_wconf 90' lang='lat' dir='ltr'><strong>pannis</strong></span> <span class='ocrx_word' id='word_1_166' title='bbox 1032 2492 1368 2549; x_wconf 90' lang='lat' dir='ltr'><strong>dormitatio.</strong></span> 
     </span>
    </p>
   </div>
   <div class='ocr_carea' id='block_1_32' title="bbox 358 2559 1360 2636">
    <p class='ocr_par' dir='ltr' id='par_1_32' title="bbox 358 2559 1360 2636">
     <span class='ocr_line' id='line_1_32' title="bbox 358 2559 1360 2636; baseline 0.004 -22"><span class='ocrx_word' id='word_1_167' title='bbox 358 2559 497 2615; x_wconf 85' lang='lat' dir='ltr'><strong>Audi</strong></span> <span class='ocrx_word' id='word_1_168' title='bbox 519 2570 726 2631; x_wconf 88' lang='lat' dir='ltr'><strong>patrem</strong></span> <span class='ocrx_word' id='word_1_169' title='bbox 756 2559 925 2630; x_wconf 78' lang='lat' dir='ltr'><strong>tuum,</strong></span> <span class='ocrx_word' id='word_1_170' title='bbox 955 2565 1045 2635; x_wconf 88' lang='lat' dir='ltr'><strong>qui</strong></span> <span class='ocrx_word' id='word_1_171' title='bbox 1066 2566 1255 2636; x_wconf 80' lang='lat' dir='ltr'><strong>genuit</strong></span> <span class='ocrx_word' id='word_1_172' title='bbox 1287 2576 1360 2620; x_wconf 91' lang='lat' dir='ltr'><strong>te.</strong></span> 
     </span>
    </p>
   </div>
   <div class='ocr_carea' id='block_1_33' title="bbox 426 2638 1687 2693">
    <p class='ocr_par' dir='ltr' id='par_1_33' title="bbox 426 2638 1687 2693">
     <span class='ocr_line' id='line_1_33' title="bbox 426 2638 1687 2693; baseline 0.003 -7"><span class='ocrx_word' id='word_1_173' title='bbox 426 2641 481 2686; x_wconf 92' lang='lat' dir='ltr'><strong>et</strong></span> <span class='ocrx_word' id='word_1_174' title='bbox 507 2648 576 2688; x_wconf 90' lang='lat' dir='ltr'><strong>ne</strong></span> <span class='ocrx_word' id='word_1_175' title='bbox 602 2646 918 2691; x_wconf 90' lang='lat' dir='ltr'><strong>contemnas</strong></span> <span class='ocrx_word' id='word_1_176' title='bbox 945 2651 1069 2692; x_wconf 90' lang='lat' dir='ltr'><strong>cum</strong></span> <span class='ocrx_word' id='word_1_177' title='bbox 1092 2638 1333 2693; x_wconf 87' lang='lat' dir='ltr'><strong>senuerit</strong></span> <span class='ocrx_word' id='word_1_178' title='bbox 1369 2643 1542 2692; x_wconf 86' lang='lat' dir='ltr'><strong>mater</strong></span> <span class='ocrx_word' id='word_1_179' title='bbox 1577 2644 1687 2692; x_wconf 90' lang='lat' dir='ltr'><strong>tua.</strong></span> 
     </span>
    </p>
   </div>
   <div class='ocr_carea' id='block_1_34' title="bbox 358 2701 1316 2773">
    <p class='ocr_par' dir='ltr' id='par_1_34' title="bbox 358 2701 1316 2773">
     <span class='ocr_line' id='line_1_34' title="bbox 358 2701 1316 2773; baseline 0.005 -15"><span class='ocrx_word' id='word_1_180' title='bbox 358 2701 651 2759; x_wconf 82' lang='lat' dir='ltr'><strong>Veritatem</strong></span> <span class='ocrx_word' id='word_1_181' title='bbox 678 2720 820 2773; x_wconf 88' lang='lat' dir='ltr'><strong>eme,</strong></span> <span class='ocrx_word' id='word_1_182' title='bbox 852 2717 909 2761; x_wconf 92' lang='lat' dir='ltr'><strong>et</strong></span> <span class='ocrx_word' id='word_1_183' title='bbox 938 2710 1049 2763; x_wconf 89' lang='lat' dir='ltr'><strong>noli</strong></span> <span class='ocrx_word' id='word_1_184' title='bbox 1077 2709 1316 2764; x_wconf 89' lang='lat' dir='ltr'><strong>vendere</strong></span> 
     </span>
    </p>
   </div>
   <div class='ocr_carea' id='block_1_35' title="bbox 426 2776 1760 2849">
    <p class='ocr_par' dir='ltr' id='par_1_35' title="bbox 426 2776 1760 2849">
     <span class='ocr_line' id='line_1_35' title="bbox 426 2776 1760 2849; baseline 0.002 -20"><span class='ocrx_word' id='word_1_185' title='bbox 426 2776 838 2849; x_wconf 84' lang='lat' dir='ltr'><strong>sapientem,et</strong></span> <span class='ocrx_word' id='word_1_186' title='bbox 866 2777 1175 2834; x_wconf 77' lang='lat' dir='ltr'><strong>doctrinam</strong></span> <span class='ocrx_word' id='word_1_187' title='bbox 1198 2821 1213 2847; x_wconf 91' lang='lat'><strong>,</strong></span> <span class='ocrx_word' id='word_1_188' title='bbox 1242 2790 1296 2835; x_wconf 90' lang='lat' dir='ltr'><strong>et</strong></span> <span class='ocrx_word' id='word_1_189' title='bbox 1327 2778 1760 2849; x_wconf 82' lang='lat' dir='ltr'><strong>intelligentiam.</strong></span> 
     </span>
    </p>
   </div>
   <div class='ocr_carea' id='block_1_36' title="bbox 362 2845 1221 2918">
    <p class='ocr_par' dir='ltr' id='par_1_36' title="bbox 362 2845 1221 2918">
     <span class='ocr_line' id='line_1_36' title="bbox 362 2845 1221 2918; baseline 0.005 -16"><span class='ocrx_word' id='word_1_190' title='bbox 362 2845 609 2902; x_wconf 80' lang='lat' dir='ltr'><strong>Exsultat</strong></span> <span class='ocrx_word' id='word_1_191' title='bbox 634 2848 835 2917; x_wconf 86' lang='lat' dir='ltr'><strong>gaudio</strong></span> <span class='ocrx_word' id='word_1_192' title='bbox 865 2861 1019 2918; x_wconf 82' lang='lat' dir='ltr'><strong>pater</strong></span> <span class='ocrx_word' id='word_1_193' title='bbox 1041 2852 1172 2918; x_wconf 83' lang='lat' dir='ltr'><strong>justi</strong></span> <span class='ocrx_word' id='word_1_194' title='bbox 1200 2845 1221 2905; x_wconf 74' lang='grc' dir='ltr'>ἐ</span> 
     </span>
    </p>
   </div>
   <div class='ocr_carea' id='block_1_37' title="bbox 428 2918 1579 2991">
    <p class='ocr_par' dir='ltr' id='par_1_37' title="bbox 428 2918 1579 2991">
     <span class='ocr_line' id='line_1_37' title="bbox 428 2918 1579 2991; baseline 0.007 -22"><span class='ocrx_word' id='word_1_195' title='bbox 428 2918 518 2991; x_wconf 81' lang='lat' dir='ltr'><strong>qui</strong></span> <span class='ocrx_word' id='word_1_196' title='bbox 545 2921 865 2989; x_wconf 81' lang='lat' dir='ltr'><strong>sapientiam</strong></span> <span class='ocrx_word' id='word_1_197' title='bbox 888 2924 1091 2991; x_wconf 89' lang='lat' dir='ltr'><strong>genuit,</strong></span> <span class='ocrx_word' id='word_1_198' title='bbox 1120 2922 1387 2977; x_wconf 77' lang='lat' dir='ltr'><strong>[relabitur</strong></span> <span class='ocrx_word' id='word_1_199' title='bbox 1411 2923 1465 2977; x_wconf 93' lang='lat' dir='ltr'><strong>in</strong></span> <span class='ocrx_word' id='word_1_200' title='bbox 1492 2936 1579 2977; x_wconf 90' lang='lat' dir='ltr'><strong>eo.</strong></span> 
     </span>
    </p>
   </div>
   <div class='ocr_carea' id='block_1_38' title="bbox 359 2989 1373 3062">
    <p class='ocr_par' dir='ltr' id='par_1_38' title="bbox 359 2989 1373 3062">
     <span class='ocr_line' id='line_1_38' title="bbox 359 2989 1373 3062; baseline 0.003 -17"><span class='ocrx_word' id='word_1_201' title='bbox 359 2989 599 3045; x_wconf 88' lang='lat' dir='ltr'><strong>Gaudeat</strong></span> <span class='ocrx_word' id='word_1_202' title='bbox 626 2998 781 3060; x_wconf 87' lang='lat' dir='ltr'><strong>pater</strong></span> <span class='ocrx_word' id='word_1_203' title='bbox 811 2989 957 3061; x_wconf 81' lang='lat' dir='ltr'><strong>tuus,</strong></span> <span class='ocrx_word' id='word_1_204' title='bbox 989 3004 1043 3049; x_wconf 91' lang='lat' dir='ltr'><strong>et</strong></span> <span class='ocrx_word' id='word_1_205' title='bbox 1065 3003 1238 3049; x_wconf 87' lang='lat' dir='ltr'><strong>mater</strong></span> <span class='ocrx_word' id='word_1_206' title='bbox 1260 3001 1373 3062; x_wconf 88' lang='lat' dir='ltr'><strong>tua,</strong></span> 
     </span>
    </p>
   </div>
   <div class='ocr_carea' id='block_1_39' title="bbox 428 3062 1196 3135">
    <p class='ocr_par' dir='ltr' id='par_1_39' title="bbox 428 3062 1196 3135">
     <span class='ocr_line' id='line_1_39' title="bbox 428 3062 1196 3135; baseline 0 -18"><span class='ocrx_word' id='word_1_207' title='bbox 428 3072 490 3135; x_wconf 81' lang='lat' dir='ltr'><strong>et</strong></span> <span class='ocrx_word' id='word_1_208' title='bbox 510 3062 745 3135; x_wconf 80' lang='lat' dir='ltr'><strong>exsultet</strong></span> <span class='ocrx_word' id='word_1_209' title='bbox 766 3079 885 3135; x_wconf 75' lang='lat' dir='ltr'><strong>qua:</strong></span> <span class='ocrx_word' id='word_1_210' title='bbox 912 3066 1097 3135; x_wconf 85' lang='lat' dir='ltr'><strong>genuit</strong></span> <span class='ocrx_word' id='word_1_211' title='bbox 1124 3072 1196 3120; x_wconf 91' lang='lat' dir='ltr'><strong>te.</strong></span> 
     </span>
    </p>
   </div>
   <div class='ocr_carea' id='block_1_40' title="bbox 358 3132 1325 3203">
    <p class='ocr_par' dir='ltr' id='par_1_40' title="bbox 358 3132 1325 3203">
     <span class='ocr_line' id='line_1_40' title="bbox 358 3132 1325 3203; baseline 0.005 -16"><span class='ocrx_word' id='word_1_212' title='bbox 358 3132 569 3199; x_wconf 68' lang='lat' dir='ltr'><strong>Prache,</strong></span> <span class='ocrx_word' id='word_1_213' title='bbox 605 3133 677 3188; x_wconf 87' lang='lat' dir='ltr'><strong>fili</strong></span> <span class='ocrx_word' id='word_1_214' title='bbox 710 3132 803 3203; x_wconf 88' lang='lat' dir='ltr'><strong>mi,</strong></span> <span class='ocrx_word' id='word_1_215' title='bbox 833 3132 937 3191; x_wconf 68' lang='lat' dir='ltr'><strong>cor</strong></span> <span class='ocrx_word' id='word_1_216' title='bbox 965 3148 1113 3191; x_wconf 90' lang='lat' dir='ltr'><strong>tuum</strong></span> <span class='ocrx_word' id='word_1_217' title='bbox 1146 3135 1278 3190; x_wconf 93' lang='lat' dir='ltr'><strong>mihi</strong></span> <span class='ocrx_word' id='word_1_218' title='bbox 1311 3155 1325 3192; x_wconf 90' lang='lat'><strong>:</strong></span> 
     </span>
    </p>
   </div>
   <div class='ocr_carea' id='block_1_41' title="bbox 428 3205 1426 3264">
    <p class='ocr_par' dir='ltr' id='par_1_41' title="bbox 428 3205 1426 3264">
     <span class='ocr_line' id='line_1_41' title="bbox 428 3205 1426 3264; baseline 0.003 -5"><span class='ocrx_word' id='word_1_219' title='bbox 428 3212 485 3259; x_wconf 87' lang='lat' dir='ltr'><strong>et</strong></span> <span class='ocrx_word' id='word_1_220' title='bbox 510 3205 651 3259; x_wconf 90' lang='lat' dir='ltr'><strong>oculi</strong></span> <span class='ocrx_word' id='word_1_221' title='bbox 677 3207 750 3260; x_wconf 93' lang='lat' dir='ltr'><strong>tui</strong></span> <span class='ocrx_word' id='word_1_222' title='bbox 780 3208 893 3262; x_wconf 83' lang='lat' dir='ltr'><strong>vias</strong></span> <span class='ocrx_word' id='word_1_223' title='bbox 922 3222 1069 3264; x_wconf 89' lang='lat' dir='ltr'><strong>meas</strong></span> <span class='ocrx_word' id='word_1_224' title='bbox 1097 3207 1426 3262; x_wconf 85' lang='lat' dir='ltr'><strong>custodiant.</strong></span> 
     </span>
    </p>
   </div>
   <div class='ocr_carea' id='block_1_42' title="bbox 360 3275 1431 3349">
    <p class='ocr_par' dir='ltr' id='par_1_42' title="bbox 360 3275 1431 3349">
     <span class='ocr_line' id='line_1_42' title="bbox 360 3275 1431 3349; baseline 0.004 -19"><span class='ocrx_word' id='word_1_225' title='bbox 360 3275 535 3330; x_wconf 82' lang='lat' dir='ltr'><strong>Fovea</strong></span> <span class='ocrx_word' id='word_1_226' title='bbox 564 3276 709 3331; x_wconf 89' lang='lat' dir='ltr'><strong>ettim</strong></span> <span class='ocrx_word' id='word_1_227' title='bbox 740 3278 1001 3346; x_wconf 86' lang='lat' dir='ltr'><strong>profunda</strong></span> <span class='ocrx_word' id='word_1_228' title='bbox 1035 3289 1118 3334; x_wconf 90' lang='lat' dir='ltr'><strong>est</strong></span> <span class='ocrx_word' id='word_1_229' title='bbox 1147 3281 1431 3349; x_wconf 84' lang='lat' dir='ltr'><strong>meretrix,</strong></span> 
     </span>
    </p>
   </div>
   <div class='ocr_carea' id='block_1_43' title="bbox 428 3350 1229 3419">
    <p class='ocr_par' dir='ltr' id='par_1_43' title="bbox 428 3350 1229 3419">
     <span class='ocr_line' id='line_1_43' title="bbox 428 3350 1229 3419; baseline 0.004 -20"><span class='ocrx_word' id='word_1_230' title='bbox 428 3357 491 3419; x_wconf 86' lang='lat' dir='ltr'><strong>et</strong></span> <span class='ocrx_word' id='word_1_231' title='bbox 507 3357 699 3414; x_wconf 92' lang='lat' dir='ltr'><strong>puteus</strong></span> <span class='ocrx_word' id='word_1_232' title='bbox 722 3360 1005 3419; x_wconf 88' lang='lat' dir='ltr'><strong>angustus,</strong></span> <span class='ocrx_word' id='word_1_233' title='bbox 1031 3350 1229 3405; x_wconf 91' lang='lat' dir='ltr'><strong>aliena.</strong></span> 
     </span>
    </p>
   </div>
   <div class='ocr_carea' id='block_1_44' title="bbox 358 3417 1223 3489">
    <p class='ocr_par' dir='ltr' id='par_1_44' title="bbox 358 3417 1223 3489">
     <span class='ocr_line' id='line_1_44' title="bbox 358 3417 1223 3489; baseline 0.006 -16"><span class='ocrx_word' id='word_1_234' title='bbox 358 3417 642 3473; x_wconf 86' lang='lat' dir='ltr'><strong>lttsidiatur</strong></span> <span class='ocrx_word' id='word_1_235' title='bbox 682 3419 733 3474; x_wconf 87' lang='lat' dir='ltr'><strong>in</strong></span> <span class='ocrx_word' id='word_1_236' title='bbox 767 3417 847 3474; x_wconf 82' lang='lat' dir='ltr'><strong>via</strong></span> <span class='ocrx_word' id='word_1_237' title='bbox 874 3422 1029 3489; x_wconf 75' lang='lat' dir='ltr'><strong>quasi</strong></span> <span class='ocrx_word' id='word_1_238' title='bbox 1063 3424 1223 3487; x_wconf 87' lang='lat' dir='ltr'><strong>latro,</strong></span> 
     </span>
    </p>
   </div>
   <div class='ocr_carea' id='block_1_45' title="bbox 428 3492 1497 3561">
    <p class='ocr_par' dir='ltr' id='par_1_45' title="bbox 428 3492 1497 3561">
     <span class='ocr_line' id='line_1_45' title="bbox 428 3492 1497 3561; baseline 0.006 -17"><span class='ocrx_word' id='word_1_239' title='bbox 428 3501 482 3544; x_wconf 92' lang='lat' dir='ltr'><strong>et</strong></span> <span class='ocrx_word' id='word_1_240' title='bbox 512 3504 647 3558; x_wconf 84' lang='lat' dir='ltr'><strong>quos</strong></span> <span class='ocrx_word' id='word_1_241' title='bbox 670 3492 917 3548; x_wconf 84' lang='lat' dir='ltr'><strong>incautos</strong></span> <span class='ocrx_word' id='word_1_242' title='bbox 940 3493 1152 3558; x_wconf 85' lang='lat' dir='ltr'><strong>viderit,</strong></span> <span class='ocrx_word' id='word_1_243' title='bbox 1183 3494 1497 3561; x_wconf 87' lang='lat' dir='ltr'><strong>interficiet,</strong></span> 
     </span>
    </p>
   </div>
   <div class='ocr_carea' id='block_1_46' title="bbox 360 3558 1156 3632">
    <p class='ocr_par' dir='ltr' id='par_1_46' title="bbox 360 3558 1156 3632">
     <span class='ocr_line' id='line_1_46' title="bbox 360 3558 1156 3632; baseline 0.006 -17"><span class='ocrx_word' id='word_1_244' title='bbox 360 3558 387 3595; x_wconf 60' lang='grc' dir='ltr'><strong>ι’</strong></span> <span class='ocrx_word' id='word_1_245' title='bbox 409 3561 509 3632; x_wconf 88' lang='lat' dir='ltr'><strong>Cui</strong></span> <span class='ocrx_word' id='word_1_246' title='bbox 532 3561 653 3615; x_wconf 69' lang='lat' dir='ltr'><strong>vin?</strong></span> <span class='ocrx_word' id='word_1_247' title='bbox 681 3562 837 3631; x_wconf 81' lang='lat' dir='ltr'><strong>cujus</strong></span> <span class='ocrx_word' id='word_1_248' title='bbox 868 3564 1004 3632; x_wconf 87' lang='lat' dir='ltr'><strong>patri</strong></span> <span class='ocrx_word' id='word_1_249' title='bbox 1031 3566 1156 3620; x_wconf 62' lang='lat' dir='ltr'><strong>vat?</strong></span> 
     </span>
    </p>
   </div>
   <div class='ocr_carea' id='block_1_47' title="bbox 426 3631 1056 3692">
    <p class='ocr_par' dir='ltr' id='par_1_47' title="bbox 426 3631 1056 3692">
     <span class='ocr_line' id='line_1_47' title="bbox 426 3631 1056 3692; baseline 0.003 -5"><span class='ocrx_word' id='word_1_250' title='bbox 426 3631 511 3687; x_wconf 90' lang='lat' dir='ltr'><strong>cui</strong></span> <span class='ocrx_word' id='word_1_251' title='bbox 542 3632 713 3688; x_wconf 60' lang='lat' dir='ltr'><strong>rixas?</strong></span> <span class='ocrx_word' id='word_1_252' title='bbox 735 3637 818 3689; x_wconf 86' lang='lat' dir='ltr'><strong>cui</strong></span> <span class='ocrx_word' id='word_1_253' title='bbox 846 3631 1056 3692; x_wconf 67' lang='lat' dir='ltr'><strong>feveaz?</strong></span> 
     </span>
    </p>
   </div>
   <div class='ocr_carea' id='block_1_48' title="bbox 328 3703 1147 3764">
    <p class='ocr_par' dir='ltr' id='par_1_48' title="bbox 328 3703 1147 3764">
     <span class='ocr_line' id='line_1_48' title="bbox 328 3703 1147 3764; baseline 0.007 -8"><span class='ocrx_word' id='word_1_254' title='bbox 328 3708 341 3719; x_wconf 91' lang='lat'>‘</span> <span class='ocrx_word' id='word_1_255' title='bbox 428 3703 517 3758; x_wconf 90' lang='lat' dir='ltr'><strong>cui</strong></span> <span class='ocrx_word' id='word_1_256' title='bbox 543 3704 660 3760; x_wconf 89' lang='lat' dir='ltr'><strong>sine</strong></span> <span class='ocrx_word' id='word_1_257' title='bbox 686 3721 847 3761; x_wconf 90' lang='lat' dir='ltr'><strong>causa</strong></span> <span class='ocrx_word' id='word_1_258' title='bbox 880 3708 1147 3764; x_wconf 83' lang='lat' dir='ltr'><strong>vulnera?</strong></span> 
     </span>
    </p>
   </div>
   <div class='ocr_carea' id='block_1_49' title="bbox 428 3773 1138 3833">
    <p class='ocr_par' dir='ltr' id='par_1_49' title="bbox 428 3773 1138 3833">
     <span class='ocr_line' id='line_1_49' title="bbox 428 3773 1138 3833; baseline 0.006 -4"><span class='ocrx_word' id='word_1_259' title='bbox 428 3773 516 3829; x_wconf 90' lang='lat' dir='ltr'><strong>cui</strong></span> <span class='ocrx_word' id='word_1_260' title='bbox 542 3773 772 3832; x_wconf 78' lang='lat' dir='ltr'><strong>suffusio</strong></span> <span class='ocrx_word' id='word_1_261' title='bbox 803 3778 1086 3833; x_wconf 91' lang='lat' dir='ltr'><strong>oculorum</strong></span> <span class='ocrx_word' id='word_1_262' title='bbox 1115 3780 1138 3833; x_wconf 90' lang='lat'><strong>?</strong></span> 
     </span>
    </p>
   </div>
   <div class='ocr_carea' id='block_1_50' title="bbox 358 3845 1473 3917">
    <p class='ocr_par' dir='ltr' id='par_1_50' title="bbox 358 3845 1473 3917">
     <span class='ocr_line' id='line_1_50' title="bbox 358 3845 1473 3917; baseline 0.004 -17"><span class='ocrx_word' id='word_1_263' title='bbox 358 3845 549 3902; x_wconf 85' lang='lat' dir='ltr'><strong>Nonne</strong></span> <span class='ocrx_word' id='word_1_264' title='bbox 576 3847 660 3900; x_wconf 92' lang='lat' dir='ltr'><strong>his</strong></span> <span class='ocrx_word' id='word_1_265' title='bbox 681 3848 774 3917; x_wconf 86' lang='lat' dir='ltr'><strong>qui</strong></span> <span class='ocrx_word' id='word_1_266' title='bbox 800 3861 1208 3906; x_wconf 88' lang='lat' dir='ltr'><strong>commorantur</strong></span> <span class='ocrx_word' id='word_1_267' title='bbox 1232 3851 1285 3904; x_wconf 89' lang='lat' dir='ltr'><strong>in</strong></span> <span class='ocrx_word' id='word_1_268' title='bbox 1320 3849 1473 3917; x_wconf 89' lang='lat' dir='ltr'><strong>vino,</strong></span> 
     </span>
    </p>
   </div>
   <div class='ocr_carea' id='block_1_51' title="bbox 428 3917 1402 3990">
    <p class='ocr_par' dir='ltr' id='par_1_51' title="bbox 428 3917 1402 3990">
     <span class='ocr_line' id='line_1_51' title="bbox 428 3917 1402 3990; baseline 0.002 -17"><span class='ocrx_word' id='word_1_269' title='bbox 428 3926 484 3990; x_wconf 87' lang='lat' dir='ltr'><strong>et</strong></span> <span class='ocrx_word' id='word_1_270' title='bbox 521 3917 740 3973; x_wconf 89' lang='lat' dir='ltr'><strong>student</strong></span> <span class='ocrx_word' id='word_1_271' title='bbox 779 3920 1039 3976; x_wconf 86' lang='lat' dir='ltr'><strong>calicibus</strong></span> <span class='ocrx_word' id='word_1_272' title='bbox 1071 3922 1402 3990; x_wconf 79' lang='lat' dir='ltr'><strong>epotandis?</strong></span> 
     </span>
    </p>
   </div>
   <div class='ocr_carea' id='block_1_52' title="bbox 357 3986 1508 4062">
    <p class='ocr_par' dir='ltr' id='par_1_52' title="bbox 357 3986 1508 4062">
     <span class='ocr_line' id='line_1_52' title="bbox 357 3986 1508 4062; baseline 0.004 -19"><span class='ocrx_word' id='word_1_273' title='bbox 357 3986 435 4044; x_wconf 86' lang='lat' dir='ltr'><strong>Ne</strong></span> <span class='ocrx_word' id='word_1_274' title='bbox 462 3989 721 4062; x_wconf 89' lang='lat' dir='ltr'><strong>intuearis</strong></span> <span class='ocrx_word' id='word_1_275' title='bbox 752 3992 934 4045; x_wconf 89' lang='lat' dir='ltr'><strong>vinum</strong></span> <span class='ocrx_word' id='word_1_276' title='bbox 972 3986 1191 4062; x_wconf 79' lang='lat' dir='ltr'><strong>quando</strong></span> <span class='ocrx_word' id='word_1_277' title='bbox 1222 3992 1508 4061; x_wconf 85' lang='lat' dir='ltr'><strong>ﬂavescit,</strong></span> 
     </span>
    </p>
   </div>
   <div class='ocr_carea' id='block_1_53' title="bbox 429 4061 1517 4132">
    <p class='ocr_par' dir='ltr' id='par_1_53' title="bbox 429 4061 1517 4132">
     <span class='ocr_line' id='line_1_53' title="bbox 429 4061 1517 4132; baseline 0.004 -17"><span class='ocrx_word' id='word_1_278' title='bbox 429 4075 552 4115; x_wconf 92' lang='lat' dir='ltr'><strong>cum</strong></span> <span class='ocrx_word' id='word_1_279' title='bbox 574 4061 913 4130; x_wconf 89' lang='lat' dir='ltr'><strong>splenduerit</strong></span> <span class='ocrx_word' id='word_1_280' title='bbox 940 4061 1000 4117; x_wconf 84' lang='lat' dir='ltr'><strong>in</strong></span> <span class='ocrx_word' id='word_1_281' title='bbox 1028 4065 1165 4118; x_wconf 87' lang='lat' dir='ltr'><strong>vitro</strong></span> <span class='ocrx_word' id='word_1_282' title='bbox 1192 4065 1344 4119; x_wconf 92' lang='lat' dir='ltr'><strong>color</strong></span> <span class='ocrx_word' id='word_1_283' title='bbox 1375 4066 1517 4132; x_wconf 85' lang='lat' dir='ltr'><strong>ejus.</strong></span> 
     </span>
    </p>
   </div>
   <div class='ocr_carea' id='block_1_54' title="bbox 358 4130 1949 4260">
    <p class='ocr_par' dir='ltr' id='par_1_54' title="bbox 358 4130 1949 4260">
     <span class='ocr_line' id='line_1_54' title="bbox 358 4130 1949 4260; baseline 0.003 -75"><span class='ocrx_word' id='word_1_284' title='bbox 358 4130 662 4260; x_wconf 54' lang='lat' dir='ltr'><strong>lngreldiltgr</strong></span> <span class='ocrx_word' id='word_1_285' title='bbox 682 4134 901 4201; x_wconf 87' lang='lat' dir='ltr'><strong>blande,</strong></span> <span class='ocrx_word' id='word_1_286' title='bbox 924 4134 1019 4190; x_wconf 88' lang='lat' dir='ltr'><strong>sed</strong></span> <span class='ocrx_word' id='word_1_287' title='bbox 1050 4136 1102 4191; x_wconf 93' lang='lat' dir='ltr'><strong>in</strong></span> <span class='ocrx_word' id='word_1_288' title='bbox 1128 4130 1424 4192; x_wconf 86' lang='lat' dir='ltr'><strong>novissimo</strong></span> <span class='ocrx_word' id='word_1_289' title='bbox 1450 4134 1723 4192; x_wconf 89' lang='lat' dir='ltr'><strong>mordebit</strong></span> <span class='ocrx_word' id='word_1_290' title='bbox 1758 4141 1820 4189; x_wconf 90' lang='lat' dir='ltr'><strong>ut</strong></span> <span class='ocrx_word' id='word_1_291' title='bbox 1854 4147 1949 4189; x_wconf 89' lang='lat' dir='ltr'><strong>co-</strong></span> 
     </span>
     <span class='ocr_line' id='line_1_55' title="bbox 526 4218 679 4260; baseline 0.013 -3"><span class='ocrx_word' id='word_1_292' title='bbox 526 4219 557 4257; x_wconf 91' lang='lat' dir='ltr'><strong>n</strong></span> <span class='ocrx_word' id='word_1_293' title='bbox 631 4218 679 4260; x_wconf 90' lang='lat' dir='ltr'><strong>r.</strong></span> 
     </span>
    </p>
   </div>
   <div class='ocr_carea' id='block_1_55' title="bbox 526 4218 679 4273">
    <p class='ocr_par' dir='ltr' id='par_1_55' title="bbox 526 4218 679 4273">
     <span class='ocr_line' id='line_1_56' title="bbox 526 4218 679 4273; baseline 0.007 -15"><span class='ocrx_word' id='word_1_294' title='bbox 526 4218 679 4273; x_wconf 86' lang='lat' dir='ltr'><strong>nner,</strong></span> 
     </span>
    </p>
   </div>
   <div class='ocr_carea' id='block_1_56' title="bbox 426 4276 1449 4347">
    <p class='ocr_par' dir='ltr' id='par_1_56' title="bbox 426 4276 1449 4347">
     <span class='ocr_line' id='line_1_57' title="bbox 426 4276 1449 4347; baseline 0.003 -17"><span class='ocrx_word' id='word_1_295' title='bbox 426 4284 484 4347; x_wconf 85' lang='lat' dir='ltr'><strong>et</strong></span> <span class='ocrx_word' id='word_1_296' title='bbox 502 4276 644 4331; x_wconf 85' lang='lat' dir='ltr'><strong>sicut</strong></span> <span class='ocrx_word' id='word_1_297' title='bbox 664 4277 885 4347; x_wconf 86' lang='lat' dir='ltr'><strong>regulos</strong></span> <span class='ocrx_word' id='word_1_298' title='bbox 909 4292 1119 4334; x_wconf 89' lang='lat' dir='ltr'><strong>venena</strong></span> <span class='ocrx_word' id='word_1_299' title='bbox 1165 4278 1449 4336; x_wconf 80' lang='lat' dir='ltr'><strong>ditl&#39;undet.</strong></span> 
     </span>
    </p>
   </div>
   <div class='ocr_carea' id='block_1_57' title="bbox 357 4346 1266 4415">
    <p class='ocr_par' dir='ltr' id='par_1_57' title="bbox 357 4346 1266 4415">
     <span class='ocr_line' id='line_1_58' title="bbox 357 4346 1266 4415; baseline 0.004 -14"><span class='ocrx_word' id='word_1_300' title='bbox 357 4346 508 4402; x_wconf 83' lang='lat' dir='ltr'><strong>Oculi</strong></span> <span class='ocrx_word' id='word_1_301' title='bbox 550 4347 629 4402; x_wconf 89' lang='lat' dir='ltr'><strong>tui</strong></span> <span class='ocrx_word' id='word_1_302' title='bbox 659 4346 918 4405; x_wconf 82' lang='lat' dir='ltr'><strong>videbunt</strong></span> <span class='ocrx_word' id='word_1_303' title='bbox 948 4361 1266 4415; x_wconf 78' lang='lat' dir='ltr'><strong>extraneas,</strong></span> 
     </span>
    </p>
   </div>
   <div class='ocr_carea' id='block_1_58' title="bbox 436 4420 1371 4493">
    <p class='ocr_par' dir='ltr' id='par_1_58' title="bbox 436 4420 1371 4493">
     <span class='ocr_line' id='line_1_59' title="bbox 436 4420 1371 4493; baseline 0.004 -21"><span class='ocrx_word' id='word_1_304' title='bbox 436 4427 494 4472; x_wconf 90' lang='lat' dir='ltr'><strong>et</strong></span> <span class='ocrx_word' id='word_1_305' title='bbox 520 4427 795 4493; x_wconf 78' lang='lat' dir='ltr'><strong>cor_tuum_</strong></span> <span class='ocrx_word' id='word_1_306' title='bbox 815 4420 1067 4493; x_wconf 86' lang='lat' dir='ltr'><strong>loquetur</strong></span> <span class='ocrx_word' id='word_1_307' title='bbox 1093 4437 1371 4493; x_wconf 89' lang='lat' dir='ltr'><strong>perversa.</strong></span> 
     </span>
    </p>
   </div>
   <div class='ocr_carea' id='block_1_59' title="bbox 360 4486 1547 4557">
    <p class='ocr_par' dir='ltr' id='par_1_59' title="bbox 360 4486 1547 4557">
     <span class='ocr_line' id='line_1_60' title="bbox 360 4486 1547 4557; baseline 0.004 -16"><span class='ocrx_word' id='word_1_308' title='bbox 360 4487 427 4542; x_wconf 68' lang='lat' dir='ltr'><strong>lit</strong></span> <span class='ocrx_word' id='word_1_309' title='bbox 456 4487 566 4542; x_wconf 86' lang='lat' dir='ltr'><strong>eris</strong></span> <span class='ocrx_word' id='word_1_310' title='bbox 593 4486 742 4544; x_wconf 86' lang='lat' dir='ltr'><strong>sicut</strong></span> <span class='ocrx_word' id='word_1_311' title='bbox 767 4486 1046 4548; x_wconf 81' lang='lat' dir='ltr'><strong>dormiens</strong></span> <span class='ocrx_word' id='word_1_312' title='bbox 1078 4486 1130 4547; x_wconf 77' lang='lat' dir='ltr'><strong>in</strong></span> <span class='ocrx_word' id='word_1_313' title='bbox 1160 4494 1342 4549; x_wconf 88' lang='lat' dir='ltr'><strong>medio</strong></span> <span class='ocrx_word' id='word_1_314' title='bbox 1372 4492 1508 4548; x_wconf 92' lang='lat' dir='ltr'><strong>mari</strong></span> <span class='ocrx_word' id='word_1_315' title='bbox 1532 4532 1547 4557; x_wconf 96' lang='lat'><strong>,</strong></span> 
     </span>
    </p>
   </div>
   <div class='ocr_carea' id='block_1_60' title="bbox 431 4559 1763 4630">
    <p class='ocr_par' dir='ltr' id='par_1_60' title="bbox 431 4559 1763 4630">
     <span class='ocr_line' id='line_1_61' title="bbox 431 4559 1763 4630; baseline 0.004 -19"><span class='ocrx_word' id='word_1_316' title='bbox 431 4566 493 4630; x_wconf 83' lang='lat' dir='ltr'><strong>et</strong></span> <span class='ocrx_word' id='word_1_317' title='bbox 506 4559 664 4630; x_wconf 88' lang='lat' dir='ltr'><strong>quasi</strong></span> <span class='ocrx_word' id='word_1_318' title='bbox 694 4561 905 4626; x_wconf 79' lang='lat' dir='ltr'><strong>sepitus</strong></span> <span class='ocrx_word' id='word_1_319' title='bbox 934 4564 1289 4630; x_wconf 87' lang='lat' dir='ltr'><strong>gubernator,</strong></span> <span class='ocrx_word' id='word_1_320' title='bbox 1334 4564 1538 4618; x_wconf 89' lang='lat' dir='ltr'><strong>amisso</strong></span> <span class='ocrx_word' id='word_1_321' title='bbox 1567 4561 1723 4618; x_wconf 89' lang='lat' dir='ltr'><strong>clavo</strong></span> <span class='ocrx_word' id='word_1_322' title='bbox 1750 4579 1763 4616; x_wconf 92' lang='lat'>:</span> 
     </span>
    </p>
   </div>
   <div class='ocr_carea' id='block_1_61' title="bbox 366 4628 1786 4699">
    <p class='ocr_par' dir='ltr' id='par_1_61' title="bbox 366 4628 1786 4699">
     <span class='ocr_line' id='line_1_62' title="bbox 366 4628 1786 4699; baseline 0.001 -13"><span class='ocrx_word' id='word_1_323' title='bbox 366 4629 436 4686; x_wconf 84' lang='lat' dir='ltr'><strong>Et</strong></span> <span class='ocrx_word' id='word_1_324' title='bbox 463 4628 616 4684; x_wconf 89' lang='lat' dir='ltr'><strong>dices</strong></span> <span class='ocrx_word' id='word_1_325' title='bbox 648 4646 659 4681; x_wconf 90' lang='lat'>:</span> <span class='ocrx_word' id='word_1_326' title='bbox 700 4628 1136 4688; x_wconf 81' lang='lat' dir='ltr'><strong>Verberaverunt</strong></span> <span class='ocrx_word' id='word_1_327' title='bbox 1172 4648 1290 4699; x_wconf 90' lang='lat' dir='ltr'><strong>me,</strong></span> <span class='ocrx_word' id='word_1_328' title='bbox 1322 4634 1417 4689; x_wconf 89' lang='lat' dir='ltr'><strong>sed</strong></span> <span class='ocrx_word' id='word_1_329' title='bbox 1452 4648 1559 4687; x_wconf 90' lang='lat' dir='ltr'><strong>non</strong></span> <span class='ocrx_word' id='word_1_330' title='bbox 1587 4632 1738 4687; x_wconf 90' lang='lat' dir='ltr'><strong>dolui</strong></span> <span class='ocrx_word' id='word_1_331' title='bbox 1771 4650 1786 4688; x_wconf 93' lang='lat'><strong>:</strong></span> 
     </span>
    </p>
   </div>
   <div class='ocr_carea' id='block_1_62' title="bbox 440 4706 1447 4773">
    <p class='ocr_par' dir='ltr' id='par_1_62' title="bbox 440 4706 1447 4773">
     <span class='ocr_line' id='line_1_63' title="bbox 440 4706 1447 4773; baseline 0.001 -18"><span class='ocrx_word' id='word_1_332' title='bbox 440 4710 722 4773; x_wconf 80' lang='lat' dir='ltr'><strong>traxerunt</strong></span> <span class='ocrx_word' id='word_1_333' title='bbox 749 4716 856 4767; x_wconf 89' lang='lat' dir='ltr'><strong>me,</strong></span> <span class='ocrx_word' id='word_1_334' title='bbox 880 4711 946 4773; x_wconf 85' lang='lat' dir='ltr'><strong>et</strong></span> <span class='ocrx_word' id='word_1_335' title='bbox 976 4718 1078 4773; x_wconf 88' lang='lat' dir='ltr'><strong>ego</strong></span> <span class='ocrx_word' id='word_1_336' title='bbox 1105 4720 1212 4759; x_wconf 90' lang='lat' dir='ltr'><strong>non</strong></span> <span class='ocrx_word' id='word_1_337' title='bbox 1251 4706 1399 4759; x_wconf 89' lang='lat' dir='ltr'><strong>sensi</strong></span> <span class='ocrx_word' id='word_1_338' title='bbox 1435 4722 1447 4756; x_wconf 93' lang='lat'>:</span> 
     </span>
    </p>
   </div>
   <div class='ocr_carea' id='block_1_63' title="bbox 432 4770 1769 4844">
    <p class='ocr_par' dir='ltr' id='par_1_63' title="bbox 432 4770 1769 4844">
     <span class='ocr_line' id='line_1_64' title="bbox 432 4770 1769 4844; baseline 0.001 -19"><span class='ocrx_word' id='word_1_339' title='bbox 432 4770 647 4844; x_wconf 68' lang='lat' dir='ltr'><strong>quando</strong></span> <span class='ocrx_word' id='word_1_340' title='bbox 674 4772 965 4844; x_wconf 88' lang='lat' dir='ltr'><strong>evigilabo,</strong></span> <span class='ocrx_word' id='word_1_341' title='bbox 990 4770 1045 4829; x_wconf 75' lang='grc' dir='ltr'><strong>εἰ</strong></span> <span class='ocrx_word' id='word_1_342' title='bbox 1074 4789 1267 4830; x_wconf 85' lang='lat' dir='ltr'><strong>rursus</strong></span> <span class='ocrx_word' id='word_1_343' title='bbox 1297 4776 1422 4830; x_wconf 86' lang='lat' dir='ltr'><strong>vina</strong></span> <span class='ocrx_word' id='word_1_344' title='bbox 1446 4771 1719 4843; x_wconf 84' lang='lat' dir='ltr'><strong>reperiam</strong></span> <span class='ocrx_word' id='word_1_345' title='bbox 1746 4773 1769 4827; x_wconf 84' lang='lat'>?</span> 
     </span>
    </p>
   </div>
   <div class='ocr_carea' id='block_1_64' title="bbox 361 4842 1559 4918">
    <p class='ocr_par' dir='ltr' id='par_1_64' title="bbox 361 4842 1559 4918">
     <span class='ocr_line' id='line_1_65' title="bbox 361 4842 1559 4918; baseline 0 -18"><span class='ocrx_word' id='word_1_346' title='bbox 361 4842 514 4918; x_wconf 71' lang='grc' dir='ltr'><strong>[ϐιῳ.</strong></span> <span class='ocrx_word' id='word_1_347' title='bbox 543 4842 862 4918; x_wconf 68' lang='grc' dir='ltr'><strong>ΧΧΠΜΝθ</strong></span> <span class='ocrx_word' id='word_1_348' title='bbox 890 4847 1161 4902; x_wconf 82' lang='lat' dir='ltr'><strong>aemuleris</strong></span> <span class='ocrx_word' id='word_1_349' title='bbox 1189 4845 1339 4903; x_wconf 90' lang='lat' dir='ltr'><strong>viros</strong></span> <span class='ocrx_word' id='word_1_350' title='bbox 1364 4842 1559 4912; x_wconf 83' lang='lat' dir='ltr'><strong>malos,</strong></span> 
     </span>
    </p>
   </div>
   <div class='ocr_carea' id='block_1_65' title="bbox 436 4916 1308 4975">
    <p class='ocr_par' dir='ltr' id='par_1_65' title="bbox 436 4916 1308 4975">
     <span class='ocr_line' id='line_1_66' title="bbox 436 4916 1308 4975; baseline 0.005 -5"><span class='ocrx_word' id='word_1_351' title='bbox 436 4929 537 4971; x_wconf 86' lang='lat' dir='ltr'><strong>nec</strong></span> <span class='ocrx_word' id='word_1_352' title='bbox 562 4916 843 4973; x_wconf 88' lang='lat' dir='ltr'><strong>desideres</strong></span> <span class='ocrx_word' id='word_1_353' title='bbox 870 4931 993 4973; x_wconf 90' lang='lat' dir='ltr'><strong>esse</strong></span> <span class='ocrx_word' id='word_1_354' title='bbox 1031 4933 1153 4973; x_wconf 89' lang='lat' dir='ltr'><strong>cum</strong></span> <span class='ocrx_word' id='word_1_355' title='bbox 1184 4918 1263 4973; x_wconf 88' lang='lat' dir='ltr'><strong>eis</strong></span> <span class='ocrx_word' id='word_1_356' title='bbox 1293 4934 1308 4975; x_wconf 91' lang='lat'><strong>:</strong></span> 
     </span>
    </p>
   </div>
   <div class='ocr_carea' id='block_1_66' title="bbox 363 4986 1484 5057">
    <p class='ocr_par' dir='ltr' id='par_1_66' title="bbox 363 4986 1484 5057">
     <span class='ocr_line' id='line_1_67' title="bbox 363 4986 1484 5057; baseline 0.003 -15"><span class='ocrx_word' id='word_1_357' title='bbox 363 4986 499 5056; x_wconf 84' lang='lat' dir='ltr'><strong>Quia</strong></span> <span class='ocrx_word' id='word_1_358' title='bbox 524 4987 741 5057; x_wconf 88' lang='lat' dir='ltr'><strong>rapinas</strong></span> <span class='ocrx_word' id='word_1_359' title='bbox 769 4988 1059 5044; x_wconf 88' lang='lat' dir='ltr'><strong>meditatur</strong></span> <span class='ocrx_word' id='word_1_360' title='bbox 1086 5004 1241 5045; x_wconf 90' lang='lat' dir='ltr'><strong>mens</strong></span> <span class='ocrx_word' id='word_1_361' title='bbox 1269 5004 1484 5057; x_wconf 90' lang='lat' dir='ltr'><strong>eorum,</strong></span> 
     </span>
    </p>
   </div>
   <div class='ocr_carea' id='block_1_67' title="bbox 434 5057 1485 5133">
    <p class='ocr_par' dir='ltr' id='par_1_67' title="bbox 434 5057 1485 5133">
     <span class='ocr_line' id='line_1_68' title="bbox 434 5057 1485 5133; baseline 0 -19"><span class='ocrx_word' id='word_1_362' title='bbox 434 5066 490 5133; x_wconf 82' lang='lat' dir='ltr'><strong>et</strong></span> <span class='ocrx_word' id='word_1_363' title='bbox 516 5057 742 5133; x_wconf 78' lang='lat' dir='ltr'><strong>frandes</strong></span> <span class='ocrx_word' id='word_1_364' title='bbox 755 5058 920 5133; x_wconf 76' lang='lat' dir='ltr'><strong>labia</strong></span> <span class='ocrx_word' id='word_1_365' title='bbox 936 5075 1129 5133; x_wconf 86' lang='lat' dir='ltr'><strong>eorum</strong></span> <span class='ocrx_word' id='word_1_366' title='bbox 1170 5061 1485 5133; x_wconf 86' lang='lat' dir='ltr'><strong>loquuntur.</strong></span> 
     </span>
    </p>
   </div>
   <div class='ocr_carea' id='block_1_68' title="bbox 363 5129 1264 5201">
    <p class='ocr_par' dir='ltr' id='par_1_68' title="bbox 363 5129 1264 5201">
     <span class='ocr_line' id='line_1_69' title="bbox 363 5129 1264 5201; baseline 0.001 -14"><span class='ocrx_word' id='word_1_367' title='bbox 363 5129 639 5198; x_wconf 82' lang='lat' dir='ltr'><strong>Sapientia</strong></span> <span class='ocrx_word' id='word_1_368' title='bbox 664 5130 1022 5187; x_wconf 86' lang='lat' dir='ltr'><strong>aedificabitur</strong></span> <span class='ocrx_word' id='word_1_369' title='bbox 1048 5129 1264 5201; x_wconf 71' lang='lat' dir='ltr'><strong>domus,</strong></span> 
     </span>
    </p>
   </div>
   <div class='ocr_carea' id='block_1_69' title="bbox 438 5202 1206 5274">
    <p class='ocr_par' dir='ltr' id='par_1_69' title="bbox 438 5202 1206 5274">
     <span class='ocr_line' id='line_1_70' title="bbox 438 5202 1206 5274; baseline 0 -17"><span class='ocrx_word' id='word_1_370' title='bbox 438 5211 494 5257; x_wconf 89' lang='lat' dir='ltr'><strong>et</strong></span> <span class='ocrx_word' id='word_1_371' title='bbox 520 5202 807 5274; x_wconf 86' lang='lat' dir='ltr'><strong>prudentia</strong></span> <span class='ocrx_word' id='word_1_372' title='bbox 836 5203 1206 5259; x_wconf 89' lang='lat' dir='ltr'><strong>roborabitur.</strong></span> 
     </span>
    </p>
   </div>
   <div class='ocr_carea' id='block_1_70' title="bbox 443 5322 1962 5407">
    <p class='ocr_par' dir='ltr' id='par_1_70' title="bbox 443 5322 1962 5407">
     <span class='ocr_line' id='line_1_71' title="bbox 443 5322 1962 5407; baseline -0.005 -9"><span class='ocrx_word' id='word_1_373' title='bbox 443 5350 468 5380; x_wconf 76' lang='grc' dir='ltr'>ἰ</span> <span class='ocrx_word' id='word_1_374' title='bbox 492 5340 586 5397; x_wconf 88' lang='lat' dir='ltr'><strong>Est</strong></span> <span class='ocrx_word' id='word_1_375' title='bbox 633 5346 814 5395; x_wconf 88' lang='lat' dir='ltr'><strong>autem</strong></span> <span class='ocrx_word' id='word_1_376' title='bbox 849 5339 905 5395; x_wconf 92' lang='lat' dir='ltr'><strong>in</strong></span> <span class='ocrx_word' id='word_1_377' title='bbox 947 5339 1177 5396; x_wconf 80' lang='lat' dir='ltr'><strong>Hebraeo</strong></span> <span class='ocrx_word' id='word_1_378' title='bbox 1202 5322 1340 5404; x_wconf 63' lang='grc' dir='ltr'><strong>ώΊῖ</strong></span> <span class='ocrx_word' id='word_1_379' title='bbox 1367 5323 1510 5402; x_wconf 62' lang='lat'><strong>511:.</strong></span> <span class='ocrx_word' id='word_1_380' title='bbox 1543 5337 1686 5407; x_wconf 89' lang='lat' dir='ltr'><strong>quod</strong></span> <span class='ocrx_word' id='word_1_381' title='bbox 1718 5344 1825 5403; x_wconf 89' lang='lat' dir='ltr'><strong>est,</strong></span> <span class='ocrx_word' id='word_1_382' title='bbox 1859 5344 1962 5391; x_wconf 84' lang='lat' dir='ltr'><strong>ter-</strong></span> 
     </span>
    </p>
   </div>
   <div class='ocr_carea' id='block_1_71' title="bbox 368 5409 1961 5481">
    <p class='ocr_par' dir='ltr' id='par_1_71' title="bbox 368 5409 1961 5481">
     <span class='ocr_line' id='line_1_72' title="bbox 368 5409 1961 5481; baseline -0.004 -13"><span class='ocrx_word' id='word_1_383' title='bbox 368 5414 537 5468; x_wconf 80' lang='lat' dir='ltr'><strong>minos</strong></span> <span class='ocrx_word' id='word_1_384' title='bbox 566 5412 712 5476; x_wconf 80' lang='lat' dir='ltr'><strong>olim,</strong></span> <span class='ocrx_word' id='word_1_385' title='bbox 751 5412 866 5467; x_wconf 90' lang='lat' dir='ltr'><strong>sive</strong></span> <span class='ocrx_word' id='word_1_386' title='bbox 904 5420 1116 5477; x_wconf 83' lang='lat' dir='ltr'><strong>veteres,</strong></span> <span class='ocrx_word' id='word_1_387' title='bbox 1158 5427 1256 5481; x_wconf 90' lang='lat' dir='ltr'><strong>pro</strong></span> <span class='ocrx_word' id='word_1_388' title='bbox 1287 5426 1395 5481; x_wconf 89' lang='lat' dir='ltr'><strong>quo</strong></span> <span class='ocrx_word' id='word_1_389' title='bbox 1434 5410 1646 5466; x_wconf 87' lang='lat' dir='ltr'><strong>videtur</strong></span> <span class='ocrx_word' id='word_1_390' title='bbox 1691 5409 1749 5466; x_wconf 91' lang='lat' dir='ltr'><strong>S.</strong></span> <span class='ocrx_word' id='word_1_391' title='bbox 1801 5410 1961 5464; x_wconf 87' lang='lat' dir='ltr'><strong>Pater</strong></span> 
     </span>
    </p>
   </div>
   <div class='ocr_carea' id='block_1_72' title="bbox 368 5490 1961 5576">
    <p class='ocr_par' dir='ltr' id='par_1_72' title="bbox 368 5490 1961 5576">
     <span class='ocr_line' id='line_1_73' title="bbox 368 5490 1961 5576; baseline -0.006 -10"><span class='ocrx_word' id='word_1_392' title='bbox 368 5490 503 5573; x_wconf 54' lang='grc' dir='ltr'><strong>ὢν,</strong></span> <span class='ocrx_word' id='word_1_393' title='bbox 547 5504 746 5575; x_wconf 90' lang='lat' dir='ltr'><strong>duplici</strong></span> <span class='ocrx_word' id='word_1_394' title='bbox 776 5504 925 5576; x_wconf 84' lang='lat' dir='ltr'><strong>segol</strong></span> <span class='ocrx_word' id='word_1_395' title='bbox 960 5505 1289 5571; x_wconf 88' lang='lat' dir='ltr'><strong>substracto,</strong></span> <span class='ocrx_word' id='word_1_396' title='bbox 1341 5503 1538 5574; x_wconf 90' lang='lat' dir='ltr'><strong>legisse</strong></span> <span class='ocrx_word' id='word_1_397' title='bbox 1580 5502 1768 5569; x_wconf 81' lang='lat' dir='ltr'><strong>helem,</strong></span> <span class='ocrx_word' id='word_1_398' title='bbox 1818 5500 1961 5571; x_wconf 89' lang='lat' dir='ltr'><strong>quod</strong></span> 
     </span>
    </p>
   </div>
   <div class='ocr_carea' id='block_1_73' title="bbox 370 5579 1963 5667">
    <p class='ocr_par' dir='ltr' id='par_1_73' title="bbox 370 5579 1963 5667">
     <span class='ocr_line' id='line_1_74' title="bbox 370 5579 1963 5667; baseline -0.001 -16"><span class='ocrx_word' id='word_1_399' title='bbox 370 5608 473 5663; x_wconf 89' lang='lat' dir='ltr'><strong>est,</strong></span> <span class='ocrx_word' id='word_1_400' title='bbox 502 5596 825 5663; x_wconf 85' lang='lat' dir='ltr'><strong>adolescens,</strong></span> <span class='ocrx_word' id='word_1_401' title='bbox 858 5598 973 5652; x_wconf 87' lang='lat' dir='ltr'><strong>sive</strong></span> <span class='ocrx_word' id='word_1_402' title='bbox 1018 5597 1289 5667; x_wconf 83' lang='lat' dir='ltr'><strong>parvulus,</strong></span> <span class='ocrx_word' id='word_1_403' title='bbox 1337 5612 1435 5667; x_wconf 87' lang='lat' dir='ltr'><strong>pro</strong></span> <span class='ocrx_word' id='word_1_404' title='bbox 1466 5579 1626 5663; x_wconf 50' lang='lat' dir='ltr'><strong>DSVV,</strong></span> <span class='ocrx_word' id='word_1_405' title='bbox 1671 5594 1815 5665; x_wconf 88' lang='lat' dir='ltr'><strong>quod</strong></span> <span class='ocrx_word' id='word_1_406' title='bbox 1845 5594 1963 5650; x_wconf 89' lang='lat' dir='ltr'><strong>solo</strong></span> 
     </span>
    </p>
   </div>
   <div class='ocr_carea' id='block_1_74' title="bbox 374 5669 1059 5724">
    <p class='ocr_par' dir='ltr' id='par_1_74' title="bbox 374 5669 1059 5724">
     <span class='ocr_line' id='line_1_75' title="bbox 374 5669 1059 5724; baseline -0.001 -1"><span class='ocrx_word' id='word_1_407' title='bbox 374 5670 699 5723; x_wconf 84' lang='lat' dir='ltr'><strong>intermedio</strong></span> <span class='ocrx_word' id='word_1_408' title='bbox 728 5686 829 5722; x_wconf 89' lang='lat' dir='ltr'><strong>vau</strong></span> <span class='ocrx_word' id='word_1_409' title='bbox 857 5669 1059 5724; x_wconf 69' lang='lat' dir='ltr'><strong>differt.</strong></span> 
     </span>
    </p>
   </div>
   <div class='ocr_carea' id='block_1_75' title="bbox 446 5736 1966 5809">
    <p class='ocr_par' dir='ltr' id='par_1_75' title="bbox 446 5736 1966 5809">
     <span class='ocr_line' id='line_1_76' title="bbox 446 5736 1966 5809; baseline -0.001 -16"><span class='ocrx_word' id='word_1_410' title='bbox 446 5740 471 5777; x_wconf 69' lang='grc' dir='ltr'>δ</span> <span class='ocrx_word' id='word_1_411' title='bbox 498 5740 759 5795; x_wconf 64' lang='lat' dir='ltr'><strong>Hebraeus</strong></span> <span class='ocrx_word' id='word_1_412' title='bbox 784 5740 947 5797; x_wconf 85' lang='lat' dir='ltr'><strong>habet</strong></span> <span class='ocrx_word' id='word_1_413' title='bbox 971 5741 1038 5796; x_wconf 90' lang='lat' dir='ltr'><strong>ad</strong></span> <span class='ocrx_word' id='word_1_414' title='bbox 1063 5740 1286 5796; x_wconf 90' lang='lat' dir='ltr'><strong>verbum</strong></span> <span class='ocrx_word' id='word_1_415' title='bbox 1314 5780 1326 5803; x_wconf 93' lang='lat'><strong>,</strong></span> <span class='ocrx_word' id='word_1_416' title='bbox 1378 5737 1472 5794; x_wconf 86' lang='lat' dir='ltr'><strong>Cui</strong></span> <span class='ocrx_word' id='word_1_417' title='bbox 1522 5739 1570 5791; x_wconf 83' lang='lat' dir='ltr'><strong>oi</strong></span> <span class='ocrx_word' id='word_1_418' title='bbox 1622 5737 1761 5809; x_wconf 90' lang='lat' dir='ltr'><strong>(sive</strong></span> <span class='ocrx_word' id='word_1_419' title='bbox 1798 5736 1892 5809; x_wconf 74' lang='lat' dir='ltr'><strong>we)</strong></span> <span class='ocrx_word' id='word_1_420' title='bbox 1919 5746 1966 5793; x_wconf 84' lang='lat' dir='ltr'><strong>et</strong></span> 
     </span>
    </p>
   </div>
   <div class='ocr_carea' id='block_1_76' title="bbox 382 5813 1970 5905">
    <p class='ocr_par' dir='ltr' id='par_1_76' title="bbox 382 5813 1970 5905">
     <span class='ocr_line' id='line_1_77' title="bbox 382 5813 1970 5905; baseline 0.003 -18"><span class='ocrx_word' id='word_1_421' title='bbox 382 5834 462 5887; x_wconf 81' lang='lat' dir='ltr'><strong>cui</strong></span> <span class='ocrx_word' id='word_1_422' title='bbox 504 5833 621 5889; x_wconf 84' lang='lat' dir='ltr'><strong>aboi</strong></span> <span class='ocrx_word' id='word_1_423' title='bbox 652 5833 789 5903; x_wconf 89' lang='lat' dir='ltr'><strong>(sive</strong></span> <span class='ocrx_word' id='word_1_424' title='bbox 819 5833 927 5905; x_wconf 86' lang='lat' dir='ltr'><strong>va).</strong></span> <span class='ocrx_word' id='word_1_425' title='bbox 963 5831 1245 5893; x_wconf 78' lang='lat' dir='ltr'><strong>Hebraice:</strong></span> <span class='ocrx_word' id='word_1_426' title='bbox 1285 5842 1370 5892; x_wconf 53' lang='lat' dir='ltr'><strong>me</strong></span> <span class='ocrx_word' id='word_1_427' title='bbox 1396 5815 1500 5895; x_wconf 65' lang='lat'><strong>77:5</strong></span> <span class='ocrx_word' id='word_1_428' title='bbox 1525 5840 1610 5890; x_wconf 64' lang='grc' dir='ltr'>ΠΝ</span> <span class='ocrx_word' id='word_1_429' title='bbox 1650 5813 1770 5892; x_wconf 67' lang='lat' dir='ltr'><strong>m5.</strong></span> <span class='ocrx_word' id='word_1_430' title='bbox 1804 5829 1970 5888; x_wconf 75' lang='lat' dir='ltr'><strong>Vidu-</strong></span> 
     </span>
    </p>
   </div>
   <div class='ocr_carea' id='block_1_77' title="bbox 1624 299 2433 363">
    <p class='ocr_par' dir='ltr' id='par_1_77' title="bbox 1624 299 2433 363">
     <span class='ocr_line' id='line_1_78' title="bbox 1624 299 2433 363; baseline 0.002 -6"><span class='ocrx_word' id='word_1_431' title='bbox 1624 299 1829 358; x_wconf 81' lang='lat' dir='ltr'><strong>LlBER</strong></span> <span class='ocrx_word' id='word_1_432' title='bbox 1868 300 2433 363; x_wconf 83' lang='lat' dir='ltr'><strong>PROVERBIORUM.</strong></span> 
     </span>
    </p>
   </div>
   <div class='ocr_carea' id='block_1_78' title="bbox 1985 423 3043 495">
    <p class='ocr_par' dir='ltr' id='par_1_78' title="bbox 1985 423 3043 495">
     <span class='ocr_line' id='line_1_79' title="bbox 1985 423 3043 495; baseline 0.003 -16"><span class='ocrx_word' id='word_1_433' title='bbox 1985 428 2042 488; x_wconf 81' lang='grc' dir='ltr'>Α</span> <span class='ocrx_word' id='word_1_434' title='bbox 2064 423 2121 480; x_wconf 90' lang='lat' dir='ltr'><strong>ln</strong></span> <span class='ocrx_word' id='word_1_435' title='bbox 2148 426 2393 481; x_wconf 89' lang='lat' dir='ltr'><strong>doctrina</strong></span> <span class='ocrx_word' id='word_1_436' title='bbox 2418 426 2774 495; x_wconf 86' lang='lat' dir='ltr'><strong>replebuutur</strong></span> <span class='ocrx_word' id='word_1_437' title='bbox 2798 426 3043 495; x_wconf 84' lang='lat' dir='ltr'><strong>cellaria,</strong></span> 
     </span>
    </p>
   </div>
   <div class='ocr_carea' id='block_1_79' title="bbox 1975 4620 2031 4682">
    <p class='ocr_par' dir='ltr' id='par_1_79' title="bbox 1975 4620 2031 4682">
     <span class='ocr_line' id='line_1_80' title="bbox 1975 4620 2031 4682; baseline 0 0"><span class='ocrx_word' id='word_1_438' title='bbox 1975 4620 2031 4682; x_wconf 89' lang='lat' dir='ltr'><strong><em>D</em></strong></span> 
     </span>
    </p>
   </div>
   <div class='ocr_carea' id='block_1_80' title="bbox 3520 310 3662 371">
    <p class='ocr_par' dir='ltr' id='par_1_80' title="bbox 3520 310 3662 371">
     <span class='ocr_line' id='line_1_81' title="bbox 3520 310 3662 371; baseline 0.014 -2"><span class='ocrx_word' id='word_1_439' title='bbox 3520 310 3662 371; x_wconf 71' lang='grc'><strong>1266</strong></span> 
     </span>
    </p>
   </div>
   <div class='ocr_carea' id='block_1_81' title="bbox 2134 496 3489 569">
    <p class='ocr_par' dir='ltr' id='par_1_81' title="bbox 2134 496 3489 569">
     <span class='ocr_line' id='line_1_82' title="bbox 2134 496 3489 569; baseline 0.001 -18"><span class='ocrx_word' id='word_1_440' title='bbox 2134 499 2386 553; x_wconf 90' lang='lat' dir='ltr'><strong>universa</strong></span> <span class='ocrx_word' id='word_1_441' title='bbox 2417 500 2717 555; x_wconf 87' lang='lat' dir='ltr'><strong>substantia</strong></span> <span class='ocrx_word' id='word_1_442' title='bbox 2747 499 2984 568; x_wconf 85' lang='lat' dir='ltr'><strong>pretiosa</strong></span> <span class='ocrx_word' id='word_1_443' title='bbox 3012 508 3066 555; x_wconf 91' lang='lat' dir='ltr'><strong>et</strong></span> <span class='ocrx_word' id='word_1_444' title='bbox 3097 496 3489 569; x_wconf 82' lang='lat' dir='ltr'><strong>pulcherrima.</strong></span> 
     </span>
    </p>
   </div>
   <div class='ocr_carea' id='block_1_82' title="bbox 2066 567 3429 637">
    <p class='ocr_par' dir='ltr' id='par_1_82' title="bbox 2066 567 3429 637">
     <span class='ocr_line' id='line_1_83' title="bbox 2066 567 3429 637; baseline 0.002 -14"><span class='ocrx_word' id='word_1_445' title='bbox 2066 567 2161 623; x_wconf 87' lang='lat' dir='ltr'><strong>Vir</strong></span> <span class='ocrx_word' id='word_1_446' title='bbox 2187 570 2422 637; x_wconf 86' lang='lat' dir='ltr'><strong>sapiens,</strong></span> <span class='ocrx_word' id='word_1_447' title='bbox 2465 569 2621 624; x_wconf 72' lang='lat' dir='ltr'><strong>fontis</strong></span> <span class='ocrx_word' id='word_1_448' title='bbox 2652 567 2774 625; x_wconf 90' lang='lat' dir='ltr'><strong>est:</strong></span> <span class='ocrx_word' id='word_1_449' title='bbox 3100 567 3113 569; x_wconf 12' lang='grc' dir='ltr'><strong>ἡ</strong></span> <span class='ocrx_word' id='word_1_450' title='bbox 3428 580 3429 583; x_wconf 76' lang='lat'>‘</span> 
     </span>
    </p>
   </div>
   <div class='ocr_carea' id='block_1_83' title="bbox 2136 639 3178 707">
    <p class='ocr_par' dir='ltr' id='par_1_83' title="bbox 2136 639 3178 707">
     <span class='ocr_line' id='line_1_84' title="bbox 2136 639 3178 707; baseline 0.003 -14"><span class='ocrx_word' id='word_1_451' title='bbox 2136 649 2191 693; x_wconf 87' lang='lat' dir='ltr'><strong>et</strong></span> <span class='ocrx_word' id='word_1_452' title='bbox 2215 639 2298 694; x_wconf 90' lang='lat' dir='ltr'><strong>vir</strong></span> <span class='ocrx_word' id='word_1_453' title='bbox 2327 640 2541 707; x_wconf 83' lang='lat' dir='ltr'><strong>doetus,</strong></span> <span class='ocrx_word' id='word_1_454' title='bbox 2569 643 2824 696; x_wconf 90' lang='lat' dir='ltr'><strong>robustus</strong></span> <span class='ocrx_word' id='word_1_455' title='bbox 2864 650 2919 696; x_wconf 88' lang='lat' dir='ltr'><strong>et</strong></span> <span class='ocrx_word' id='word_1_456' title='bbox 2948 641 3178 696; x_wconf 85' lang='lat' dir='ltr'><strong>validus.</strong></span> 
     </span>
    </p>
   </div>
   <div class='ocr_carea' id='block_1_84' title="bbox 2063 708 3248 782">
    <p class='ocr_par' dir='ltr' id='par_1_84' title="bbox 2063 708 3248 782">
     <span class='ocr_line' id='line_1_85' title="bbox 2063 708 3248 782; baseline 0.002 -19"><span class='ocrx_word' id='word_1_457' title='bbox 2063 708 2199 777; x_wconf 89' lang='lat' dir='ltr'><strong>Quia</strong></span> <span class='ocrx_word' id='word_1_458' title='bbox 2229 726 2350 766; x_wconf 92' lang='lat' dir='ltr'><strong>cum</strong></span> <span class='ocrx_word' id='word_1_459' title='bbox 2384 713 2740 782; x_wconf 82' lang='lat' dir='ltr'><strong>dispositione</strong></span> <span class='ocrx_word' id='word_1_460' title='bbox 2786 713 2952 767; x_wconf 89' lang='lat' dir='ltr'><strong>initur</strong></span> <span class='ocrx_word' id='word_1_461' title='bbox 3003 714 3200 767; x_wconf 91' lang='lat' dir='ltr'><strong>bellum</strong></span> <span class='ocrx_word' id='word_1_462' title='bbox 3236 730 3248 765; x_wconf 90' lang='lat'>:</span> 
     </span>
    </p>
   </div>
   <div class='ocr_carea' id='block_1_85' title="bbox 2133 783 3237 840">
    <p class='ocr_par' dir='ltr' id='par_1_85' title="bbox 2133 783 3237 840">
     <span class='ocr_line' id='line_1_86' title="bbox 2133 783 3237 840; baseline 0.002 -5"><span class='ocrx_word' id='word_1_463' title='bbox 2133 792 2181 835; x_wconf 90' lang='lat' dir='ltr'><strong>et</strong></span> <span class='ocrx_word' id='word_1_464' title='bbox 2208 784 2313 837; x_wconf 86' lang='lat' dir='ltr'><strong>erit</strong></span> <span class='ocrx_word' id='word_1_465' title='bbox 2341 783 2486 838; x_wconf 88' lang='lat' dir='ltr'><strong>salus</strong></span> <span class='ocrx_word' id='word_1_466' title='bbox 2516 785 2602 839; x_wconf 91' lang='lat' dir='ltr'><strong>ubi</strong></span> <span class='ocrx_word' id='word_1_467' title='bbox 2652 784 2815 839; x_wconf 91' lang='lat' dir='ltr'><strong>multa</strong></span> <span class='ocrx_word' id='word_1_468' title='bbox 2838 785 3062 839; x_wconf 88' lang='lat' dir='ltr'><strong>consilia</strong></span> <span class='ocrx_word' id='word_1_469' title='bbox 3090 794 3237 840; x_wconf 90' lang='lat' dir='ltr'><strong>sunt.</strong></span> 
     </span>
    </p>
   </div>
   <div class='ocr_carea' id='block_1_86' title="bbox 2061 853 2794 925">
    <p class='ocr_par' dir='ltr' id='par_1_86' title="bbox 2061 853 2794 925">
     <span class='ocr_line' id='line_1_87' title="bbox 2061 853 2794 925; baseline 0.003 -18"><span class='ocrx_word' id='word_1_470' title='bbox 2061 853 2283 908; x_wconf 82' lang='lat' dir='ltr'><strong>Excelsa</strong></span> <span class='ocrx_word' id='word_1_471' title='bbox 2312 856 2477 910; x_wconf 92' lang='lat' dir='ltr'><strong>stulto</strong></span> <span class='ocrx_word' id='word_1_472' title='bbox 2505 858 2794 925; x_wconf 88' lang='lat' dir='ltr'><strong>sapientia,</strong></span> 
     </span>
    </p>
   </div>
   <div class='ocr_carea' id='block_1_87' title="bbox 2134 928 3065 997">
    <p class='ocr_par' dir='ltr' id='par_1_87' title="bbox 2134 928 3065 997">
     <span class='ocr_line' id='line_1_88' title="bbox 2134 928 3065 997; baseline 0.001 -20"><span class='ocrx_word' id='word_1_473' title='bbox 2134 928 2187 980; x_wconf 91' lang='lat' dir='ltr'><strong>in</strong></span> <span class='ocrx_word' id='word_1_474' title='bbox 2220 936 2369 993; x_wconf 83' lang='lat' dir='ltr'><strong>porta</strong></span> <span class='ocrx_word' id='word_1_475' title='bbox 2415 942 2524 981; x_wconf 90' lang='lat' dir='ltr'><strong>non</strong></span> <span class='ocrx_word' id='word_1_476' title='bbox 2555 928 2764 997; x_wconf 90' lang='lat' dir='ltr'><strong>aperiet</strong></span> <span class='ocrx_word' id='word_1_477' title='bbox 2792 942 2855 982; x_wconf 90' lang='lat' dir='ltr'><strong>os</strong></span> <span class='ocrx_word' id='word_1_478' title='bbox 2886 942 3065 983; x_wconf 89' lang='lat' dir='ltr'><strong>suum.</strong></span> 
     </span>
    </p>
   </div>
   <div class='ocr_carea' id='block_1_88' title="bbox 2060 995 2799 1067">
    <p class='ocr_par' dir='ltr' id='par_1_88' title="bbox 2060 995 2799 1067">
     <span class='ocr_line' id='line_1_89' title="bbox 2060 995 2799 1067; baseline 0.003 -17"><span class='ocrx_word' id='word_1_479' title='bbox 2060 995 2161 1064; x_wconf 90' lang='lat' dir='ltr'><strong>Qui</strong></span> <span class='ocrx_word' id='word_1_480' title='bbox 2192 998 2393 1067; x_wconf 89' lang='lat' dir='ltr'><strong>cogitat</strong></span> <span class='ocrx_word' id='word_1_481' title='bbox 2421 1000 2560 1052; x_wconf 89' lang='lat' dir='ltr'><strong>mala</strong></span> <span class='ocrx_word' id='word_1_482' title='bbox 2590 995 2799 1066; x_wconf 64' lang='lat' dir='ltr'><strong>facere,</strong></span> 
     </span>
    </p>
   </div>
   <div class='ocr_carea' id='block_1_89' title="bbox 2131 1068 2657 1124">
    <p class='ocr_par' dir='ltr' id='par_1_89' title="bbox 2131 1068 2657 1124">
     <span class='ocr_line' id='line_1_90' title="bbox 2131 1068 2657 1124; baseline 0.004 -2"><span class='ocrx_word' id='word_1_483' title='bbox 2131 1068 2329 1123; x_wconf 79' lang='lat' dir='ltr'><strong>Stultus</strong></span> <span class='ocrx_word' id='word_1_484' title='bbox 2353 1070 2657 1124; x_wconf 88' lang='lat' dir='ltr'><strong>vocabitur.</strong></span> 
     </span>
    </p>
   </div>
   <div class='ocr_carea' id='block_1_90' title="bbox 2058 1136 2966 1210">
    <p class='ocr_par' dir='ltr' id='par_1_90' title="bbox 2058 1136 2966 1210">
     <span class='ocr_line' id='line_1_91' title="bbox 2058 1136 2966 1210; baseline 0.001 -17"><span class='ocrx_word' id='word_1_485' title='bbox 2058 1136 2327 1209; x_wconf 77' lang='lat' dir='ltr'><strong>Cogitatio</strong></span> <span class='ocrx_word' id='word_1_486' title='bbox 2354 1142 2502 1197; x_wconf 88' lang='lat' dir='ltr'><strong>stulti</strong></span> <span class='ocrx_word' id='word_1_487' title='bbox 2526 1150 2807 1210; x_wconf 89' lang='lat' dir='ltr'><strong>peccatum</strong></span> <span class='ocrx_word' id='word_1_488' title='bbox 2837 1150 2917 1197; x_wconf 90' lang='lat' dir='ltr'><strong>est</strong></span> <span class='ocrx_word' id='word_1_489' title='bbox 2953 1159 2966 1194; x_wconf 92' lang='lat'>:</span> 
     </span>
    </p>
   </div>
   <div class='ocr_carea' id='block_1_91' title="bbox 2129 1211 3191 1269">
    <p class='ocr_par' dir='ltr' id='par_1_91' title="bbox 2129 1211 3191 1269">
     <span class='ocr_line' id='line_1_92' title="bbox 2129 1211 3191 1269; baseline 0.001 -4"><span class='ocrx_word' id='word_1_490' title='bbox 2129 1220 2185 1265; x_wconf 89' lang='lat' dir='ltr'><strong>et</strong></span> <span class='ocrx_word' id='word_1_491' title='bbox 2209 1211 2542 1267; x_wconf 88' lang='lat' dir='ltr'><strong>abominatio</strong></span> <span class='ocrx_word' id='word_1_492' title='bbox 2572 1212 2849 1268; x_wconf 84' lang='lat' dir='ltr'><strong>hominum</strong></span> <span class='ocrx_word' id='word_1_493' title='bbox 2895 1214 3191 1269; x_wconf 88' lang='lat' dir='ltr'><strong>detractor.</strong></span> 
     </span>
    </p>
   </div>
   <div class='ocr_carea' id='block_1_92' title="bbox 2057 1280 3259 1355">
    <p class='ocr_par' dir='ltr' id='par_1_92' title="bbox 2057 1280 3259 1355">
     <span class='ocr_line' id='line_1_93' title="bbox 2057 1280 3259 1355; baseline -0.001 -18"><span class='ocrx_word' id='word_1_494' title='bbox 2057 1280 2115 1337; x_wconf 89' lang='lat' dir='ltr'><strong>Si</strong></span> <span class='ocrx_word' id='word_1_495' title='bbox 2134 1282 2527 1355; x_wconf 85' lang='lat' dir='ltr'><strong>desperaveris</strong></span> <span class='ocrx_word' id='word_1_496' title='bbox 2556 1284 2730 1340; x_wconf 82' lang='lat' dir='ltr'><strong>lassus</strong></span> <span class='ocrx_word' id='word_1_497' title='bbox 2759 1286 2810 1341; x_wconf 91' lang='lat' dir='ltr'><strong>in</strong></span> <span class='ocrx_word' id='word_1_498' title='bbox 2836 1286 2926 1340; x_wconf 88' lang='lat' dir='ltr'><strong>die</strong></span> <span class='ocrx_word' id='word_1_499' title='bbox 2954 1285 3216 1355; x_wconf 77' lang='lat' dir='ltr'><strong>angustia:</strong></span> <span class='ocrx_word' id='word_1_500' title='bbox 3248 1301 3259 1335; x_wconf 88' lang='lat'>:</span> 
     </span>
    </p>
   </div>
   <div class='ocr_carea' id='block_1_93' title="bbox 2129 1354 2923 1412">
    <p class='ocr_par' dir='ltr' id='par_1_93' title="bbox 2129 1354 2923 1412">
     <span class='ocr_line' id='line_1_94' title="bbox 2129 1354 2923 1412; baseline 0.001 -4"><span class='ocrx_word' id='word_1_501' title='bbox 2129 1354 2478 1409; x_wconf 86' lang='lat' dir='ltr'><strong>imminuetur</strong></span> <span class='ocrx_word' id='word_1_502' title='bbox 2523 1355 2781 1410; x_wconf 84' lang='lat' dir='ltr'><strong>fortitudo</strong></span> <span class='ocrx_word' id='word_1_503' title='bbox 2812 1366 2923 1412; x_wconf 87' lang='lat' dir='ltr'><strong>tua.</strong></span> 
     </span>
    </p>
   </div>
   <div class='ocr_carea' id='block_1_94' title="bbox 2056 1424 3164 1496">
    <p class='ocr_par' dir='ltr' id='par_1_94' title="bbox 2056 1424 3164 1496">
     <span class='ocr_line' id='line_1_95' title="bbox 2056 1424 3164 1496; baseline 0.003 -18"><span class='ocrx_word' id='word_1_504' title='bbox 2056 1424 2201 1479; x_wconf 90' lang='lat' dir='ltr'><strong>Erue</strong></span> <span class='ocrx_word' id='word_1_505' title='bbox 2230 1441 2347 1491; x_wconf 91' lang='lat' dir='ltr'><strong>eos,</strong></span> <span class='ocrx_word' id='word_1_506' title='bbox 2378 1427 2467 1496; x_wconf 88' lang='lat' dir='ltr'><strong>qui</strong></span> <span class='ocrx_word' id='word_1_507' title='bbox 2496 1427 2764 1483; x_wconf 90' lang='lat' dir='ltr'><strong>ducuntur</strong></span> <span class='ocrx_word' id='word_1_508' title='bbox 2795 1428 2861 1482; x_wconf 92' lang='lat' dir='ltr'><strong>ad</strong></span> <span class='ocrx_word' id='word_1_509' title='bbox 2892 1436 3119 1482; x_wconf 90' lang='lat' dir='ltr'><strong>mortem</strong></span> <span class='ocrx_word' id='word_1_510' title='bbox 3152 1445 3164 1481; x_wconf 84' lang='lat'><strong>:</strong></span> 
     </span>
    </p>
   </div>
   <div class='ocr_carea' id='block_1_95' title="bbox 2126 1498 3639 1565">
    <p class='ocr_par' dir='ltr' id='par_1_95' title="bbox 2126 1498 3639 1565">
     <span class='ocr_line' id='line_1_96' title="bbox 2126 1498 3639 1565; baseline 0.001 -15"><span class='ocrx_word' id='word_1_511' title='bbox 2126 1506 2180 1550; x_wconf 91' lang='lat' dir='ltr'><strong>et</strong></span> <span class='ocrx_word' id='word_1_512' title='bbox 2207 1498 2296 1565; x_wconf 91' lang='lat' dir='ltr'><strong>qui</strong></span> <span class='ocrx_word' id='word_1_513' title='bbox 2330 1499 2618 1554; x_wconf 89' lang='lat' dir='ltr'><strong>trahuntur</strong></span> <span class='ocrx_word' id='word_1_514' title='bbox 2638 1499 2704 1553; x_wconf 91' lang='lat' dir='ltr'><strong>ad</strong></span> <span class='ocrx_word' id='word_1_515' title='bbox 2734 1501 3007 1554; x_wconf 84' lang='lat' dir='ltr'><strong>interitum</strong></span> <span class='ocrx_word' id='word_1_516' title='bbox 3039 1500 3270 1554; x_wconf 88' lang='lat' dir='ltr'><strong>liberare</strong></span> <span class='ocrx_word' id='word_1_517' title='bbox 3319 1512 3389 1554; x_wconf 88' lang='lat' dir='ltr'><strong>ne</strong></span> <span class='ocrx_word' id='word_1_518' title='bbox 3419 1510 3605 1555; x_wconf 87' lang='lat' dir='ltr'><strong>cesses</strong></span> <span class='ocrx_word' id='word_1_519' title='bbox 3625 1535 3639 1551; x_wconf 95' lang='lat'><strong>.</strong></span> 
     </span>
    </p>
   </div>
   <div class='ocr_carea' id='block_1_96' title="bbox 2056 1566 3094 1641">
    <p class='ocr_par' dir='ltr' id='par_1_96' title="bbox 2056 1566 3094 1641">
     <span class='ocr_line' id='line_1_97' title="bbox 2056 1566 3094 1641; baseline 0.001 -18"><span class='ocrx_word' id='word_1_520' title='bbox 2056 1566 2112 1623; x_wconf 91' lang='lat' dir='ltr'><strong>Si</strong></span> <span class='ocrx_word' id='word_1_521' title='bbox 2143 1567 2345 1641; x_wconf 80' lang='lat' dir='ltr'><strong>dixeris</strong></span> <span class='ocrx_word' id='word_1_522' title='bbox 2380 1585 2394 1623; x_wconf 91' lang='lat'><strong>:</strong></span> <span class='ocrx_word' id='word_1_523' title='bbox 2432 1569 2581 1624; x_wconf 82' lang='lat' dir='ltr'><strong>Vires</strong></span> <span class='ocrx_word' id='word_1_524' title='bbox 2613 1586 2719 1624; x_wconf 89' lang='lat' dir='ltr'><strong>non</strong></span> <span class='ocrx_word' id='word_1_525' title='bbox 2749 1581 3049 1641; x_wconf 89' lang='lat' dir='ltr'><strong>suppetunt</strong></span> <span class='ocrx_word' id='word_1_526' title='bbox 3080 1588 3094 1624; x_wconf 87' lang='lat'><strong>:</strong></span> 
     </span>
    </p>
   </div>
   <div class='ocr_carea' id='block_1_97' title="bbox 2124 1639 3307 1713">
    <p class='ocr_par' dir='ltr' id='par_1_97' title="bbox 2124 1639 3307 1713">
     <span class='ocr_line' id='line_1_98' title="bbox 2124 1639 3307 1713; baseline 0.003 -21"><span class='ocrx_word' id='word_1_527' title='bbox 2124 1640 2216 1709; x_wconf 89' lang='lat' dir='ltr'><strong>qui</strong></span> <span class='ocrx_word' id='word_1_528' title='bbox 2244 1639 2518 1710; x_wconf 90' lang='lat' dir='ltr'><strong>inspector</strong></span> <span class='ocrx_word' id='word_1_529' title='bbox 2544 1651 2628 1697; x_wconf 86' lang='lat' dir='ltr'><strong>est</strong></span> <span class='ocrx_word' id='word_1_530' title='bbox 2658 1639 2869 1709; x_wconf 67' lang='lat' dir='ltr'><strong>cordis,</strong></span> <span class='ocrx_word' id='word_1_531' title='bbox 2892 1645 3005 1707; x_wconf 91' lang='lat' dir='ltr'><strong>ipse</strong></span> <span class='ocrx_word' id='word_1_532' title='bbox 3032 1642 3307 1713; x_wconf 89' lang='lat' dir='ltr'><strong>intelligit.</strong></span> 
     </span>
    </p>
   </div>
   <div class='ocr_carea' id='block_1_98' title="bbox 2053 1708 3205 1782">
    <p class='ocr_par' dir='ltr' id='par_1_98' title="bbox 2053 1708 3205 1782">
     <span class='ocr_line' id='line_1_99' title="bbox 2053 1708 3205 1782; baseline 0.003 -19"><span class='ocrx_word' id='word_1_533' title='bbox 2053 1708 2120 1764; x_wconf 77' lang='lat' dir='ltr'><strong>Et</strong></span> <span class='ocrx_word' id='word_1_534' title='bbox 2146 1708 2484 1768; x_wconf 80' lang='lat' dir='ltr'><strong>servatorem</strong></span> <span class='ocrx_word' id='word_1_535' title='bbox 2516 1714 2709 1767; x_wconf 73' lang='lat' dir='ltr'><strong>animae</strong></span> <span class='ocrx_word' id='word_1_536' title='bbox 2738 1708 2852 1767; x_wconf 55' lang='lat' dir='ltr'><strong>tua!</strong></span> <span class='ocrx_word' id='word_1_537' title='bbox 2872 1712 3005 1768; x_wconf 90' lang='lat' dir='ltr'><strong>nihil</strong></span> <span class='ocrx_word' id='word_1_538' title='bbox 3033 1714 3205 1782; x_wconf 88' lang='lat' dir='ltr'><strong>fallit,</strong></span> 
     </span>
    </p>
   </div>
   <div class='ocr_carea' id='block_1_99' title="bbox 2122 1782 3168 1854">
    <p class='ocr_par' dir='ltr' id='par_1_99' title="bbox 2122 1782 3168 1854">
     <span class='ocr_line' id='line_1_100' title="bbox 2122 1782 3168 1854; baseline 0.004 -19"><span class='ocrx_word' id='word_1_539' title='bbox 2122 1782 2422 1854; x_wconf 87' lang='lat' dir='ltr'><strong>reddetque</strong></span> <span class='ocrx_word' id='word_1_540' title='bbox 2450 1785 2651 1839; x_wconf 91' lang='lat' dir='ltr'><strong>homini</strong></span> <span class='ocrx_word' id='word_1_541' title='bbox 2676 1784 2832 1853; x_wconf 83' lang='lat' dir='ltr'><strong>juxta</strong></span> <span class='ocrx_word' id='word_1_542' title='bbox 2862 1800 3021 1854; x_wconf 89' lang='lat' dir='ltr'><strong>opera</strong></span> <span class='ocrx_word' id='word_1_543' title='bbox 3051 1800 3168 1839; x_wconf 88' lang='lat' dir='ltr'><strong>sua.</strong></span> 
     </span>
    </p>
   </div>
   <div class='ocr_carea' id='block_1_100' title="bbox 1974 1826 3239 1925">
    <p class='ocr_par' dir='ltr' id='par_1_100' title="bbox 1974 1826 3239 1925">
     <span class='ocr_line' id='line_1_101' title="bbox 1974 1826 3239 1925; baseline 0.005 -20"><span class='ocrx_word' id='word_1_544' title='bbox 1974 1826 2024 1886; x_wconf 80' lang='grc' dir='ltr'><strong><em>Β</em></strong></span> <span class='ocrx_word' id='word_1_545' title='bbox 2051 1826 2422 1925; x_wconf 46' lang='lat' dir='ltr'><strong>Comede,&quot;lili</strong></span> <span class='ocrx_word' id='word_1_546' title='bbox 2571 1826 2849 1925; x_wconf 42' lang='lat' dir='ltr'><strong>tneltuq‘uia</strong></span> <span class='ocrx_word' id='word_1_547' title='bbox 2881 1826 3199 1911; x_wconf 50' lang='lat' dir='ltr'><strong>boviiumuest</strong></span> <span class='ocrx_word' id='word_1_548' title='bbox 3222 1898 3239 1924; x_wconf 97' lang='lat'><strong>,</strong></span> 
     </span>
    </p>
   </div>
   <div class='ocr_carea' id='block_1_101' title="bbox 2132 1923 3164 1996">
    <p class='ocr_par' dir='ltr' id='par_1_101' title="bbox 2132 1923 3164 1996">
     <span class='ocr_line' id='line_1_102' title="bbox 2132 1923 3164 1996; baseline 0.002 -18"><span class='ocrx_word' id='word_1_549' title='bbox 2132 1934 2186 1978; x_wconf 91' lang='lat' dir='ltr'><strong>et</strong></span> <span class='ocrx_word' id='word_1_550' title='bbox 2214 1923 2391 1979; x_wconf 83' lang='lat' dir='ltr'><strong>favum</strong></span> <span class='ocrx_word' id='word_1_551' title='bbox 2425 1923 2796 1981; x_wconf 77' lang='lat' dir='ltr'><strong>dulcissimum</strong></span> <span class='ocrx_word' id='word_1_552' title='bbox 2819 1929 3021 1996; x_wconf 90' lang='lat' dir='ltr'><strong>gutturi</strong></span> <span class='ocrx_word' id='word_1_553' title='bbox 3052 1937 3164 1981; x_wconf 81' lang='lat' dir='ltr'><strong>tuo.</strong></span> 
     </span>
    </p>
   </div>
   <div class='ocr_carea' id='block_1_102' title="bbox 2045 1991 3201 2066">
    <p class='ocr_par' dir='ltr' id='par_1_102' title="bbox 2045 1991 3201 2066">
     <span class='ocr_line' id='line_1_103' title="bbox 2045 1991 3201 2066; baseline 0.003 -16"><span class='ocrx_word' id='word_1_554' title='bbox 2045 1991 2137 2050; x_wconf 88' lang='lat' dir='ltr'><strong>Sic</strong></span> <span class='ocrx_word' id='word_1_555' title='bbox 2164 2004 2219 2049; x_wconf 90' lang='lat' dir='ltr'><strong>et</strong></span> <span class='ocrx_word' id='word_1_556' title='bbox 2246 1996 2493 2051; x_wconf 90' lang='lat' dir='ltr'><strong>doctrina</strong></span> <span class='ocrx_word' id='word_1_557' title='bbox 2525 1999 2804 2066; x_wconf 66' lang='lat' dir='ltr'><strong>sapientiae</strong></span> <span class='ocrx_word' id='word_1_558' title='bbox 2823 1991 3023 2051; x_wconf 64' lang='lat' dir='ltr'><strong>animm</strong></span> <span class='ocrx_word' id='word_1_559' title='bbox 3046 2007 3153 2052; x_wconf 85' lang='lat' dir='ltr'><strong>tuae</strong></span> <span class='ocrx_word' id='word_1_560' title='bbox 3186 2016 3201 2054; x_wconf 89' lang='lat'><strong>:</strong></span> 
     </span>
    </p>
   </div>
   <div class='ocr_carea' id='block_1_103' title="bbox 2119 2068 3540 2136">
    <p class='ocr_par' dir='ltr' id='par_1_103' title="bbox 2119 2068 3540 2136">
     <span class='ocr_line' id='line_1_104' title="bbox 2119 2068 3540 2136; baseline 0.004 -18"><span class='ocrx_word' id='word_1_561' title='bbox 2119 2081 2279 2135; x_wconf 90' lang='lat' dir='ltr'><strong>quam</strong></span> <span class='ocrx_word' id='word_1_562' title='bbox 2314 2082 2435 2121; x_wconf 90' lang='lat' dir='ltr'><strong>cum</strong></span> <span class='ocrx_word' id='word_1_563' title='bbox 2465 2068 2768 2135; x_wconf 88' lang='lat' dir='ltr'><strong>inveneris,</strong></span> <span class='ocrx_word' id='word_1_564' title='bbox 2810 2068 3036 2124; x_wconf 86' lang='lat' dir='ltr'><strong>habebis</strong></span> <span class='ocrx_word' id='word_1_565' title='bbox 3067 2071 3120 2125; x_wconf 92' lang='lat' dir='ltr'><strong>in</strong></span> <span class='ocrx_word' id='word_1_566' title='bbox 3148 2068 3459 2126; x_wconf 89' lang='lat' dir='ltr'><strong>novissimis</strong></span> <span class='ocrx_word' id='word_1_567' title='bbox 3489 2069 3540 2136; x_wconf 84' lang='lat'><strong>°,</strong></span> 
     </span>
    </p>
   </div>
   <div class='ocr_carea' id='block_1_104' title="bbox 2120 2141 2834 2208">
    <p class='ocr_par' dir='ltr' id='par_1_104' title="bbox 2120 2141 2834 2208">
     <span class='ocr_line' id='line_1_105' title="bbox 2120 2141 2834 2208; baseline 0.003 -17"><span class='ocrx_word' id='word_1_568' title='bbox 2120 2147 2176 2191; x_wconf 90' lang='lat' dir='ltr'><strong>et</strong></span> <span class='ocrx_word' id='word_1_569' title='bbox 2203 2152 2329 2208; x_wconf 90' lang='lat' dir='ltr'><strong>spes</strong></span> <span class='ocrx_word' id='word_1_570' title='bbox 2361 2148 2448 2193; x_wconf 91' lang='lat' dir='ltr'><strong>tua</strong></span> <span class='ocrx_word' id='word_1_571' title='bbox 2481 2154 2584 2194; x_wconf 93' lang='lat' dir='ltr'><strong>non</strong></span> <span class='ocrx_word' id='word_1_572' title='bbox 2616 2141 2834 2208; x_wconf 90' lang='lat' dir='ltr'><strong>peribit.</strong></span> 
     </span>
    </p>
   </div>
   <div class='ocr_carea' id='block_1_105' title="bbox 2046 2205 3633 2281">
    <p class='ocr_par' dir='ltr' id='par_1_105' title="bbox 2046 2205 3633 2281">
     <span class='ocr_line' id='line_1_106' title="bbox 2046 2205 3633 2281; baseline 0.001 -19"><span class='ocrx_word' id='word_1_573' title='bbox 2046 2205 2125 2263; x_wconf 87' lang='lat' dir='ltr'><strong>Ne</strong></span> <span class='ocrx_word' id='word_1_574' title='bbox 2156 2205 2447 2275; x_wconf 57' lang='lat' dir='ltr'><strong>ins&#39;idieris,</strong></span> <span class='ocrx_word' id='word_1_575' title='bbox 2478 2219 2532 2265; x_wconf 93' lang='lat' dir='ltr'><strong>et</strong></span> <span class='ocrx_word' id='word_1_576' title='bbox 2558 2205 2771 2280; x_wconf 64' lang='lat' dir='ltr'><strong>quaeras</strong></span> <span class='ocrx_word' id='word_1_577' title='bbox 2815 2210 3145 2281; x_wconf 87' lang='lat' dir='ltr'><strong>impietatem</strong></span> <span class='ocrx_word' id='word_1_578' title='bbox 3176 2212 3229 2267; x_wconf 90' lang='lat' dir='ltr'><strong>in</strong></span> <span class='ocrx_word' id='word_1_579' title='bbox 3261 2211 3427 2267; x_wconf 91' lang='lat' dir='ltr'><strong>domo</strong></span> <span class='ocrx_word' id='word_1_580' title='bbox 3475 2209 3633 2280; x_wconf 88' lang='lat' dir='ltr'><strong>justi,</strong></span> 
     </span>
    </p>
   </div>
   <div class='ocr_carea' id='block_1_106' title="bbox 2121 2282 2951 2351">
    <p class='ocr_par' dir='ltr' id='par_1_106' title="bbox 2121 2282 2951 2351">
     <span class='ocr_line' id='line_1_107' title="bbox 2121 2282 2951 2351; baseline 0.001 -18"><span class='ocrx_word' id='word_1_581' title='bbox 2121 2296 2298 2349; x_wconf 91' lang='lat' dir='ltr'><strong>neque</strong></span> <span class='ocrx_word' id='word_1_582' title='bbox 2327 2293 2507 2337; x_wconf 91' lang='lat' dir='ltr'><strong>vastes</strong></span> <span class='ocrx_word' id='word_1_583' title='bbox 2536 2282 2776 2351; x_wconf 89' lang='lat' dir='ltr'><strong>requiem</strong></span> <span class='ocrx_word' id='word_1_584' title='bbox 2809 2283 2951 2351; x_wconf 84' lang='lat' dir='ltr'><strong>ejus,</strong></span> 
     </span>
    </p>
   </div>
   <div class='ocr_carea' id='block_1_107' title="bbox 2047 2348 3559 2424">
    <p class='ocr_par' dir='ltr' id='par_1_107' title="bbox 2047 2348 3559 2424">
     <span class='ocr_line' id='line_1_108' title="bbox 2047 2348 3559 2424; baseline -0.001 -19"><span class='ocrx_word' id='word_1_585' title='bbox 2047 2348 2428 2424; x_wconf 83' lang='lat' dir='ltr'><strong>Septiesenim</strong></span> <span class='ocrx_word' id='word_1_586' title='bbox 2458 2348 2752 2424; x_wconf 44' lang='lat' dir='ltr'><strong>cadet—[AL</strong></span> <span class='ocrx_word' id='word_1_587' title='bbox 2777 2348 2941 2424; x_wconf 75' lang='lat' dir='ltr'><strong>cadit]</strong></span> <span class='ocrx_word' id='word_1_588' title='bbox 2968 2352 3146 2421; x_wconf 88' lang='lat' dir='ltr'><strong>justus</strong></span> <span class='ocrx_word' id='word_1_589' title='bbox 3176 2362 3233 2409; x_wconf 89' lang='lat' dir='ltr'><strong>et</strong></span> <span class='ocrx_word' id='word_1_590' title='bbox 3260 2360 3511 2424; x_wconf 88' lang='lat' dir='ltr'><strong>resurget</strong></span> <span class='ocrx_word' id='word_1_591' title='bbox 3544 2369 3559 2404; x_wconf 90' lang='lat'><strong>:</strong></span> 
     </span>
    </p>
   </div>
   <div class='ocr_carea' id='block_1_108' title="bbox 2124 2422 3108 2491">
    <p class='ocr_par' dir='ltr' id='par_1_108' title="bbox 2124 2422 3108 2491">
     <span class='ocr_line' id='line_1_109' title="bbox 2124 2422 3108 2491; baseline 0.006 -16"><span class='ocrx_word' id='word_1_592' title='bbox 2124 2422 2277 2491; x_wconf 91' lang='lat' dir='ltr'><strong>impii</strong></span> <span class='ocrx_word' id='word_1_593' title='bbox 2298 2435 2480 2479; x_wconf 90' lang='lat' dir='ltr'><strong>autem</strong></span> <span class='ocrx_word' id='word_1_594' title='bbox 2519 2422 2776 2479; x_wconf 77' lang='lat' dir='ltr'><strong>corruerit</strong></span> <span class='ocrx_word' id='word_1_595' title='bbox 2801 2424 2851 2478; x_wconf 92' lang='lat' dir='ltr'><strong>in</strong></span> <span class='ocrx_word' id='word_1_596' title='bbox 2886 2422 3108 2481; x_wconf 84' lang='lat' dir='ltr'><strong>malum.</strong></span> 
     </span>
    </p>
   </div>
   <div class='ocr_carea' id='block_1_109' title="bbox 2046 2491 3298 2565">
    <p class='ocr_par' dir='ltr' id='par_1_109' title="bbox 2046 2491 3298 2565">
     <span class='ocr_line' id='line_1_110' title="bbox 2046 2491 3298 2565; baseline 0.002 -18"><span class='ocrx_word' id='word_1_597' title='bbox 2046 2491 2181 2548; x_wconf 85' lang='lat' dir='ltr'><strong>Cum</strong></span> <span class='ocrx_word' id='word_1_598' title='bbox 2206 2495 2465 2550; x_wconf 91' lang='lat' dir='ltr'><strong>ceciderit</strong></span> <span class='ocrx_word' id='word_1_599' title='bbox 2494 2494 2748 2549; x_wconf 90' lang='lat' dir='ltr'><strong>inimicus</strong></span> <span class='ocrx_word' id='word_1_600' title='bbox 2770 2505 2913 2561; x_wconf 89' lang='lat' dir='ltr'><strong>tuus,</strong></span> <span class='ocrx_word' id='word_1_601' title='bbox 2942 2511 3009 2551; x_wconf 92' lang='lat' dir='ltr'><strong>ne</strong></span> <span class='ocrx_word' id='word_1_602' title='bbox 3038 2496 3298 2565; x_wconf 87' lang='lat' dir='ltr'><strong>gaudeas,</strong></span> 
     </span>
    </p>
   </div>
   <div class='ocr_carea' id='block_1_110' title="bbox 2119 2565 3281 2636">
    <p class='ocr_par' dir='ltr' id='par_1_110' title="bbox 2119 2565 3281 2636">
     <span class='ocr_line' id='line_1_111' title="bbox 2119 2565 3281 2636; baseline -0.002 -17"><span class='ocrx_word' id='word_1_603' title='bbox 2119 2573 2178 2636; x_wconf 85' lang='lat' dir='ltr'><strong>et</strong></span> <span class='ocrx_word' id='word_1_604' title='bbox 2200 2565 2255 2619; x_wconf 90' lang='lat' dir='ltr'><strong>in</strong></span> <span class='ocrx_word' id='word_1_605' title='bbox 2282 2565 2435 2620; x_wconf 89' lang='lat' dir='ltr'><strong>ruina</strong></span> <span class='ocrx_word' id='word_1_606' title='bbox 2466 2566 2584 2636; x_wconf 88' lang='lat' dir='ltr'><strong>ejus</strong></span> <span class='ocrx_word' id='word_1_607' title='bbox 2606 2581 2675 2620; x_wconf 89' lang='lat' dir='ltr'><strong>ne</strong></span> <span class='ocrx_word' id='word_1_608' title='bbox 2694 2566 2934 2621; x_wconf 81' lang='lat' dir='ltr'><strong>exsultet</strong></span> <span class='ocrx_word' id='word_1_609' title='bbox 2956 2582 3052 2621; x_wconf 90' lang='lat' dir='ltr'><strong>cor</strong></span> <span class='ocrx_word' id='word_1_610' title='bbox 3080 2577 3229 2621; x_wconf 90' lang='lat' dir='ltr'><strong>tuum</strong></span> <span class='ocrx_word' id='word_1_611' title='bbox 3270 2584 3281 2617; x_wconf 93' lang='lat'>:</span> 
     </span>
    </p>
   </div>
   <div class='ocr_carea' id='block_1_111' title="bbox 2046 2633 3403 2707">
    <p class='ocr_par' dir='ltr' id='par_1_111' title="bbox 2046 2633 3403 2707">
     <span class='ocr_line' id='line_1_112' title="bbox 2046 2633 3403 2707; baseline 0.001 -18"><span class='ocrx_word' id='word_1_612' title='bbox 2046 2633 2125 2689; x_wconf 89' lang='lat' dir='ltr'><strong>Ne</strong></span> <span class='ocrx_word' id='word_1_613' title='bbox 2155 2635 2294 2690; x_wconf 85' lang='lat' dir='ltr'><strong>forte</strong></span> <span class='ocrx_word' id='word_1_614' title='bbox 2318 2633 2804 2703; x_wconf 56' lang='lat' dir='ltr'><strong>videat&#39;Dominus,</strong></span> <span class='ocrx_word' id='word_1_615' title='bbox 2837 2644 2893 2691; x_wconf 92' lang='lat' dir='ltr'><strong>et</strong></span> <span class='ocrx_word' id='word_1_616' title='bbox 2919 2638 3203 2707; x_wconf 73' lang='lat' dir='ltr'><strong>displiceat</strong></span> <span class='ocrx_word' id='word_1_617' title='bbox 3229 2636 3303 2705; x_wconf 92' lang='lat' dir='ltr'><strong>ei,</strong></span> <span class='ocrx_word' id='word_1_618' title='bbox 3362 2662 3371 2670; x_wconf 64' lang='grc' dir='ltr'><em>ε</em></span> <span class='ocrx_word' id='word_1_619' title='bbox 3398 2664 3403 2669; x_wconf 64' lang='grc' dir='ltr'><em>ι</em></span> 
     </span>
    </p>
   </div>
   <div class='ocr_carea' id='block_1_112' title="bbox 2118 2707 2964 2763">
    <p class='ocr_par' dir='ltr' id='par_1_112' title="bbox 2118 2707 2964 2763">
     <span class='ocr_line' id='line_1_113' title="bbox 2118 2707 2964 2763; baseline 0.002 -2"><span class='ocrx_word' id='word_1_620' title='bbox 2118 2716 2175 2763; x_wconf 85' lang='lat' dir='ltr'><strong>et</strong></span> <span class='ocrx_word' id='word_1_621' title='bbox 2202 2707 2410 2762; x_wconf 85' lang='lat' dir='ltr'><strong>auferat</strong></span> <span class='ocrx_word' id='word_1_622' title='bbox 2436 2710 2503 2762; x_wconf 91' lang='lat' dir='ltr'><strong>ab</strong></span> <span class='ocrx_word' id='word_1_623' title='bbox 2532 2723 2598 2763; x_wconf 88' lang='lat' dir='ltr'><strong>eo</strong></span> <span class='ocrx_word' id='word_1_624' title='bbox 2626 2708 2760 2762; x_wconf 91' lang='lat' dir='ltr'><strong>iram</strong></span> <span class='ocrx_word' id='word_1_625' title='bbox 2790 2723 2964 2763; x_wconf 88' lang='lat' dir='ltr'><strong>suam.</strong></span> 
     </span>
    </p>
   </div>
   <div class='ocr_carea' id='block_1_113' title="bbox 2047 2775 2907 2849">
    <p class='ocr_par' dir='ltr' id='par_1_113' title="bbox 2047 2775 2907 2849">
     <span class='ocr_line' id='line_1_114' title="bbox 2047 2775 2907 2849; baseline -0.001 -16"><span class='ocrx_word' id='word_1_626' title='bbox 2047 2775 2125 2833; x_wconf 86' lang='lat' dir='ltr'><strong>Ne</strong></span> <span class='ocrx_word' id='word_1_627' title='bbox 2154 2779 2450 2833; x_wconf 83' lang='lat' dir='ltr'><strong>contendas</strong></span> <span class='ocrx_word' id='word_1_628' title='bbox 2485 2793 2608 2834; x_wconf 92' lang='lat' dir='ltr'><strong>eum</strong></span> <span class='ocrx_word' id='word_1_629' title='bbox 2641 2782 2907 2849; x_wconf 77' lang='lat' dir='ltr'><strong>pessimis,</strong></span> 
     </span>
    </p>
   </div>
   <div class='ocr_carea' id='block_1_114' title="bbox 2120 2851 3311 2920">
    <p class='ocr_par' dir='ltr' id='par_1_114' title="bbox 2120 2851 3311 2920">
     <span class='ocr_line' id='line_1_115' title="bbox 2120 2851 3311 2920; baseline -0.002 -16"><span class='ocrx_word' id='word_1_630' title='bbox 2120 2865 2223 2907; x_wconf 90' lang='lat' dir='ltr'><strong>nec</strong></span> <span class='ocrx_word' id='word_1_631' title='bbox 2259 2851 2533 2905; x_wconf 85' lang='lat' dir='ltr'><strong>aemuleris</strong></span> <span class='ocrx_word' id='word_1_632' title='bbox 2562 2852 2759 2920; x_wconf 92' lang='lat' dir='ltr'><strong>impios</strong></span> <span class='ocrx_word' id='word_1_633' title='bbox 2792 2869 2804 2903; x_wconf 89' lang='lat'><strong>:</strong></span> <span class='ocrx_word' id='word_1_634' title='bbox 3307 2890 3311 2893; x_wconf 79' lang='grc'>.</span> 
     </span>
    </p>
   </div>
   <div class='ocr_carea' id='block_1_115' title="bbox 2045 2919 3379 2990">
    <p class='ocr_par' dir='ltr' id='par_1_115' title="bbox 2045 2919 3379 2990">
     <span class='ocr_line' id='line_1_116' title="bbox 2045 2919 3379 2990; baseline -0.001 -15"><span class='ocrx_word' id='word_1_635' title='bbox 2045 2919 2313 2986; x_wconf 83' lang='lat' dir='ltr'><strong>Quoniam</strong></span> <span class='ocrx_word' id='word_1_636' title='bbox 2344 2937 2451 2975; x_wconf 92' lang='lat' dir='ltr'><strong>non</strong></span> <span class='ocrx_word' id='word_1_637' title='bbox 2475 2922 2678 2977; x_wconf 89' lang='lat' dir='ltr'><strong>habent</strong></span> <span class='ocrx_word' id='word_1_638' title='bbox 2707 2921 3011 2976; x_wconf 86' lang='lat' dir='ltr'><strong>futurorum</strong></span> <span class='ocrx_word' id='word_1_639' title='bbox 3043 2935 3196 2990; x_wconf 89' lang='lat' dir='ltr'><strong>spem</strong></span> <span class='ocrx_word' id='word_1_640' title='bbox 3227 2920 3379 2985; x_wconf 90' lang='lat' dir='ltr'><strong>mali,</strong></span> 
     </span>
    </p>
   </div>
   <div class='ocr_carea' id='block_1_116' title="bbox 2118 2993 3165 3063">
    <p class='ocr_par' dir='ltr' id='par_1_116' title="bbox 2118 2993 3165 3063">
     <span class='ocr_line' id='line_1_117' title="bbox 2118 2993 3165 3063; baseline 0.001 -16"><span class='ocrx_word' id='word_1_641' title='bbox 2118 3000 2174 3047; x_wconf 90' lang='lat' dir='ltr'><strong>et</strong></span> <span class='ocrx_word' id='word_1_642' title='bbox 2202 2993 2422 3047; x_wconf 89' lang='lat' dir='ltr'><strong>lucerna</strong></span> <span class='ocrx_word' id='word_1_643' title='bbox 2451 2993 2741 3063; x_wconf 89' lang='lat' dir='ltr'><strong>impiorum</strong></span> <span class='ocrx_word' id='word_1_644' title='bbox 2770 2995 3165 3063; x_wconf 84' lang='lat' dir='ltr'><strong>exstinguetur.</strong></span> 
     </span>
    </p>
   </div>
   <div class='ocr_carea' id='block_1_117' title="bbox 2046 3061 3108 3134">
    <p class='ocr_par' dir='ltr' id='par_1_117' title="bbox 2046 3061 3108 3134">
     <span class='ocr_line' id='line_1_118' title="bbox 2046 3061 3108 3134; baseline -0.002 -16"><span class='ocrx_word' id='word_1_645' title='bbox 2046 3061 2200 3118; x_wconf 87' lang='lat' dir='ltr'><strong>Time</strong></span> <span class='ocrx_word' id='word_1_646' title='bbox 2221 3061 2638 3126; x_wconf 52' lang='lat' dir='ltr'><strong>Dominumﬂili</strong></span> <span class='ocrx_word' id='word_1_647' title='bbox 2670 3065 2767 3130; x_wconf 92' lang='lat' dir='ltr'><strong>mi,</strong></span> <span class='ocrx_word' id='word_1_648' title='bbox 2796 3074 2852 3119; x_wconf 90' lang='lat' dir='ltr'><strong>et</strong></span> <span class='ocrx_word' id='word_1_649' title='bbox 2876 3061 3059 3134; x_wconf 81' lang='lat' dir='ltr'><strong>regem</strong></span> <span class='ocrx_word' id='word_1_650' title='bbox 3094 3081 3108 3116; x_wconf 88' lang='lat'><strong>:</strong></span> 
     </span>
    </p>
   </div>
   <div class='ocr_carea' id='block_1_118' title="bbox 2117 3134 3381 3191">
    <p class='ocr_par' dir='ltr' id='par_1_118' title="bbox 2117 3134 3381 3191">
     <span class='ocr_line' id='line_1_119' title="bbox 2117 3134 3381 3191; baseline -0.002 -2"><span class='ocrx_word' id='word_1_651' title='bbox 2117 3144 2321 3190; x_wconf 91' lang='lat' dir='ltr'><strong>etcum</strong></span> <span class='ocrx_word' id='word_1_652' title='bbox 2351 3135 2748 3191; x_wconf 91' lang='lat' dir='ltr'><strong>detractoribus</strong></span> <span class='ocrx_word' id='word_1_653' title='bbox 2779 3151 2885 3190; x_wconf 93' lang='lat' dir='ltr'><strong>non</strong></span> <span class='ocrx_word' id='word_1_654' title='bbox 2929 3134 3337 3191; x_wconf 90' lang='lat' dir='ltr'><strong>commiscearis</strong></span> <span class='ocrx_word' id='word_1_655' title='bbox 3368 3151 3381 3187; x_wconf 91' lang='lat'><strong>:</strong></span> 
     </span>
    </p>
   </div>
   <div class='ocr_carea' id='block_1_119' title="bbox 1972 3204 3427 3277">
    <p class='ocr_par' dir='ltr' id='par_1_119' title="bbox 1972 3204 3427 3277">
     <span class='ocr_line' id='line_1_120' title="bbox 1972 3204 3427 3277; baseline -0.003 -17"><span class='ocrx_word' id='word_1_656' title='bbox 1972 3211 2020 3274; x_wconf 74' lang='grc' dir='ltr'>ρ</span> <span class='ocrx_word' id='word_1_657' title='bbox 2051 3204 2319 3274; x_wconf 89' lang='lat' dir='ltr'><strong>Quoniam</strong></span> <span class='ocrx_word' id='word_1_658' title='bbox 2351 3216 2576 3277; x_wconf 85' lang='lat' dir='ltr'><strong>repente</strong></span> <span class='ocrx_word' id='word_1_659' title='bbox 2606 3215 2900 3277; x_wconf 87' lang='lat' dir='ltr'><strong>consurget</strong></span> <span class='ocrx_word' id='word_1_660' title='bbox 2930 3206 3162 3277; x_wconf 86' lang='lat' dir='ltr'><strong>perditio</strong></span> <span class='ocrx_word' id='word_1_661' title='bbox 3189 3220 3379 3261; x_wconf 88' lang='lat' dir='ltr'><strong>eorum</strong></span> <span class='ocrx_word' id='word_1_662' title='bbox 3415 3220 3427 3255; x_wconf 91' lang='lat'>:</span> 
     </span>
    </p>
   </div>
   <div class='ocr_carea' id='block_1_120' title="bbox 2120 3277 3097 3348">
    <p class='ocr_par' dir='ltr' id='par_1_120' title="bbox 2120 3277 3097 3348">
     <span class='ocr_line' id='line_1_121' title="bbox 2120 3277 3097 3348; baseline 0 -17"><span class='ocrx_word' id='word_1_663' title='bbox 2120 3286 2175 3331; x_wconf 90' lang='lat' dir='ltr'><strong>et</strong></span> <span class='ocrx_word' id='word_1_664' title='bbox 2203 3277 2413 3332; x_wconf 89' lang='lat' dir='ltr'><strong>ruinam</strong></span> <span class='ocrx_word' id='word_1_665' title='bbox 2446 3279 2725 3348; x_wconf 87' lang='lat' dir='ltr'><strong>utriusque</strong></span> <span class='ocrx_word' id='word_1_666' title='bbox 2756 3281 2875 3347; x_wconf 86' lang='lat' dir='ltr'><strong>quis</strong></span> <span class='ocrx_word' id='word_1_667' title='bbox 2905 3278 3097 3332; x_wconf 87' lang='lat' dir='ltr'><strong>novit?</strong></span> 
     </span>
    </p>
   </div>
   <div class='ocr_carea' id='block_1_121' title="bbox 2049 3346 2825 3418">
    <p class='ocr_par' dir='ltr' id='par_1_121' title="bbox 2049 3346 2825 3418">
     <span class='ocr_line' id='line_1_122' title="bbox 2049 3346 2825 3418; baseline 0.003 -17"><span class='ocrx_word' id='word_1_668' title='bbox 2049 3346 2179 3418; x_wconf 66' lang='lat' dir='ltr'><strong>llaec</strong></span> <span class='ocrx_word' id='word_1_669' title='bbox 2204 3363 2419 3418; x_wconf 81' lang='lat' dir='ltr'><strong>quoque</strong></span> <span class='ocrx_word' id='word_1_670' title='bbox 2444 3346 2781 3418; x_wconf 82' lang='lat' dir='ltr'><strong>sapientibus</strong></span> <span class='ocrx_word' id='word_1_671' title='bbox 2813 3367 2825 3402; x_wconf 90' lang='lat'>:</span> 
     </span>
    </p>
   </div>
   <div class='ocr_carea' id='block_1_122' title="bbox 2048 3416 3555 3491">
    <p class='ocr_par' dir='ltr' id='par_1_122' title="bbox 2048 3416 3555 3491">
     <span class='ocr_line' id='line_1_123' title="bbox 2048 3416 3555 3491; baseline -0.003 -18"><span class='ocrx_word' id='word_1_672' title='bbox 2048 3416 2405 3491; x_wconf 81' lang='lat' dir='ltr'><strong>Cognoscere</strong></span> <span class='ocrx_word' id='word_1_673' title='bbox 2424 3416 2707 3488; x_wconf 82' lang='lat' dir='ltr'><strong>personam</strong></span> <span class='ocrx_word' id='word_1_674' title='bbox 2735 3422 2786 3474; x_wconf 91' lang='lat' dir='ltr'><strong>in</strong></span> <span class='ocrx_word' id='word_1_675' title='bbox 2816 3420 3053 3491; x_wconf 88' lang='lat' dir='ltr'><strong>judicio,</strong></span> <span class='ocrx_word' id='word_1_676' title='bbox 3084 3432 3193 3474; x_wconf 89' lang='lat' dir='ltr'><strong>non</strong></span> <span class='ocrx_word' id='word_1_677' title='bbox 3219 3426 3303 3474; x_wconf 88' lang='lat' dir='ltr'><strong>est</strong></span> <span class='ocrx_word' id='word_1_678' title='bbox 3331 3417 3555 3472; x_wconf 89' lang='lat' dir='ltr'><strong>bonum.</strong></span> 
     </span>
    </p>
   </div>
   <div class='ocr_carea' id='block_1_123' title="bbox 2048 3489 3497 3567">
    <p class='ocr_par' dir='ltr' id='par_1_123' title="bbox 2048 3489 3497 3567">
     <span class='ocr_line' id='line_1_124' title="bbox 2048 3489 3497 3567; baseline 0.003 -24"><span class='ocrx_word' id='word_1_679' title='bbox 2048 3490 2152 3557; x_wconf 88' lang='lat' dir='ltr'><strong>Qui</strong></span> <span class='ocrx_word' id='word_1_680' title='bbox 2180 3489 2371 3567; x_wconf 78' lang='lat' dir='ltr'><strong>dicunt</strong></span> <span class='ocrx_word' id='word_1_681' title='bbox 2397 3490 2562 3567; x_wconf 79' lang='lat' dir='ltr'><strong>impio</strong></span> <span class='ocrx_word' id='word_1_682' title='bbox 2593 3489 2905 3567; x_wconf 43' lang='lat' dir='ltr'><strong>:Justus&#39;es</strong></span> <span class='ocrx_word' id='word_1_683' title='bbox 2942 3510 2954 3546; x_wconf 93' lang='lat'>:</span> <span class='ocrx_word' id='word_1_684' title='bbox 3090 3560 3103 3567; x_wconf 89' lang='lat'><strong>_</strong></span> <span class='ocrx_word' id='word_1_685' title='bbox 3487 3558 3497 3567; x_wconf 48' lang='grc'><em>,</em></span> 
     </span>
    </p>
   </div>
   <div class='ocr_carea' id='block_1_124' title="bbox 2120 3557 3628 3632">
    <p class='ocr_par' dir='ltr' id='par_1_124' title="bbox 2120 3557 3628 3632">
     <span class='ocr_line' id='line_1_125' title="bbox 2120 3557 3628 3632; baseline -0.003 -18"><span class='ocrx_word' id='word_1_686' title='bbox 2120 3560 2443 3616; x_wconf 86' lang='lat' dir='ltr'><strong>maledicent</strong></span> <span class='ocrx_word' id='word_1_687' title='bbox 2464 3557 2544 3617; x_wconf 80' lang='lat' dir='ltr'><strong>eis</strong></span> <span class='ocrx_word' id='word_1_688' title='bbox 2566 3564 2769 3632; x_wconf 87' lang='lat' dir='ltr'><strong>populi,</strong></span> <span class='ocrx_word' id='word_1_689' title='bbox 2798 3573 2854 3619; x_wconf 88' lang='lat' dir='ltr'><strong>et</strong></span> <span class='ocrx_word' id='word_1_690' title='bbox 2878 3560 3290 3618; x_wconf 85' lang='lat' dir='ltr'><strong>detestabuntur</strong></span> <span class='ocrx_word' id='word_1_691' title='bbox 3317 3573 3412 3617; x_wconf 90' lang='lat' dir='ltr'><strong>eos</strong></span> <span class='ocrx_word' id='word_1_692' title='bbox 3436 3557 3628 3613; x_wconf 87' lang='lat' dir='ltr'><strong>tribus.</strong></span> 
     </span>
    </p>
   </div>
   <div class='ocr_carea' id='block_1_125' title="bbox 2049 3630 2886 3702">
    <p class='ocr_par' dir='ltr' id='par_1_125' title="bbox 2049 3630 2886 3702">
     <span class='ocr_line' id='line_1_126' title="bbox 2049 3630 2886 3702; baseline 0.004 -18"><span class='ocrx_word' id='word_1_693' title='bbox 2049 3630 2152 3699; x_wconf 88' lang='lat' dir='ltr'><strong>Qui</strong></span> <span class='ocrx_word' id='word_1_694' title='bbox 2181 3644 2450 3702; x_wconf 83' lang='lat' dir='ltr'><strong>arguunt,</strong></span> <span class='ocrx_word' id='word_1_695' title='bbox 2481 3630 2841 3689; x_wconf 84' lang='lat' dir='ltr'><strong>laudabuntur</strong></span> <span class='ocrx_word' id='word_1_696' title='bbox 2874 3652 2886 3687; x_wconf 91' lang='lat'>:</span> 
     </span>
    </p>
   </div>
   <div class='ocr_carea' id='block_1_126' title="bbox 2121 3703 3125 3774">
    <p class='ocr_par' dir='ltr' id='par_1_126' title="bbox 2121 3703 3125 3774">
     <span class='ocr_line' id='line_1_127' title="bbox 2121 3703 3125 3774; baseline 0.002 -18"><span class='ocrx_word' id='word_1_697' title='bbox 2121 3713 2177 3774; x_wconf 89' lang='lat' dir='ltr'><strong>et</strong></span> <span class='ocrx_word' id='word_1_698' title='bbox 2201 3718 2365 3773; x_wconf 92' lang='lat' dir='ltr'><strong>super</strong></span> <span class='ocrx_word' id='word_1_699' title='bbox 2394 3705 2539 3774; x_wconf 92' lang='lat' dir='ltr'><strong>ipsos</strong></span> <span class='ocrx_word' id='word_1_700' title='bbox 2564 3707 2745 3761; x_wconf 90' lang='lat' dir='ltr'><strong>veniet</strong></span> <span class='ocrx_word' id='word_1_701' title='bbox 2770 3703 3078 3762; x_wconf 86' lang='lat' dir='ltr'><strong>benedictio</strong></span> <span class='ocrx_word' id='word_1_702' title='bbox 3111 3721 3125 3758; x_wconf 91' lang='lat'><strong>:</strong></span> 
     </span>
    </p>
   </div>
   <div class='ocr_carea' id='block_1_127' title="bbox 2049 3772 2670 3841">
    <p class='ocr_par' dir='ltr' id='par_1_127' title="bbox 2049 3772 2670 3841">
     <span class='ocr_line' id='line_1_128' title="bbox 2049 3772 2670 3841; baseline 0.003 -12"><span class='ocrx_word' id='word_1_703' title='bbox 2049 3772 2215 3829; x_wconf 87' lang='lat' dir='ltr'><strong>Labia</strong></span> <span class='ocrx_word' id='word_1_704' title='bbox 2236 3772 2637 3831; x_wconf 87' lang='lat' dir='ltr'><strong>deosculabitur</strong></span> <span class='ocrx_word' id='word_1_705' title='bbox 2655 3818 2670 3841; x_wconf 96' lang='lat'><strong>,</strong></span> 
     </span>
    </p>
   </div>
   <div class='ocr_carea' id='block_1_128' title="bbox 2121 3847 2922 3919">
    <p class='ocr_par' dir='ltr' id='par_1_128' title="bbox 2121 3847 2922 3919">
     <span class='ocr_line' id='line_1_129' title="bbox 2121 3847 2922 3919; baseline 0 -19"><span class='ocrx_word' id='word_1_706' title='bbox 2121 3847 2211 3915; x_wconf 88' lang='lat' dir='ltr'><strong>qui</strong></span> <span class='ocrx_word' id='word_1_707' title='bbox 2242 3856 2388 3901; x_wconf 91' lang='lat' dir='ltr'><strong>recta</strong></span> <span class='ocrx_word' id='word_1_708' title='bbox 2415 3848 2579 3903; x_wconf 90' lang='lat' dir='ltr'><strong>verba</strong></span> <span class='ocrx_word' id='word_1_709' title='bbox 2611 3848 2922 3919; x_wconf 89' lang='lat' dir='ltr'><strong>respondet.</strong></span> 
     </span>
    </p>
   </div>
   <div class='ocr_carea' id='block_1_129' title="bbox 2050 3915 2834 3987">
    <p class='ocr_par' dir='ltr' id='par_1_129' title="bbox 2050 3915 2834 3987">
     <span class='ocr_line' id='line_1_130' title="bbox 2050 3915 2834 3987; baseline 0.009 -16"><span class='ocrx_word' id='word_1_710' title='bbox 2050 3915 2303 3985; x_wconf 78' lang='lat' dir='ltr'><strong>Praepara</strong></span> <span class='ocrx_word' id='word_1_711' title='bbox 2332 3919 2463 3972; x_wconf 89' lang='lat' dir='ltr'><strong>foris</strong></span> <span class='ocrx_word' id='word_1_712' title='bbox 2489 3932 2624 3986; x_wconf 91' lang='lat' dir='ltr'><strong>opus</strong></span> <span class='ocrx_word' id='word_1_713' title='bbox 2657 3915 2834 3987; x_wconf 78' lang='lat' dir='ltr'><strong>tuum,</strong></span> 
     </span>
    </p>
   </div>
   <div class='ocr_carea' id='block_1_130' title="bbox 2121 3988 3146 4062">
    <p class='ocr_par' dir='ltr' id='par_1_130' title="bbox 2121 3988 3146 4062">
     <span class='ocr_line' id='line_1_131' title="bbox 2121 3988 3146 4062; baseline -0.001 -19"><span class='ocrx_word' id='word_1_714' title='bbox 2121 3988 2699 4062; x_wconf 84' lang='lat' dir='ltr'><strong>etdiligenterexeree</strong></span> <span class='ocrx_word' id='word_1_715' title='bbox 2726 4006 2913 4062; x_wconf 88' lang='lat' dir='ltr'><strong>agrum</strong></span> <span class='ocrx_word' id='word_1_716' title='bbox 2949 4000 3098 4044; x_wconf 90' lang='lat' dir='ltr'><strong>tttum</strong></span> <span class='ocrx_word' id='word_1_717' title='bbox 3133 4007 3146 4043; x_wconf 88' lang='lat'>:</span> 
     </span>
    </p>
   </div>
   <div class='ocr_carea' id='block_1_131' title="bbox 2122 4061 3107 4129">
    <p class='ocr_par' dir='ltr' id='par_1_131' title="bbox 2122 4061 3107 4129">
     <span class='ocr_line' id='line_1_132' title="bbox 2122 4061 3107 4129; baseline 0 -16"><span class='ocrx_word' id='word_1_718' title='bbox 2122 4069 2181 4113; x_wconf 91' lang='lat' dir='ltr'><strong>ut</strong></span> <span class='ocrx_word' id='word_1_719' title='bbox 2210 4071 2395 4129; x_wconf 91' lang='lat' dir='ltr'><strong>postea</strong></span> <span class='ocrx_word' id='word_1_720' title='bbox 2423 4061 2658 4116; x_wconf 67' lang='lat' dir='ltr'><strong>aedifices</strong></span> <span class='ocrx_word' id='word_1_721' title='bbox 2686 4061 2905 4118; x_wconf 88' lang='lat' dir='ltr'><strong>domum</strong></span> <span class='ocrx_word' id='word_1_722' title='bbox 2938 4071 3107 4116; x_wconf 90' lang='lat' dir='ltr'><strong>tuam.</strong></span> 
     </span>
    </p>
   </div>
   <div class='ocr_carea' id='block_1_132' title="bbox 2049 4130 3392 4200">
    <p class='ocr_par' dir='ltr' id='par_1_132' title="bbox 2049 4130 3392 4200">
     <span class='ocr_line' id='line_1_133' title="bbox 2049 4130 3392 4200; baseline -0.001 -14"><span class='ocrx_word' id='word_1_723' title='bbox 2049 4130 2128 4186; x_wconf 79' lang='lat' dir='ltr'><strong>Ne</strong></span> <span class='ocrx_word' id='word_1_724' title='bbox 2155 4132 2231 4186; x_wconf 89' lang='lat' dir='ltr'><strong>sis</strong></span> <span class='ocrx_word' id='word_1_725' title='bbox 2259 4133 2412 4185; x_wconf 88' lang='lat' dir='ltr'><strong>testis</strong></span> <span class='ocrx_word' id='word_1_726' title='bbox 2439 4131 2637 4187; x_wconf 83' lang='lat' dir='ltr'><strong>frustra</strong></span> <span class='ocrx_word' id='word_1_727' title='bbox 2665 4144 2854 4189; x_wconf 87' lang='lat' dir='ltr'><strong>contra</strong></span> <span class='ocrx_word' id='word_1_728' title='bbox 2884 4132 3188 4200; x_wconf 74' lang='lat' dir='ltr'><strong>proximum</strong></span> <span class='ocrx_word' id='word_1_729' title='bbox 3223 4140 3392 4196; x_wconf 91' lang='lat' dir='ltr'><strong>tuum,</strong></span> 
     </span>
    </p>
   </div>
   <div class='ocr_carea' id='block_1_133' title="bbox 2123 4202 3408 4279">
    <p class='ocr_par' dir='ltr' id='par_1_133' title="bbox 2123 4202 3408 4279">
     <span class='ocr_line' id='line_1_134' title="bbox 2123 4202 3408 4279; baseline -0.001 -24"><span class='ocrx_word' id='word_1_730' title='bbox 2123 4217 2221 4279; x_wconf 81' lang='lat' dir='ltr'><strong>nee</strong></span> <span class='ocrx_word' id='word_1_731' title='bbox 2249 4202 2416 4279; x_wconf 76' lang='lat' dir='ltr'><strong>lactes</strong></span> <span class='ocrx_word' id='word_1_732' title='bbox 2440 4219 2760 4279; x_wconf 75' lang='lat' dir='ltr'><strong>quemquam</strong></span> <span class='ocrx_word' id='word_1_733' title='bbox 2785 4205 2975 4279; x_wconf 71' lang='lat' dir='ltr'><strong>labiis</strong></span> <span class='ocrx_word' id='word_1_734' title='bbox 2995 4204 3120 4279; x_wconf 78' lang='lat' dir='ltr'><strong>tuis.</strong></span> <span class='ocrx_word' id='word_1_735' title='bbox 3146 4273 3164 4279; x_wconf 89' lang='lat'><em>_</em></span> <span class='ocrx_word' id='word_1_736' title='bbox 3225 4271 3235 4279; x_wconf 89' lang='lat'>_</span> <span class='ocrx_word' id='word_1_737' title='bbox 3398 4268 3408 4279; x_wconf 39' lang='lat'><strong>.</strong></span> 
     </span>
    </p>
   </div>
   <div class='ocr_carea' id='block_1_134' title="bbox 2050 4271 3458 4341">
    <p class='ocr_par' dir='ltr' id='par_1_134' title="bbox 2050 4271 3458 4341">
     <span class='ocr_line' id='line_1_135' title="bbox 2050 4271 3458 4341; baseline -0.006 -12"><span class='ocrx_word' id='word_1_738' title='bbox 2050 4272 2128 4329; x_wconf 86' lang='lat' dir='ltr'><strong>Ne</strong></span> <span class='ocrx_word' id='word_1_739' title='bbox 2159 4274 2308 4329; x_wconf 89' lang='lat' dir='ltr'><strong>dicas</strong></span> <span class='ocrx_word' id='word_1_740' title='bbox 2338 4290 2352 4329; x_wconf 84' lang='lat'><strong>:</strong></span> <span class='ocrx_word' id='word_1_741' title='bbox 2382 4271 2666 4341; x_wconf 72' lang='lat' dir='ltr'><strong>Quomodo</strong></span> <span class='ocrx_word' id='word_1_742' title='bbox 2693 4276 2823 4331; x_wconf 91' lang='lat' dir='ltr'><strong>fecit</strong></span> <span class='ocrx_word' id='word_1_743' title='bbox 2849 4274 3003 4341; x_wconf 91' lang='lat' dir='ltr'><strong>mihi,</strong></span> <span class='ocrx_word' id='word_1_744' title='bbox 3032 4273 3109 4327; x_wconf 91' lang='lat' dir='ltr'><strong>sie</strong></span> <span class='ocrx_word' id='word_1_745' title='bbox 3138 4271 3329 4326; x_wconf 86' lang='lat' dir='ltr'><strong>faciam</strong></span> <span class='ocrx_word' id='word_1_746' title='bbox 3359 4271 3411 4322; x_wconf 91' lang='lat' dir='ltr'><strong>ei</strong></span> <span class='ocrx_word' id='word_1_747' title='bbox 3447 4286 3458 4321; x_wconf 93' lang='lat'><strong>:</strong></span> 
     </span>
    </p>
   </div>
   <div class='ocr_carea' id='block_1_135' title="bbox 2122 4346 3362 4416">
    <p class='ocr_par' dir='ltr' id='par_1_135' title="bbox 2122 4346 3362 4416">
     <span class='ocr_line' id='line_1_136' title="bbox 2122 4346 3362 4416; baseline -0.005 -17"><span class='ocrx_word' id='word_1_748' title='bbox 2122 4346 2346 4400; x_wconf 89' lang='lat' dir='ltr'><strong>reddam</strong></span> <span class='ocrx_word' id='word_1_749' title='bbox 2378 4346 2671 4416; x_wconf 88' lang='lat' dir='ltr'><strong>unicuique</strong></span> <span class='ocrx_word' id='word_1_750' title='bbox 2692 4348 2985 4401; x_wconf 85' lang='lat' dir='ltr'><strong>secundum</strong></span> <span class='ocrx_word' id='word_1_751' title='bbox 3016 4358 3152 4413; x_wconf 89' lang='lat' dir='ltr'><strong>opus</strong></span> <span class='ocrx_word' id='word_1_752' title='bbox 3175 4356 3362 4397; x_wconf 89' lang='lat' dir='ltr'><strong>suum.</strong></span> 
     </span>
    </p>
   </div>
   <div class='ocr_carea' id='block_1_136' title="bbox 2051 4415 3072 4486">
    <p class='ocr_par' dir='ltr' id='par_1_136' title="bbox 2051 4415 3072 4486">
     <span class='ocr_line' id='line_1_137' title="bbox 2051 4415 3072 4486; baseline -0.002 -15"><span class='ocrx_word' id='word_1_753' title='bbox 2051 4415 2155 4471; x_wconf 86' lang='lat' dir='ltr'><strong>Per</strong></span> <span class='ocrx_word' id='word_1_754' title='bbox 2179 4430 2367 4486; x_wconf 90' lang='lat' dir='ltr'><strong>agrum</strong></span> <span class='ocrx_word' id='word_1_755' title='bbox 2397 4415 2631 4472; x_wconf 91' lang='lat' dir='ltr'><strong>hominis</strong></span> <span class='ocrx_word' id='word_1_756' title='bbox 2664 4418 2797 4486; x_wconf 88' lang='lat' dir='ltr'><strong>pigri</strong></span> <span class='ocrx_word' id='word_1_757' title='bbox 2820 4416 3072 4479; x_wconf 89' lang='lat' dir='ltr'><strong>transivi,</strong></span> 
     </span>
    </p>
   </div>
   <div class='ocr_carea' id='block_1_137' title="bbox 2123 4488 2882 4556">
    <p class='ocr_par' dir='ltr' id='par_1_137' title="bbox 2123 4488 2882 4556">
     <span class='ocr_line' id='line_1_138' title="bbox 2123 4488 2882 4556; baseline -0.003 -14"><span class='ocrx_word' id='word_1_758' title='bbox 2123 4496 2179 4542; x_wconf 88' lang='lat' dir='ltr'><strong>et</strong></span> <span class='ocrx_word' id='word_1_759' title='bbox 2208 4502 2305 4556; x_wconf 90' lang='lat' dir='ltr'><strong>per</strong></span> <span class='ocrx_word' id='word_1_760' title='bbox 2330 4488 2544 4541; x_wconf 90' lang='lat' dir='ltr'><strong>vineam</strong></span> <span class='ocrx_word' id='word_1_761' title='bbox 2575 4490 2675 4542; x_wconf 92' lang='lat' dir='ltr'><strong>viri</strong></span> <span class='ocrx_word' id='word_1_762' title='bbox 2701 4488 2882 4551; x_wconf 87' lang='lat' dir='ltr'><strong>stulti,</strong></span> 
     </span>
    </p>
   </div>
   <div class='ocr_carea' id='block_1_138' title="bbox 2055 4555 3141 4627">
    <p class='ocr_par' dir='ltr' id='par_1_138' title="bbox 2055 4555 3141 4627">
     <span class='ocr_line' id='line_1_139' title="bbox 2055 4555 3141 4627; baseline -0.003 -14"><span class='ocrx_word' id='word_1_763' title='bbox 2055 4558 2124 4613; x_wconf 85' lang='lat' dir='ltr'><strong>Et</strong></span> <span class='ocrx_word' id='word_1_764' title='bbox 2165 4555 2296 4613; x_wconf 81' lang='lat' dir='ltr'><strong>ecce</strong></span> <span class='ocrx_word' id='word_1_765' title='bbox 2328 4568 2498 4612; x_wconf 92' lang='lat' dir='ltr'><strong>totum</strong></span> <span class='ocrx_word' id='word_1_766' title='bbox 2532 4560 2881 4627; x_wconf 88' lang='lat' dir='ltr'><strong>repleverant</strong></span> <span class='ocrx_word' id='word_1_767' title='bbox 2914 4555 3141 4621; x_wconf 58' lang='lat' dir='ltr'><strong>urticae;</strong></span> 
     </span>
    </p>
   </div>
   <div class='ocr_carea' id='block_1_139' title="bbox 2128 4628 3210 4698">
    <p class='ocr_par' dir='ltr' id='par_1_139' title="bbox 2128 4628 3210 4698">
     <span class='ocr_line' id='line_1_140' title="bbox 2128 4628 3210 4698; baseline -0.001 -16"><span class='ocrx_word' id='word_1_768' title='bbox 2128 4640 2455 4698; x_wconf 79' lang='lat' dir='ltr'><strong>operuerunt</strong></span> <span class='ocrx_word' id='word_1_769' title='bbox 2478 4630 2818 4698; x_wconf 88' lang='lat' dir='ltr'><strong>superficiem</strong></span> <span class='ocrx_word' id='word_1_770' title='bbox 2848 4628 2965 4698; x_wconf 88' lang='lat' dir='ltr'><strong>ejus</strong></span> <span class='ocrx_word' id='word_1_771' title='bbox 2995 4630 3165 4696; x_wconf 72' lang='lat' dir='ltr'><strong>spiuze</strong></span> <span class='ocrx_word' id='word_1_772' title='bbox 3193 4667 3210 4693; x_wconf 91' lang='lat'><strong>,</strong></span> 
     </span>
    </p>
   </div>
   <div class='ocr_carea' id='block_1_140' title="bbox 2129 4699 3190 4769">
    <p class='ocr_par' dir='ltr' id='par_1_140' title="bbox 2129 4699 3190 4769">
     <span class='ocr_line' id='line_1_141' title="bbox 2129 4699 3190 4769; baseline -0.002 -17"><span class='ocrx_word' id='word_1_773' title='bbox 2129 4708 2187 4753; x_wconf 91' lang='lat' dir='ltr'><strong>et</strong></span> <span class='ocrx_word' id='word_1_774' title='bbox 2217 4700 2451 4754; x_wconf 90' lang='lat' dir='ltr'><strong>maceria</strong></span> <span class='ocrx_word' id='word_1_775' title='bbox 2478 4699 2719 4769; x_wconf 83' lang='lat' dir='ltr'><strong>lapidum</strong></span> <span class='ocrx_word' id='word_1_776' title='bbox 2742 4700 3016 4755; x_wconf 90' lang='lat' dir='ltr'><strong>destructa</strong></span> <span class='ocrx_word' id='word_1_777' title='bbox 3047 4707 3190 4753; x_wconf 89' lang='lat' dir='ltr'><strong>erat.</strong></span> 
     </span>
    </p>
   </div>
   <div class='ocr_carea' id='block_1_141' title="bbox 2058 4767 3290 4839">
    <p class='ocr_par' dir='ltr' id='par_1_141' title="bbox 2058 4767 3290 4839">
     <span class='ocr_line' id='line_1_142' title="bbox 2058 4767 3290 4839; baseline -0.001 -14"><span class='ocrx_word' id='word_1_778' title='bbox 2058 4767 2212 4837; x_wconf 88' lang='lat' dir='ltr'><strong>Quod</strong></span> <span class='ocrx_word' id='word_1_779' title='bbox 2233 4785 2358 4824; x_wconf 89' lang='lat' dir='ltr'><strong>eum</strong></span> <span class='ocrx_word' id='word_1_780' title='bbox 2382 4767 2661 4834; x_wconf 77' lang='lat' dir='ltr'><strong>vidissem,</strong></span> <span class='ocrx_word' id='word_1_781' title='bbox 2695 4772 2850 4839; x_wconf 89' lang='lat' dir='ltr'><strong>posui</strong></span> <span class='ocrx_word' id='word_1_782' title='bbox 2878 4771 2931 4825; x_wconf 91' lang='lat' dir='ltr'><strong>in</strong></span> <span class='ocrx_word' id='word_1_783' title='bbox 2964 4771 3134 4826; x_wconf 88' lang='lat' dir='ltr'><strong>corde</strong></span> <span class='ocrx_word' id='word_1_784' title='bbox 3164 4782 3290 4825; x_wconf 89' lang='lat' dir='ltr'><strong>meo</strong></span> 
     </span>
    </p>
   </div>
   <div class='ocr_carea' id='block_1_142' title="bbox 2130 4841 3477 4919">
    <p class='ocr_par' dir='ltr' id='par_1_142' title="bbox 2130 4841 3477 4919">
     <span class='ocr_line' id='line_1_143' title="bbox 2130 4841 3477 4919; baseline 0.007 -24"><span class='ocrx_word' id='word_1_785' title='bbox 2130 4851 2184 4895; x_wconf 91' lang='lat' dir='ltr'><strong>et</strong></span> <span class='ocrx_word' id='word_1_786' title='bbox 2211 4841 2458 4919; x_wconf 82' lang='lat' dir='ltr'><strong>exemplo</strong></span> <span class='ocrx_word' id='word_1_787' title='bbox 2484 4843 2645 4919; x_wconf 84' lang='lat' dir='ltr'><strong>didici</strong></span> <span class='ocrx_word' id='word_1_788' title='bbox 2669 4842 3029 4919; x_wconf 68' lang='lat' dir='ltr'><strong>disciplinain.</strong></span> <span class='ocrx_word' id='word_1_789' title='bbox 3206 4910 3221 4919; x_wconf 45' lang='lat'><strong><em>.</em></strong></span> <span class='ocrx_word' id='word_1_790' title='bbox 3354 4908 3366 4919; x_wconf 56' lang='grc'><em>,</em></span> <span class='ocrx_word' id='word_1_791' title='bbox 3429 4908 3477 4919; x_wconf 41' lang='grc' dir='ltr'>ε,</span> 
     </span>
    </p>
   </div>
   <div class='ocr_carea' id='block_1_143' title="bbox 2060 4908 3539 4982">
    <p class='ocr_par' dir='ltr' id='par_1_143' title="bbox 2060 4908 3539 4982">
     <span class='ocr_line' id='line_1_144' title="bbox 2060 4908 3539 4982; baseline -0.001 -15"><span class='ocrx_word' id='word_1_792' title='bbox 2060 4911 2277 4975; x_wconf 90' lang='lat' dir='ltr'><strong>Parum,</strong></span> <span class='ocrx_word' id='word_1_793' title='bbox 2314 4908 2552 4982; x_wconf 73' lang='lat' dir='ltr'><strong>inquam,</strong></span> <span class='ocrx_word' id='word_1_794' title='bbox 2580 4908 2839 4981; x_wconf 80' lang='lat' dir='ltr'><strong>dormies,</strong></span> <span class='ocrx_word' id='word_1_795' title='bbox 2874 4913 3146 4968; x_wconf 88' lang='lat' dir='ltr'><strong>modicum</strong></span> <span class='ocrx_word' id='word_1_796' title='bbox 3190 4908 3539 4977; x_wconf 90' lang='lat' dir='ltr'><strong>dormitabis,</strong></span> 
     </span>
    </p>
   </div>
   <div class='ocr_carea' id='block_1_144' title="bbox 2133 4982 3355 5053">
    <p class='ocr_par' dir='ltr' id='par_1_144' title="bbox 2133 4982 3355 5053">
     <span class='ocr_line' id='line_1_145' title="bbox 2133 4982 3355 5053; baseline 0.001 -16"><span class='ocrx_word' id='word_1_797' title='bbox 2133 4984 2425 5053; x_wconf 79' lang='lat' dir='ltr'><strong>pauxillum</strong></span> <span class='ocrx_word' id='word_1_798' title='bbox 2455 5000 2649 5040; x_wconf 90' lang='lat' dir='ltr'><strong>manus</strong></span> <span class='ocrx_word' id='word_1_799' title='bbox 2672 4999 2953 5049; x_wconf 91' lang='lat' dir='ltr'><strong>conseres,</strong></span> <span class='ocrx_word' id='word_1_800' title='bbox 2977 4995 3033 5037; x_wconf 90' lang='lat' dir='ltr'><strong>ut</strong></span> <span class='ocrx_word' id='word_1_801' title='bbox 3063 4982 3311 5053; x_wconf 86' lang='lat' dir='ltr'><strong>quiescas</strong></span> <span class='ocrx_word' id='word_1_802' title='bbox 3341 4994 3355 5032; x_wconf 87' lang='lat'><strong>:</strong></span> 
     </span>
    </p>
   </div>
   <div class='ocr_carea' id='block_1_145' title="bbox 2060 5052 3243 5126">
    <p class='ocr_par' dir='ltr' id='par_1_145' title="bbox 2060 5052 3243 5126">
     <span class='ocr_line' id='line_1_146' title="bbox 2060 5052 3243 5126; baseline 0 -18"><span class='ocrx_word' id='word_1_803' title='bbox 2060 5052 2130 5108; x_wconf 88' lang='lat' dir='ltr'><strong>Et</strong></span> <span class='ocrx_word' id='word_1_804' title='bbox 2155 5052 2449 5111; x_wconf 32' lang='lat' dir='ltr'><strong>veniet’tibi</strong></span> <span class='ocrx_word' id='word_1_805' title='bbox 2482 5058 2635 5126; x_wconf 90' lang='lat' dir='ltr'><strong>quasi</strong></span> <span class='ocrx_word' id='word_1_806' title='bbox 2658 5070 2851 5111; x_wconf 90' lang='lat' dir='ltr'><strong>cursor</strong></span> <span class='ocrx_word' id='word_1_807' title='bbox 2881 5052 3097 5126; x_wconf 86' lang='lat' dir='ltr'><strong>egestas</strong></span> <span class='ocrx_word' id='word_1_808' title='bbox 3130 5063 3243 5121; x_wconf 87' lang='lat' dir='ltr'><strong>tua,</strong></span> 
     </span>
    </p>
   </div>
   <div class='ocr_carea' id='block_1_146' title="bbox 2132 5126 3112 5198">
    <p class='ocr_par' dir='ltr' id='par_1_146' title="bbox 2132 5126 3112 5198">
     <span class='ocr_line' id='line_1_147' title="bbox 2132 5126 3112 5198; baseline -0.003 -15"><span class='ocrx_word' id='word_1_809' title='bbox 2132 5135 2188 5183; x_wconf 88' lang='lat' dir='ltr'><strong>et</strong></span> <span class='ocrx_word' id='word_1_810' title='bbox 2212 5126 2537 5184; x_wconf 89' lang='lat' dir='ltr'><strong>mendicitas</strong></span> <span class='ocrx_word' id='word_1_811' title='bbox 2561 5129 2715 5198; x_wconf 87' lang='lat' dir='ltr'><strong>qttasi</strong></span> <span class='ocrx_word' id='word_1_812' title='bbox 2737 5130 2819 5183; x_wconf 92' lang='lat' dir='ltr'><strong>vir</strong></span> <span class='ocrx_word' id='word_1_813' title='bbox 2851 5138 3112 5182; x_wconf 90' lang='lat' dir='ltr'><strong>armatus.</strong></span> 
     </span>
    </p>
   </div>
   <div class='ocr_carea' id='block_1_147' title="bbox 2068 5333 3661 5406">
    <p class='ocr_par' dir='ltr' id='par_1_147' title="bbox 2068 5333 3661 5406">
     <span class='ocr_line' id='line_1_148' title="bbox 2068 5333 3661 5406; baseline 0.001 -16"><span class='ocrx_word' id='word_1_814' title='bbox 2068 5342 2157 5390; x_wconf 90' lang='lat' dir='ltr'><strong>tnr</strong></span> <span class='ocrx_word' id='word_1_815' title='bbox 2204 5350 2334 5392; x_wconf 87' lang='lat' dir='ltr'><strong>vero</strong></span> <span class='ocrx_word' id='word_1_816' title='bbox 2362 5336 2539 5392; x_wconf 90' lang='lat' dir='ltr'><strong>doctis</strong></span> <span class='ocrx_word' id='word_1_817' title='bbox 2584 5336 2717 5391; x_wconf 90' lang='lat' dir='ltr'><strong>viris</strong></span> <span class='ocrx_word' id='word_1_818' title='bbox 2749 5336 3112 5406; x_wconf 81' lang='lat' dir='ltr'><strong>Hieronymus</strong></span> <span class='ocrx_word' id='word_1_819' title='bbox 3140 5335 3367 5389; x_wconf 90' lang='lat' dir='ltr'><strong>alteram</strong></span> <span class='ocrx_word' id='word_1_820' title='bbox 3418 5333 3661 5391; x_wconf 91' lang='lat' dir='ltr'><strong>isocolon</strong></span> 
     </span>
    </p>
   </div>
   <div class='ocr_carea' id='block_1_148' title="bbox 2069 5410 3662 5498">
    <p class='ocr_par' dir='ltr' id='par_1_148' title="bbox 2069 5410 3662 5498">
     <span class='ocr_line' id='line_1_149' title="bbox 2069 5410 3662 5498; baseline -0.001 -16"><span class='ocrx_word' id='word_1_821' title='bbox 2069 5428 2240 5483; x_wconf 87' lang='lat' dir='ltr'><strong>tribus</strong></span> <span class='ocrx_word' id='word_1_822' title='bbox 2269 5428 2556 5498; x_wconf 85' lang='lat' dir='ltr'><strong>sejunctim</strong></span> <span class='ocrx_word' id='word_1_823' title='bbox 2583 5429 2765 5483; x_wconf 89' lang='lat' dir='ltr'><strong>verbis</strong></span> <span class='ocrx_word' id='word_1_824' title='bbox 2797 5430 2868 5483; x_wconf 90' lang='lat' dir='ltr'><strong>ita</strong></span> <span class='ocrx_word' id='word_1_825' title='bbox 2904 5428 3125 5497; x_wconf 83' lang='lat' dir='ltr'><strong>legisse,</strong></span> <span class='ocrx_word' id='word_1_826' title='bbox 3151 5435 3237 5486; x_wconf 55' lang='grc' dir='ltr'><strong>ἢκ</strong></span> <span class='ocrx_word' id='word_1_827' title='bbox 3261 5436 3341 5485; x_wconf 72' lang='lat' dir='ltr'><strong>2N</strong></span> <span class='ocrx_word' id='word_1_828' title='bbox 3367 5410 3490 5492; x_wconf 67' lang='grc'><strong>⁷72⁵7,</strong></span> <span class='ocrx_word' id='word_1_829' title='bbox 3526 5428 3662 5493; x_wconf 88' lang='lat' dir='ltr'><strong>sive,</strong></span> 
     </span>
    </p>
   </div>
   <div class='ocr_carea' id='block_1_149' title="bbox 2070 5497 3665 5569">
    <p class='ocr_par' dir='ltr' id='par_1_149' title="bbox 2070 5497 3665 5569">
     <span class='ocr_line' id='line_1_150' title="bbox 2070 5497 3665 5569; baseline -0.003 -11"><span class='ocrx_word' id='word_1_830' title='bbox 2070 5508 2155 5557; x_wconf 61' lang='grc' dir='ltr'><strong>ἠδτ</strong></span> <span class='ocrx_word' id='word_1_831' title='bbox 2180 5511 2259 5558; x_wconf 61' lang='grc' dir='ltr'><strong>ΞΝ</strong></span> <span class='ocrx_word' id='word_1_832' title='bbox 2291 5497 2500 5556; x_wconf 89' lang='lat' dir='ltr'><strong>duobus</strong></span> <span class='ocrx_word' id='word_1_833' title='bbox 2541 5501 2761 5564; x_wconf 89' lang='lat' dir='ltr'><strong>verbis,</strong></span> <span class='ocrx_word' id='word_1_834' title='bbox 2815 5498 3044 5553; x_wconf 83' lang='lat' dir='ltr'><strong>suffecto</strong></span> <span class='ocrx_word' id='word_1_835' title='bbox 3095 5499 3273 5553; x_wconf 90' lang='lat' dir='ltr'><strong>altero</strong></span> <span class='ocrx_word' id='word_1_836' title='bbox 3316 5497 3473 5567; x_wconf 85' lang='lat' dir='ltr'><strong>aleph</strong></span> <span class='ocrx_word' id='word_1_837' title='bbox 3499 5537 3513 5563; x_wconf 95' lang='lat'><strong>,</strong></span> <span class='ocrx_word' id='word_1_838' title='bbox 3566 5514 3665 5569; x_wconf 90' lang='lat' dir='ltr'><strong>pro</strong></span> 
     </span>
    </p>
   </div>
   <div class='ocr_carea' id='block_1_150' title="bbox 2180 5584 2195 5605">
    <p class='ocr_par' dir='ltr' id='par_1_150' title="bbox 2180 5584 2195 5605">
     <span class='ocr_line' id='line_1_151' title="bbox 2180 5584 2195 5605; baseline 0 0"><span class='ocrx_word' id='word_1_839' title='bbox 2180 5584 2195 5605; x_wconf 60' lang='grc' dir='ltr'>δ</span> 
     </span>
    </p>
   </div>
   <div class='ocr_carea' id='block_1_151' title="bbox 2072 5580 3665 5711">
    <p class='ocr_par' dir='ltr' id='par_1_151' title="bbox 2072 5580 3665 5711">
     <span class='ocr_line' id='line_1_152' title="bbox 2072 5581 2213 5625; baseline 0 0"><span class='ocrx_word' id='word_1_840' title='bbox 2072 5581 2090 5619; x_wconf 68' lang='grc' dir='ltr'><strong>ν</strong></span> <span class='ocrx_word' id='word_1_841' title='bbox 2180 5584 2213 5625; x_wconf 63' lang='grc' dir='ltr'><strong>δ.</strong></span> 
     </span>
     <span class='ocr_line' id='line_1_153' title="bbox 2093 5580 3665 5711; baseline -0.003 -15"><span class='ocrx_word' id='word_1_842' title='bbox 2093 5580 2325 5697; x_wconf 43' lang='lat' dir='ltr'><strong>uel\Plus</strong></span> <span class='ocrx_word' id='word_1_843' title='bbox 2351 5644 2550 5699; x_wconf 88' lang='lat' dir='ltr'><strong>habent</strong></span> <span class='ocrx_word' id='word_1_844' title='bbox 2574 5643 2794 5703; x_wconf 85' lang='lat' dir='ltr'><strong>editi,et</strong></span> <span class='ocrx_word' id='word_1_845' title='bbox 2818 5654 2986 5711; x_wconf 88' lang='lat' dir='ltr'><strong>penes</strong></span> <span class='ocrx_word' id='word_1_846' title='bbox 3008 5640 3376 5695; x_wconf 68' lang='lat' dir='ltr'><strong>Martianmum</strong></span> <span class='ocrx_word' id='word_1_847' title='bbox 3408 5652 3539 5711; x_wconf 81' lang='lat' dir='ltr'><strong>mss.</strong></span> <span class='ocrx_word' id='word_1_848' title='bbox 3566 5639 3665 5693; x_wconf 90' lang='lat' dir='ltr'><strong>ali-</strong></span> 
     </span>
    </p>
   </div>
   <div class='ocr_carea' id='block_1_152' title="bbox 2074 5710 3667 5794">
    <p class='ocr_par' dir='ltr' id='par_1_152' title="bbox 2074 5710 3667 5794">
     <span class='ocr_line' id='line_1_154' title="bbox 2074 5710 3667 5794; baseline -0.003 -25"><span class='ocrx_word' id='word_1_849' title='bbox 2074 5726 2203 5784; x_wconf 82' lang='lat' dir='ltr'><strong>quot</strong></span> <span class='ocrx_word' id='word_1_850' title='bbox 2236 5716 2445 5781; x_wconf 83' lang='lat' dir='ltr'><strong>lihri,in</strong></span> <span class='ocrx_word' id='word_1_851' title='bbox 2476 5716 2761 5767; x_wconf 74' lang='lat' dir='ltr'><strong>novissimis</strong></span> <span class='ocrx_word' id='word_1_852' title='bbox 2782 5710 2945 5794; x_wconf 61' lang='lat' dir='ltr'><strong>sperni;</strong></span> <span class='ocrx_word' id='word_1_853' title='bbox 2972 5714 3022 5793; x_wconf 77' lang='lat' dir='ltr'><strong>in</strong></span> <span class='ocrx_word' id='word_1_854' title='bbox 3053 5713 3279 5792; x_wconf 69' lang='lat' dir='ltr'><strong>llehrteo</strong></span> <span class='ocrx_word' id='word_1_855' title='bbox 3302 5719 3480 5767; x_wconf 84' lang='lat' dir='ltr'><strong>autem</strong></span> <span class='ocrx_word' id='word_1_856' title='bbox 3507 5710 3667 5784; x_wconf 58' lang='lat' dir='ltr'><strong>dum“:</strong></span> 
     </span>
    </p>
   </div>
   <div class='ocr_carea' id='block_1_153' title="bbox 2076 5791 3308 5854">
    <p class='ocr_par' dir='ltr' id='par_1_153' title="bbox 2076 5791 3308 5854">
     <span class='ocr_line' id='line_1_155' title="bbox 2076 5791 3308 5854; baseline -0.005 -12"><span class='ocrx_word' id='word_1_857' title='bbox 2076 5796 2224 5843; x_wconf 83' lang='lat' dir='ltr'><strong>taxat</strong></span> <span class='ocrx_word' id='word_1_858' title='bbox 2250 5796 2356 5854; x_wconf 70' lang='grc' dir='ltr'><strong>ρει,</strong></span> <span class='ocrx_word' id='word_1_859' title='bbox 2383 5796 2570 5849; x_wconf 57' lang='lat' dir='ltr'><strong>warm</strong></span> <span class='ocrx_word' id='word_1_860' title='bbox 2595 5794 2731 5847; x_wconf 64' lang='lat' dir='ltr'><strong>tim:</strong></span> <span class='ocrx_word' id='word_1_861' title='bbox 2766 5798 2809 5839; x_wconf 86' lang='lat' dir='ltr'><strong>et</strong></span> <span class='ocrx_word' id='word_1_862' title='bbox 2844 5791 2937 5839; x_wconf 84' lang='lat' dir='ltr'><strong>erit</strong></span> <span class='ocrx_word' id='word_1_863' title='bbox 2970 5791 3024 5837; x_wconf 86' lang='lat' dir='ltr'><strong>in</strong></span> <span class='ocrx_word' id='word_1_864' title='bbox 3052 5791 3308 5838; x_wconf 73' lang='lat' dir='ltr'><strong>extremis.</strong></span> 
     </span>
    </p>
   </div>
  </div>
