4124 6360
384 292 526 352 1989

452 423 612 477 quam
646 409 988 468 fraudulenta
1018 412 1202 470 oscula
1232 410 1487 468 odientis.

383 479 577 536 Anima
605 493 843 537 saturata
874 485 1104 540 calcabit
1131 485 1306 540 favum
1332 501 1345 536 :

453 553 629 606 anima
657 555 901 610 esuriens
928 567 982 611 et
1011 572 1256 610 amarmn
1282 568 1382 624 pro
1412 553 1557 610 dulci
1584 562 1785 612 sumet.

383 623 532 697 Sicut
560 626 675 697 avis
700 629 1088 697 transmigrans
1119 628 1189 681 de
1220 623 1349 682 nido
1374 640 1498 689 suo.
1525 658 1587 674 -ιι

454 694 532 749 sic
563 694 643 751 vir
667 695 759 767 qui
786 694 1116 768 derelinquit
1142 699 1321 754 locum
1351 713 1532 752 suum.

382 764 669 836 Unguento
685 764 747 824 'et
776 771 936 824 variis
963 764 1224 825 odoribus
1254 769 1555 824 deleatatur
1579 783 1674 824 cor
1708 784 1723 822 :

451 850 504 892 et
527 837 683 893 bouis
703 840 862 895 amici
892 842 1132 896 consiliis
1159 841 1338 896 anima
1367 841 1697 896 dulcoratur.

379 906 627 982 Amicqu
663 920 832 973 tuum,
864 921 920 966 et
947 915 1177 968 amicum
1205 913 1370 982 patris
1393 911 1468 982 tui
1499 928 1567 967 ne
1594 908 1909 967 dimiseris:

449 990 506 1036 et
528 981 753 1062 domum
783 983 963 1040 fratris
1003 987 1077 1040 tui
1118 999 1186 1040 ne
1206 981 1549 1056 ingrediaris
1580 984 1632 1040 in
1673 983 1762 1040 die
1791 983 1966 1040 afflic-

522 1059 684 1107 tionis
709 1065 833 1108 tum.

381 1121 570 1179 Melior
591 1132 676 1196 est
705 1125 913 1180 vicinus
935 1125 1117 1196 juxta,

448 1209 622 1266 quam.
642 1195 809 1252 frater
836 1195 1040 1266 proetrl.

375 1262 548 1320 Stude
575 1262 873 1336 sapientiai,
910 1270 982 1324 tili
1007 1270 1101 1336 mi,
1131 1277 1188 1325 et
1215 1268 1426 1325 lzetillca
1459 1282 1554 1325 eor
1575 1282 1754 1324 meum
1781 1284 1795 1322 :

453 1346 509 1391 ιιι
538 1338 713 1412 possis
740 1341 1084 1408 exprobranti
1114 1343 1448 1412 respondere
1473 1354 1804 1397 sermonem.

377 1405 601 1462 Astutus
630 1405 1064 1478 videus'malum,
1098 1405 1450 1468 absconditus
1474 1421 1558 1468 est
1584 1429 1598 1468 :

449 1480 658 1546 parvuli
690 1490 1032 1538 transeuntes
1059 1485 1434 1539 sustinuerunt
1462 1482 1765 1550 dispendia.

377 1546 536 1606 Tolle
567 1555 949 1610 vestimentum
979 1555 1118 1626 ejus,
1161 1555 1254 1627 qui
1297 1546 1612 1628 spopondit,
1659 1570 1758 1626 pro
1788 1559 1967 1611 extra-

518 1636 625 1678 neo
657 1642 670 1677 ζ
919 1654 923 1658 '

445 1701 629 1772 et_pro
653 1695 867 1772 alienis,
889 1696 1046 1772 aufer
1070 1698 1118 1754 ei
1150 1697 1363 1768 pignus.

375 1759 477 1840 Qui
503 1759 776 1823 b'enedieit
803 1759 1048 1838 proximo
1076 1759 1175 1826 suo
1207 1759 1340 1825 voce
1369 1767 1584 1840 grandi,

446 1834 514 1890 de
540 1848 698 1894 nocte
721 1834 1060 1912 consurgens
1087 1834 1428 1897 maledicetfti
1457 1837 1648 1895 similis
1667 1835 1792 1895 erit.

373 1903 538 1962 Tecta
554 1903 1000 1982 yperstillantia'in
1024 1913 1112 1968 die
1137 1912 1375 1982 frigoris,

445 1988 501 2053 et
530 1981 762 2050 litigiosa
795 1983 988 2037 mulier
1014 1981 1395 2053 comparantur
1427 1998 1441 2036 ε

373 2045 474 2115 Qui
505 2045 698 2125 retinet
721 2069 863 2123 eam,
891 2057 1048 2125 quasi
1081 2045 1170 2124 qui
1203 2063 1419 2110 ventum
1447 2062 1648 2118 teneat,

443 2128 502 2175 et
523 2124 699 2178 oleum
725 2124 967 2181 dextera:
997 2141 1111 2182 sua:
1135 2125 1370 2181 vocabit.

369 2187 593 2247 Ferrum
614 2194 761 2250 ferro
785 2197 1020 2262 acuitur,

441 2273 492 2317 et
516 2263 678 2321 homo
699 2268 918 2322 exacuit
939 2268 1131 2324 faciem
1153 2267 1308 2323 amici
1337 2267 1443 2322 sui.

368 2331 471 2400 Qui
501 2348 680 2391 servat
703 2339 888 2406 ﬁcum,
920 2341 1168 2396 comedet
1187 2340 1392 2394 fructus
1413 2337 1460 2406 ej
1473 2351 1532 2392 us
1559 2352 1572 2390 :

440 2414 495 2460 et
523 2409 614 2478 qui
641 2419 824 2465 custos
846 2423 928 2466 est
957 2409 1171 2466 Domini
1200 2411 1306 2475 sui,
1335 2407 1748 2479 glorilicabitur.

369 2473 650 2552 Quomodo
671 2481 721 2535 in
744 2484 897 2552 aquis
921 2484 1266 2552 resplendent
1288 2473 1468 2536 vu'ltus
1487 2477 1956 2552 prospicientium,

441 2548 520 2619 sic
544 2552 706 2606 corda
738 2548 1027 2608 hominum
1045 2553 1327 2608 manifesta
1358 2559 1488 2605 sunt
1515 2550 1892 2619 prudentibus.

370 2616 618 2676 lnfernus
646 2631 700 2678 et
732 2623 960 2694 perditio
989 2634 1014 2662 τι
1045 2640 1151 2681 non
1180 2623 1290 2696 [ΑΙ.
1327 2616 1640 2692 numquam]
1670 2620 1959 2691 replebuu-

515 2702 600 2746 tur
628 2711 642 2747 :

440 2762 690 2820 similiter
718 2775 773 2821 et
801 2767 941 2823 oculi
975 2766 1253 2823 hominum
1284 2763 1638 2821 insatiabiles.

369 2831 655 2898 Quomodo
688 2839 945 2906 probatur
977 2841 1027 2894 in
1060 2838 1382 2894 conllatorio
1407 2845 1716 2907 argentum,

439 2917 493 2960 et
523 2906 575 2960 in
607 2909 824 2964 fornace
845 2925 1036 2965 aurum
1067 2927 1082 2964 :

437 2979 514 3033 sic
535 2980 794 3047 probatur
823 2981 989 3037 homo
1016 2997 1110 3037 ore
1133 2979 1427 3036 laudantis.
1458 2976 1486 3017 ι)

368 3045 424 3102 Si
449 3045 761 3121 contuderis
782 3054 1004 3106 stultum
1033 3055 1086 3107 in
1121 3054 1226 3121 pila

437 3120 590 3190 quasi
619 3123 878 3190 ptisauas,
913 3120 1144 3180 feriente
1168 3123 1404 3192 desuper
1433 3120 1572 3192 pilo,

440 3208 546 3262 non
576 3194 853 3249 auferetur
877 3195 947 3250 ab
975 3209 1040 3250 eo
1070 3194 1295 3249 stultitia
1325 3193 1461 3262 ejus.

369 3259 663 3333 Diligenter
688 3279 922 3336 agnosce
951 3267 1157 3322 vultum
1190 3259 1398 3335 pecoris
1430 3264 1525 3331 tni,

439 3345 666 3405 tuosque
693 3353 882 3406 greges
912 3338 1214 3393 considera.

363 3403 483 3460 Non
506 3403 650 3478 enim
677 3403 901 3465 habebis
927 3409 1127 3478 iugiter
1153 3415 1475 3478 potestatem
1508 3424 1520 3458 :

433 3477 528 3532 sed
566 3493 766 3534 corona
801 3477 1068 3536 tribuetur
1115 3477 1169 3534 in
1207 3480 1578 3549 generatione,
1629 3486 1686 3532 et
1727 3492 1955 3548 genera.

506 3549 729 3605 tionem.

364 3618 565 3688 Aperta
592 3632 732 3694 sunt
761 3633 936 3694 prata,
968 3631 1025 3679 et
1061 3629 1431 3692 apparuerunt
1477 3618 1662 3675 herbae
1691 3621 1956 3688 virentes,

438 3701 493 3745 et
521 3691 746 3750 collecra
764 3691 892 3750 sunt
918 3696 1037 3750 feua
1064 3691 1131 3751 de
1157 3697 1454 3750 tuentibus.

364 3760 500 3831 Λειιὶ
531 3763 598 3817 ad
627 3767 1005 3822 vestimentum
1038 3779 1186 3822 tuum
1218 3783 1232 3818 :

433 3835 671 3908 ct‘lraedi,
707 3837 770 3892 ad
794 3839 907 3908 agri
941 3839 1195 3907 pretium.

366 3905 608 3960 Sulliciat
641 3909 730 3961 tibi
766 3905 853 3964 lac
876 3905 1160 3977 caprarum
1185 3910 1237 3963 in
1267 3905 1417 3962 cibos
1450 3915 1592 3970 tuos,

433 3985 489 4031 et
515 3977 580 4030 ad
615 3982 920 4042 necessaria
944 3981 1136 4035 domus
1169 3991 1296 4042 tuae.

434 4059 487 4102 et
517 4049 584 4101 ad
615 4049 816 4105 victum
845 4051 1059 4107 ancillis
1085 4053 1210 4107 tuis.

365 4118 514 4200 [ϐᾳρ.
546 4117 810 4193 XXVIII].
841 4121 1000 4200 Fugit
1043 4123 1269 4200 impius,
1297 4123 1953 4200 _n_emine_persequeute:

425 4194 602 4274 justus
640 4204 822 4251 autem
851 4195 1003 4267 quasi
1044 4195 1130 4252 leo
1158 4195 1471 4263 eonsidens,
1503 4194 1710 4264 absque
1748 4201 1956 4249 terrore

503 4274 627 4317 el‘ll.

362 4333 590 4402 Propter
619 4346 840 4411 peccata
863 4347 1021 4396 terrae
1047 4339 1202 4396 multi
1230 4338 1501 4411 principes
1525 4335 1644 4408 ejus
1677 4353 1691 4391 :

433 4415 488 4458 et
517 4416 734 4482 propter
763 4409 992 4482 hominis
1018 4409 1362 4482 sapientiam,

385 4525 388 4527 λ
439 4484 494 4530 et
523 4478 726 4560 horum.
743 4481 1026 4538 scientiam
1052 4477 1173 4553 qua:
1199 4483 1474 4551 dicuntur,
1505 4481 1612 4537 vita
1641 4478 1795 4537 ducis
1831 4477 1954 4534 lon-

507 4561 626 4616 gior
650 4560 774 4602 erit.

365 4615 689 4693 Virpauper
713 4620 1050 4693 calumnians
1077 4637 1366 4693 pauperes,

437 4691 734 4764 similiseSt
756 4691 915 4748 imbri
944 4689 1272 4757 vehementi,
1307 4695 1361 4748 in
1383 4709 1492 4764 quo
1516 4701 1738 4764 paratur
1763 4689 1956 4747 fames.

362 4759 877 4834 Quiderelinquunt
906 4764 1104 4834 legem,
1147 4764 1372 4820 laudant
1398 4759 1624 4834 impium
1659 4781 1673 4816 :

435 4833 527 4906 qui
558 4833 892 4906 custodiunt,
921 4833 1326 4892 succenduntur
1355 4833 1544 4892 contra
1577 4850 1723 4891 eum.
1777 4880 1784 4887 .

369 4901 484 4958 Viri
513 4904 641 4979 mali
669 4923 772 4961 non
804 4901 1324 4979 cogitantjudicium
1352 4926 1366 4963 :

435 4976 527 5045 qui
575 4985 756 5059 autem
806 4975 1091 5051 requirunt
1138 4978 1428 5036 Dominum
1456 5020 1472 5047 ,
1521 4975 1963 5034 animadvertunt

508 5061 711 5104 omnia.
1399 5099 1402 5101 λ
1808 5078 1810 5080 '

365 5115 560 5173 Melior
579 5128 669 5193 est
687 5135 892 5192 pauper
920 5122 1204 5193 ambulans
1234 5121 1288 5177 in
1317 5122 1666 5193 simplicitate
1695 5134 1818 5189 sua,

440 5205 600 5263 quam
621 5191 772 5247 dives
795 5191 846 5249 in
879 5195 1056 5263 pravis
1084 5192 1391 5252 itineribus.

366 5259 468 5327 Qui
496 5263 734 5335 custodit
761 5259 958 5335 legem,
988 5266 1131 5320 ﬁlius
1153 5267 1372 5335 sapiens
1395 5273 1480 5322 est
1503 5282 1516 5319 :

433 5331 529 5402 qui
561 5341 740 5388 autem
775 5331 946 5406 pascit
975 5331 1402 5405 comessa‘tores,
1434 5335 1715 5393 confundit
1754 5344 1961 5408 patrem

509 5419 688 5460 SUUlll.

440 5553 465 5621 ξι
492 5546 712 5621 Aliquot
735 5561 864 5602 mss.
898 5549 1139 5614 codices,
1170 5548 1753 5621 numquautreplentur.
1782 5546 1956 5621 Min'r.

437 5614 464 5653 ι’
518 5617 725 5672 Nedum
774 5621 1037 5676 llebrteus
1085 5630 1259 5676 textus
1307 5614 1363 5676 et
1406 5614 1717 5685 Chaldaeus,
1764 5618 1858 5673 sed
1907 5628 1962 5673 et

367 5686 586 5761 (luscus
635 5691 751 5761 ipse
776 5733 791 5753 .
849 5701 907 5748 et
945 5693 1189 5749 Latinus
1223 5692 1628 5759 Complutensis
1675 5691 1957 5757 editionis,

369 5757 586 5816 denum
630 5757 685 5818 et
732 5763 1136 5836 llieronymiani
1181 5757 1396 5819 codices
1445 5763 1772 5836 versiculum
1806 5766 1966 5836 igno-

373 5839 518 5900 rant,
549 5851 707 5906 quem
737 5833 958 5908 Vulgata
1003 5839 1092 5894 hic
1121 5838 1398 5895 interserit
1429 5853 1442 5892 :
1476 5833 1576 5890 Cor
1603 5835 1765 5904 iniqui
1797 5834 1968 5905 inqui-

1621 296 1826 356 LlBER
1864 297 2427 360 PilOVERBiORUM.

1994 417 2044 479 Α
2073 414 2172 492 Qui
2195 423 2484 492 coacervat
2511 414 2728 472 divitias
2753 417 2932 492 usuris
2953 425 3008 476 et
3033 417 3246 486 fenore,

3531 305 3678 366 12Ἱο

2152 487 2361 560 liberali
2393 486 2446 542 in
2473 502 2738 557 pauperes
2758 486 3047 560 congregat
3070 505 3184 550 eas.

2075 560 2178 623 Qui
2207 557 2446 633 declinat
2475 574 2634 614 aures
2659 575 2807 626 suas,
2842 557 2910 617 ne
2941 557 3124 618 audiat
3151 563 3351 633 legem,

2140 630 2315 683 oratio
2348 630 2466 699 ejus
2491 633 2596 686 erit
2625 633 2995 688 exsecrabilis.

2074 698 2175 767 Qui
2204 698 2404 766 decipit
2429 703 2604 768 justos
2629 704 2678 756 in
2708 705 2794 756 via
2827 704 2992 766 mala.

2141 774 2192 826 in
2220 772 2435 826 interitu
2464 787 2564 827 suo
2587 785 2805 828 corruet
2833 792 2846 828 :

2143 850 2199 917 et
2227 843 2503 917 simplices
2527 844 2886 917 possidebunt
2916 846 3056 903 bona
3084 847 3224 917 ejus.

2069 911 2298 983 Sapiens
2321 914 2424 970 sibi
2452 911 2663 970 videtur
2695 917 2776 971 vir
2802 918 2990 972 dives:

2143 1001 2345 1054 pauper
2372 998 2551 1042 autem
2587 987 2822 1055 prudens
2852 990 3182 1045 Scrutabitur
3205 1004 3353 1046 eum.

2067 1055 2126 1110 lu
2150 1058 2799 1130 exsultatione'justorum
2824 1061 2988 1114 multa
3020 1062 3188 1130 gloria
3222 1077 3238 1119 ς

2141 1129 2488 1198 regnantibus
2518 1130 2700 1198 impiis
2727 1131 2899 1186 ruina:
2926 1129 3225 1186 hominum.

2069 1197 2168 1267 Qui
2195 1199 2476 1256 abscondit
2505 1197 2710 1257 scelera
2736 1218 2854 1268 sua,
2889 1220 2991 1256 non
3023 1203 3290 1272 dirigetur
3320 1219 3334 1256 :
3485 1249 3487 1251 .

2137 1273 2432 1344 quiautcm
2464 1276 2742 1328 confessus
2773 1273 2954 1341 fuerit,
2977 1284 3032 1330 et
3067 1274 3348 1344 reliquerit
3371 1287 3459 1340 ea,
3488 1272 3681 1342 mise-;

2213 1343 2499 1415 ricordiam
2530 1356 2918 1415 consequetur.
3117 1414 3120 1415 ν
3190 1343 3203 1344 ί
3391 1383 3394 1410 :

2067 1412 2263 1468 Beatus
2291 1414 2476 1482 homo,
2499 1415 2592 1486 qui
2623 1412 2837 1483 semper
2859 1426 2942 1472 est
2972 1414 3197 1486 pavidus
3222 1433 3238 1470 :

2139 1487 2225 1556 qui
2255 1501 2381 1540 vero
2412 1489 2607 1548 mentis
2628 1497 2714 1542 est
2743 1488 2918 1554 durae,
2952 1497 3175 1543 corruet
3203 1488 3256 1545 iu
3287 1486 3507 1542 malum.

2067 1555 2178 1612 Leo
2200 1557 2439 1626 rugiens,
2469 1568 2526 1614 et
2556 1573 2716 1613 ursus
2735 1561 3006 1628 esuriens,

2139 1629 2391 1698 princeps
2421 1632 2616 1700 impius
2643 1645 2808 1700 super
2832 1632 3088 1701 p0pulum
3119 1644 3434 1701 pauperem.

2066 1698 2185 1755 Dux
2211 1701 2472 1824 lindigens
2503 1698 2846 1772 prudentia;
2871 1698 3072 1758 multos
3109 1698 3384 1773 Opprimet
3425 1715 3519 1771 per
3560 1713 3652 1756 ca-

2233 1787 2466 1824 ummam
2500 1790 2512 1824 :

2233 1787 2466 1826 umutam
2500 1790 2512 1824 ἶ

2140 1843 2231 1912 qui
2259 1853 2441 1898 autem
2469 1843 2582 1897 odit
2609 1844 2914 1910 avaritiam,
2947 1844 3091 1912 longi
3118 1845 3247 1900 ﬁent
3276 1843 3393 1898 dies
3425 1842 3566 1911 ejus.

2065 1911 2373 1985 Hominem,
2405 1925 2426 1952 ο
2453 1916 2542 1982 qui
2571 1916 2928 1969 calumniatur
2948 1911 3140 1969 animm
3165 1915 3504 1985 sanguinem,

2137 1983 2186 2038 si
2217 1999 2385 2051 usque
2412 1985 2480 2038 ad
2509 1985 2681 2040 lacum
2713 1986 2927 2055 fugerit,
2963 2001 3124 2042 nemo
3155 1983 3408 2041 sustinet.

2063 2054 2164 2122 Qui
2195 2055 2437 2109 ambulat
2468 2054 2808 2126 sin'rplieiter,
2843 2057 3024 2112 salvus
3045 2057 3188 2111 erit:

2135 2125 2226 2196 qui
2259 2128 2530 2196 perversis
2555 2128 2800 2196 graditur
2829 2129 2951 2192 viis,
2976 2128 3225 2182 concidet
3249 2126 3440 2180 semel.

2062 2198 2164 2264 Qui
2191 2206 2444 2268 operatur
2477 2208 2678 2254 terram
2705 2213 2878 2263 suam,
2903 2198 3238 2255 saturabitur
3270 2198 3496 2267 panibus
3524 2213 3536 2248 :

2132 2270 2224 2338 qui
2255 2280 2431 2324 autem
2461 2279 2695 2325 sectatur
2721 2273 2915 2335 otium,
2947 2269 3245 2339 replebitur
3271 2277 3532 2338 egestate.

2065 2339 2158 2396 Vir
2189 2340 2365 2394 fidelis
2388 2342 2610 2394 multum
2642 2341 2949 2396 laudabitur
2978 2355 2995 2394 :

2132 2411 2223 2480 qui
2246 2418 2425 2465 autem
2447 2410 2667 2468 festinat
2692 2413 2872 2476 ditari,
2908 2427 3013 2467 non
3046 2411 3150 2468 erit
3180 2411 3477 2465 innocens.

2059 2480 2162 2549 Qui
2189 2483 2466 2551 cognoscit
2495 2483 2546 2537 in
2576 2482 2776 2551 judicio
2802 2481 3018 2551 faciem,
3054 2497 3161 2537 non
3195 2481 3335 2551 facit
3363 2481 3501 2536 bene
3530 2493 3546 2536 :

2134 2553 2233 2607 iste
2259 2563 2312 2607 et
2341 2567 2441 2622 pro
2466 2553 2703 2609 buccella
2737 2553 2888 2621 panis
2917 2554 3119 2609 deserit
3148 2555 3461 2608 veritatem.

2061 2623 2180 2687 Vir,
2210 2624 2299 2693 qui
2327 2623 2745 2691 festinatditari,
2779 2635 2834 2679 et
2863 2623 2985 2678 aliis
3015 2625 3258 2692 invidet,

2133 2697 2345 2762 ignorat
2372 2696 2514 2766 quod
2539 2706 2752 2766 egeStas
2782 2696 3128 2763 superveniet
3153 2695 3228 2751 ei.

2059 2764 2160 2834 Qui
2185 2762 2418 2837 corripit
2443 2762 2742 2836 hominem,
2768 2762 2995 2836 gratiam
3029 2777 3214 2837 postea
3247 2763 3489 2821 inveniet
3507 2762 3651 2835 apud

2199 2853 2347 2892 eum.
3311 2883 3315 2888 .

2129 2881 2481 2980 mJQE'éuam
2513 2909 2628 2977 ille,
2657 2910 2748 2980 qui
2781 2923 2875 2979 per
2914 2909 3115 2980 lingua:
3155 2883 3525 2965 blandimenta
3556 2904 3651 2964 de-

2201 2981 2352 3049 cipit.

2066 3050 2168 3120 Qui
2200 3051 2472 3107 subtrahit
2498 3051 2701 3122 aliquid
2723 3067 2752 3106 a
2785 3061 2941 3122 patre
2967 3065 3090 3120 suo,
3120 3058 3175 3107 et
3195 3064 3225 3105 a
3253 3058 3467 3107 matre:

2129 3133 2184 3179 et
2210 3123 2380 3191 dicit,
2404 3125 2508 3179 hoc
2533 3138 2640 3179 non
2667 3133 2752 3179 est
2783 3133 3080 3192 peccatum,

1980 3186 2029 3257 G
2135 3186 2406 3266 particeps
2427 3194 2715 3266 homicida:
2745 3186 2849 3250 est.

2057 3266 2158 3334 Qui
2187 3281 2249 3322 se
2273 3264 2464 3336 jactat,
2496 3274 2552 3321 et
2579 3265 2790 3332 dilatat,
2810 3264 2988 3335 jurgia
3023 3265 3262 3336 concitat
3293 3279 3307 3316 :

2129 3338 2218 3407 qui
2246 3334 2375 3392 vero
2399 3334 2580 3407 sperat
2611 3337 2666 3391 iu
2701 3334 2952 3404 Domino,
2979 3334 3280 3390 sanabitur.

2057 3409 2157 3476 Qui
2186 3409 2407 3464 conﬁdit
2439 3412 2491 3463 in
2522 3408 2686 3464 corde
2707 3423 2829 3472 suo,
2864 3407 3063 3462 stultus
3093 3414 3176 3461 est
3207 3419 3221 3457 :

2128 3482 2220 3550 qui
2245 3492 2426 3535 autem
2453 3481 2701 3550 graditur
2716 3482 3015 3550 sapienter,
3046 3479 3165 3549 ipse
3195 3474 3513 3530 salvabitur.

2057 3549 2158 3620 Qui
2189 3550 2281 3606 dat
2301 3549 2542 3621 pauperi,
2574 3566 2681 3606 non
2709 3549 2975 3620 indigebit
3009 3566 3020 3601 :

2129 3627 2216 3692 qui
2249 3615 2898 3692 dé~picitdeprecanteut,
2930 3619 3227 3692 sustinebit,
3259 3615 3564 3692 penuriam.

2057 3691 2192 3749 Cum
2224 3691 2561 3748 surrexerint
2584 3693 2760 3763 impii,
2788 3692 3188 3748 abscondentur
3216 3691 3467 3763 homines
3492 3703 3509 3745 ς

2129 3780 2249 3838 cum
2283 3761 2677 3838 illiﬁperierint,
2709 3763 3213 3838 multiplicabuntur
3233 3761 3391 3838 justi.
3567 3828 3577 3838 .

2058 3833 2602 3908 [Cap.XXIX.]7Viro
2629 3835 2762 3905 ,qui
2807 3835 3191 3904 corripientem
3239 3833 3376 3894 dura
3432 3833 3648 3886 cervice

2199 3907 2521 3974 COutemuit,

2133 3981 2454 4049 repentinus
2481 3979 2534 4034 ei
2561 3977 2912 4048 superveniet
2946 3976 3197 4033 interitus
3229 3990 3245 4027 :

2129 4059 2185 4106 et
2213 4065 2335 4105 cum
2363 4051 2571 4106 sanitas
2600 4064 2705 4104 non
2735 4057 3016 4118 sequetur.

2059 4122 2117 4178 In
2150 4121 2600 4192 multiplicatione
2624 4115 2895 4192 justorum
2926 4118 3196 4175 laetabitur
3225 4115 3415 4186 vulgus
3449 4132 3463 4169 :

2130 4209 2252 4249 cum
2284 4191 2438 4264 iinpii
2463 4192 2792 4263 sumpserint
2823 4191 3188 4262 principatum
3215 4229 3231 4256 ,
3260 4193 3446 4258 gemet.
3470 4198 3642 4256 popu-

2199 4267 2306 4320 lus.

2060 4337 2174 4404 Vir,
2199 4339 2288 4408 qui
2320 4344 2468 4392 amat
2489 4334 2833 4410 sapientiam,
2861 4332 3099 4410 laetificat
3125 4339 3335 4410 patrem
3377 4342 3534 4410 suum
3560 4343 3572 4379 :

2129 4403 2232 4479 qui
2252 4417 2433 4464 autem
2467 4403 2642 4462 nutrit
2669 4415 2874 4471 scorta,
2904 4404 3093 4475 perdet
3123 4403 3510 4458 substantiam.

2058 4479 2172 4534 Rex
2196 4481 2374 4550 justus
2399 4483 2571 4550 eriget
2603 4488 2802 4532 terram
2821 4515 2839 4541 ,

2133 4549 2215 4606 vir
2235 4565 2434 4605 avarus
2456 4549 2702 4604 destruet
2725 4561 2870 4603 eam.

1981 4583 2037 4644 Β
2063 4583 2434 4688 uoiiio",'“éti'i'
2455 4583 2970 4688 ‘ﬁEii‘sque
3016 4614 3363 4674 sermonibus
3411 4611 3654 4686 loquitur

2200 4693 2377 4760 amico
2403 4705 2528 4755 suo,

2133 4771 2250 4818 rete
2276 4763 2535 4833 expandit
2559 4760 2836 4833 gressibus
2865 4760 3005 4833 ejus.

2062 4830 2382 4891 Peccantem
2409 4830 2582 4889 viruni
2607 4831 2846 4904 iniquum
2871 4831 3110 4888 involvet
3126 4830 3366 4904 laqueus
3398 4849 3413 4887 :

2135 4916 2190 4962 et
2209 4908 2390 4977 justus
2415 4903 2678 4972 laudabit,
2711 4915 2873 4975 atque
2901 4903 3183 4974 gaudebit.

2063 4977 2427 5048 Novitjustus
2449 4991 2670 5032 causam
2701 4990 2998 5048 pauperum
3030 4992 3046 5030 :

2136 5047 2340 5119 impius
2357 5051 2570 5120 ignorat
2597 5047 2904 5120 scientiam.

2069 5118 2330 5179 Homines
2363 5118 2684 5191 pestilentes
2713 5118 2980 5191 diSSipant
3005 5118 3276 5173 civitatem
3305 5133 3318 5170 :

2137 5189 2410 5263 sapientes
2433 5207 2561 5248 vero
2585 5197 2835 5246 avertunt
2863 5189 3126 5263 furorem.

2071 5265 2167 5320 Vir
2195 5261 2435 5334 sapiens,
2470 5265 2515 5319 si
2536 5278 2660 5319 cum
2693 5263 2858 5318 stulto
2880 5261 3243 5334 contenderit,

2139 5329 2569 5402 sive'irase'atur,
2589 5334 2704 5389 sive
2730 5334 2924 5400 rideat,
2951 5349 3059 5389 non
3085 5333 3326 5389 inveniet
3349 5329 3616 5401 requiem.

2073 5409 2179 5464 Viri
2208 5408 2531 5478 sanguinum
2561 5405 2796 5462 oderunt
2821 5405 3123 5476 simplicem
3150 5423 3163 5460 :

2064 5549 2130 5602 rit
2159 5545 2300 5601 mala
2324 5562 2342 5600 :
2368 5563 2455 5600 cor
2477 5553 2650 5599 autem
2681 5554 2875 5598 rectum
2900 5545 3115 5614 inquirit
3136 5543 3423 5614 scientiam.

2141 5630 2165 5659 ι
2200 5620 2395 5692 Digna,
2429 5633 2590 5692 quam
2617 5617 2703 5692 hic
2725 5611 3248 5692 repetamus,gtrium
3279 5613 3418 5692 apud
3457 5611 3670 5692 Martia-

2071 5706 2245 5745 nrcum
2271 5683 2526 5744 'codicunt
2557 5689 2716 5743 lectio
2744 5683 2827 5743 est
2863 5705 2875 5741 :
2915 5686 2965 5741 II
2975 5689 3157 5755 omini,
3203 5686 3294 5757 qui
3320 5683 3670 5757 calumniatur

2073 5763 2306 5816 anirme:
2345 5760 2648 5830 sanguinem
2689 5762 2823 5832 ejus,
2869 5760 2914 5815 si
2945 5775 3104 5830 usque
3151 5755 3224 5812 ad
3255 5758 3426 5812 lacum
3463 5755 3671 5826 fugerit,

2074 5849 2220 5890 nemo
2248 5841 2512 5888 sustentet.
3044 5832 3048 5836 '
3336 5846 3338 5848 τ
3385 5871 3388 5874 .
