4124 6360
445 280 582 344 ωλι

516 396 650 471 justi
680 407 860 471 autem
890 399 1141 466 quierunt
1167 401 1406 471 animam
1429 387 1568 471 ejus.

445 460 643 527 Totum
675 460 923 538 spiritum
947 480 1108 519 suum
1130 460 1562 538 profertAstultus
1595 473 1609 510 :

522 534 739 611 sapiens
765 537 967 611 differt,
991 544 1045 590 et
1071 543 1317 611 reservat
1337 534 1393 588 in
1423 539 1728 611 posterum.

455 597 740 683 Princeps,
770 611 868 683 qui
892 597 1133 683 libentes
1149 604 1308 683 audit
1328 597 1492 683 verba
1517 597 1825 663 mendacii,

524 675 713 740 omnes
741 680 1018 735 ministros
1048 675 1270 730 habebit
1297 675 1520 744 impios.

453 757 666 826 Pauper
689 761 743 807 et
772 751 1014 826 creditor
1041 747 1398 826 0bVlavel‘_l_llll
1427 744 1528 826 sibi
1558 759 1572 796 :

523 817 1155 906 ut'riusqueilluminator
1182 826 1268 906 est
1297 817 1580 872 Dominus.

448 898 565 954 Rex
595 895 683 966 qui
705 891 913 966 judicat
934 893 994 966 in
1018 891 1248 946 veritate
1276 900 1570 966 pauperes,

522 957 752 1026 thronus
783 965 901 1036 ejus
931 964 985 1018 in
1016 957 1293 1036 afternunt'
1323 957 1647 1036 ﬁrtnabitur.

449 1041 613 1107 Virga
643 1028 1098 1107 atque'correptio
1123 1031 1316 1107 tribuit
1333 1028 1686 1107 sapientiam:

522 1094 661 1182 piter
689 1094 895 1170 autem,
921 1094 1012 1176 qui
1039 1103 1332 1159 dimittitur
1357 1094 1626 1157 voluntati
1647 1109 1784 1164 sum,
1807 1094 2042 1151 confun-

589 1182 684 1236 det
708 1188 941 1234 matrem
970 1191 1146 1232 suam.

449 1252 512 1310 ln
543 1249 1002 1323 multiplicatione
1040 1245 1330 1318 impiorum
1371 1239 1884 1313 multiplicabuntur
1926 1251 2048 1295 sce-

594 1323 708 1379 lera
739 1341 752 1376 :

523 1403 580 1451 et
597 1394 731 1461 justi
757 1392 944 1448 ruinas
969 1404 1162 1446 eorum
1189 1387 1472 1461 videbunt.

459 1457 631 1522 Erudi
662 1465 831 1520 filium
865 1471 1039 1529 tuum,
1063 1469 1118 1516 et
1139 1457 1483 1528 refrigerabit
1512 1464 1586 1524 te,

527 1546 583 1592 et
609 1537 758 1592 dabit
775 1534 1005 1590 delicias
1029 1533 1226 1587 animae
1257 1542 1385 1586 tute.

459 1609 596 1666 Cum
620 1605 904 1678 prophetia
929 1603 1218 1678 defecerit,
1243 1600 1598 1678 dissipabitur
1623 1597 1854 1670 populus
1879 1614 1896 1653 :

529 1673 778 1748 qui-vero
805 1676 1038 1732 custodit
1063 1675 1263 1745 legem,
1294 1673 1490 1748 beatus
1517 1678 1621 1728 est.

464 1741 667 1809 Servus
695 1748 872 1805 verbis
896 1762 1002 1802 non
1033 1741 1440 1818 potester‘udiri
1466 1761 1481 1798 :

529 1821 655 1893 quia
686 1819 831 1893 quod
859 1812 1052 1886 dicis,’
1082 1814 1374 1886 intelligit,
1421 1823 1476 1870 et
1528 1812 1865 1885 respondere
1911 1824 2051 1868 con-

603 1891 814 1947 temnit.

466 1962 663 2020 Vidisti
686 1962 963 2018 hominem
992 1960 1240 2016 velocem
1264 1956 1332 2013 ad
1371 1955 1737 2024 loquendum?

533 2035 762 2092 stultitia
789 2034 961 2105 magis
989 2029 1262 2103 speranda
1314 2035 1398 2084 est
1424 2069 1438 2094 ,
1467 2043 1631 2097 quam
1684 2026 1829 2083 illius
1864 2038 2052 2081 corre-

647 2107 742 2162 tio.

464 2175 569 2246 Qui
592 2121 822 2232 (imitate
843 2190 872 2230 a
904 2173 1137 2246 pueritia
1167 2171 1330 2227 nutrit
1353 2183 1572 2225 servum
1601 2183 1758 2225 suum
1790 2208 1806 2236 ,

533 2256 723 2318 postea
744 2247 896 2318 illum
917 2245 1119 2302 sentiet
1138 2251 1538 2318 contumacem.

463 2316 561 2375 Vir
589 2317 881 2374 iracundus
911 2324 1177 2384 provocat
1195 2316 1341 2384 rixas
1374 2327 1395 2384 ς

536 2398 594 2446 et
610 2391 702 2459 qui
729 2389 796 2445 ad
828 2380 1215 2459 indignandum
1244 2382 1420 2440 facilis
1439 2389 1525 2439 eSt
1547 2423 1564 2452 ,
1612 2381 1722 2438 erit
1769 2380 1837 2437 ad
1865 2394 2058 2451 pecca-

610 2458 720 2516 tum
753 2458 1064 2530 proclivior.

463 2528 771 2601 Superbum
799 2530 1048 2600 sequitur
1073 2528 1348 2601 humilitas
1378 2543 1392 2580 :

539 2596 594 2658 et
625 2596 892 2657 humilem
913 2601 1103 2671 spiritu
1123 2598 1382 2671 suscipiet
1410 2596 1600 2671 gloria.

473 2672 578 2742 Qui
607 2689 727 2729 cum
757 2673 878 2728 fure
907 2667 1215 2742 participat,
1245 2667 1358 2742 odit
1384 2667 1620 2742 animam
1651 2681 1802 2724 suam
1829 2681 1844 2720 :

540 2743 881 2813 adjurantem
910 2740 1080 2810 audit,
1109 2751 1290 2813 etnon
1332 2740 1557 2795 indicat.

464 2814 566 2882 Qui
597 2812 752 2871 timet
781 2815 1081 2878 hominem,
1106 2812 1217 2868 cito
1243 2819 1506 2882 corruet;

573 2885 629 2942 ui
655 2897 840 2958 sperat
868 2885 923 2939 in
952 2886 1208 2950 Domino,
1235 2880 1607 2958 sublevabitur
1641 2898 1658 2938 :

466 2954 618 3012 Multi
649 2954 930 3025 requirunt
955 2957 1148 3011 facient
1180 2954 1442 3025 principis
1478 2968 1492 3006 :

544 3037 601 3084 et
621 3044 653 3084 a
678 3022 911 3084 Domino
930 3022 1190 3096 judicium
1219 3024 1498 3095 egreditur
1519 3022 1880 3095 singulorum.

467 3099 866 3156 Abominantur
883 3095 1015 3167 justi
1043 3099 1220 3152 virum
1255 3095 1478 3167 impium
1507 3112 1520 3148 :

1549 264 1934 328 HIERONYMI
1971 261 2204 324 DIVINA
2243 257 2721 320 BIBLIOTHECA.

2065 382 2120 445 Α
2217 394 2286 436 ne
2306 379 2450 435 forte
2474 377 2766 434 maledicat
2795 373 2914 439 tibi,
2941 381 2996 430 et
3024 386 3251 430 corruas

2080 1777 2131 1839 B

3599 247 3754 309 me

2152 450 2467 513 Generatio,
2496 463 2622 520 qua:
2644 447 2779 520 patri
2807 463 2905 502 suo
2931 446 3229 520 maledicit,

2217 533 2272 578 et
2301 537 2422 591 qua:
2446 517 2555 577 no'n
2587 517 2862 577 benedicit
2891 517 3048 591 matri
3066 532 3212 591 suae.

2145 589 2461 657 Generatio,
2492 607 2611 663 qua!
2639 591 2741 646 sibi
2768 589 2966 644 munda
2991 589 3204 663 videtur
3225 629 3241 652 ,

2216 673 2274 721 et
2296 673 2474 721 tamen
2499 659 2605 719 non
2629 671 2713 718 est
2743 667 2852 715 lota
2885 676 2915 714 a
2938 660 3190 715 sordibus
3218 659 3353 714 suis.

2146 735 2466 799 Generatio,
2494 735 2653 806 cujus
2678 734 2880 806 excelsi
2907 740 3034 786 sunt
3057 731 3201 786 oculi
3226 773 3241 797 ,

2217 818 2274 864 et
2303 804 2576 878 palpebrte
2605 805 2726 875 ejus
2755 805 2810 878 in
2833 804 2940 878 alta
2971 812 3253 878 surrecta.

2147 872 2461 940 Generatio,
2491 893 2613 948 quae
2638 872 2742 945 pro
2767 873 3016 948 dentibus
3041 873 3250 944 gladios
3280 872 3474 936 habet.

2218 961 2274 1008 et
2293 945 2624 1005 commandit
2651 949 2702 1002 in
2727 945 3027 1002 molaribus
3056 948 3202 1013 suis,
3237 954 3298 1002 ut
3341 945 3594 1002 comedat
3649 946 3741 1002 in-

2281 1036 2418 1091 opes
2445 1021 2513 1076 de
2545 1029 2712 1094 terra,
2830 1089 2841 1094 _
2888 1089 2920 1094 __
3728 1088 3738 1094 _

2219 1102 2274 1149 et
2303 1089 2568 1163 pauperes
2597 1106 2664 1147 ex
2696 1089 3029 1145 hominibus.
3711 1089 3750 1133 ,3

2153 1164 2508 1234 Sanguisugae
2536 1163 2660 1218 duae
2689 1169 2837 1234 sunt.
2953 1230 2986 1234 μ
3676 1182 3692 1192 .-
3727 1167 3752 1227 κξ

2223 1230 2348 1291 filia:
2376 1230 2623 1290 dicentes
2655 1250 2670 1288 :
2713 1231 2884 1298 Afl‘er,
2909 1230 3066 1288 affer.

2148 1307 2276 1365 Tria
2301 1317 2427 1362 sunt
2456 1303 2854 1368 insaturabilia,

2222 1388 2277 1434 et
2303 1388 2583 1450 quartum,
2616 1375 2761 1448 quod
2789 1389 3109 1446 numquam,
3137 1371 3310 1430 dicit:

2292 1449 2524 1514 Sufficit,

2152 1521 2420 1586 lnfernus,
2439 1532 2494 1577 et
2520 1534 2584 1577 os
2606 1519 2804 1586 vulvae,
3552 1526 3572 1548 "
3644 1522 3661 1530 ”
3675 1519 3755 1590 ’⁸⁵3

2224 1603 2280 1649 et
2306 1603 2471 1658 terra,
2505 1607 2629 1664 qua:
2659 1605 2767 1646 non
2792 1593 3022 1648 satiatur
3041 1605 3228 1664 aquai:

2225 1665 2369 1736 ignis
2395 1661 2536 1720 vero
2549 1678 2840 1734 numquam
2869 1664 3004 1722 dicit
3031 1681 3045 1719 :
3083 1661 3309 1730 sufﬁcit.

2153 1735 2404 1802 Oculum,
2433 1737 2526 1806 qui
2553 1736 2852 1790 subSannat
2877 1749 3090 1804 patrem
3114 1778 3128 1801 ,

2227 1819 2284 1862 et
2311 1808 2400 1874 qui
2429 1807 2658 1876 despicit
2690 1815 2903 1877 partum
2936 1806 3126 1862 matris
3153 1821 3266 1862 sua:
3295 1821 3311 1860 :

2159 1878 2430 1934 Eﬁodiant
2460 1893 2584 1933 eum
2614 1879 2765 1932 corvi
2803 1878 2871 1933 de
2900 1877 3260 1948 torrentibus,

2231 1959 2288 2006 et
2313 1949 2754 2022 comedanteutu
2785 1949 2883 2005 filii
2914 1951 3135 2022 aquila).

2158 2021 2285 2078 Tria
2317 2031 2443 2076 sunt
2466 2020 2709 2076 difficilia
2743 2023 2898 2086 mihi,

2230 2104 2285 2148 et
2311 2101 2567 2164 quartum
2600 2093 2822 2162 penitus
2853 2094 3044 2164 ignoro
3078 2111 3090 2148 :

2161 2163 2316 2220 Viam
2347 2163 2544 2234 aquila:
2576 2163 2630 2218 in
2660 2165 2823 2230 caelo,

2231 2238 2377 2291 viam
2403 2235 2614 2306 colubri
2645 2248 2812 2306 super
2839 2244 3074 2306 petram,

2232 2307 2376 2362 viam
2403 2305 2558 2362 navis
2585 2303 2640 2359 in
2667 2303 2852 2361 medio
2875 2309 3036 2374 mari,

2231 2389 2287 2434 et
2314 2379 2457 2434 viam
2481 2378 2583 2432 viri
2613 2377 2668 2432 in
2698 2377 3088 2435 adolescentia.

2161 2449 2309 2506 Talis
2332 2457 2420 2506 est
2437 2456 2496 2504 et
2515 2449 2601 2504 via
2627 2448 2874 2505 mulieris
2899 2450 3185 2515 adulterte,

2231 2536 2354 2591 qua:
2383 2519 2644 2584 comedit,
2676 2531 2733 2575 et
2758 2529 2977 2589 tergens
3001 2538 3064 2577 os
3093 2538 3252 2578 suum

2234 2593 2366 2648 dicit
2399 2607 2416 2649 :
2448 2591 2564 2647 Non
2593 2605 2713 2646 sum
2745 2604 2968 2662 operata
2994 2594 3219 2650 malum.

2162 2661 2269 2718 Per
2291 2663 2392 2718 tria
2423 2672 2672 2719 movetur
2692 2661 2860 2731 terra,

2233 2743 2290 2789 et
2313 2744 2564 2806 quartum
2593 2749 2699 2790 non
2731 2744 2914 2805 potest
2943 2736 3220 2792 sustinere
3249 2754 3262 2790 :

2162 2803 2268 2860 Per
2291 2803 2514 2862 servum
2542 2821 2666 2861 cum
2697 2803 3005 2877 regnaverit
3037 2827 3048 2862 :

2239 2892 2337 2946 per
2369 2877 2598 2932 stultum
2621 2891 2744 2932 cum
2766 2887 3042 2934 saturatus
3065 2880 3229 2936 fuerit
3254 2881 3380 2937 cibo
3405 2896 3418 2934 :

2162 2946 2269 3004 Per
2291 2947 2538 3004 odiosam
2570 2947 2887 3016 mulierem,
2933 2965 3057 3006 cum
3108 2954 3164 3008 in
3205 2950 3560 3007 matrimonio
3607 2949 3775 3006 fuerit

2307 3029 2585 3090 assumpta
2623 3039 2634 3075 :

2235 3101 2292 3146 et
2321 3106 2418 3161 per
2445 3090 2702 3148 ancillam
2724 3107 2847 3148 cum
2867 3092 3042 3151 haeres
3065 3095 3231 3150 fuerit
3251 3094 3489 3150 domina:
3520 3107 3657 3150 suae.

537 3180 594 3226 et
619 3156 1004 3226 abominantur
1024 3168 1178 3239 impii
1208 3182 1303 3222 eos
1320 3156 1347 3233 ,’
1365 3165 1458 3237 qui
1489 3169 1541 3221 in
1568 3174 1715 3222 recta
1743 3177 1870 3223 sunt
1899 3166 2006 3223 via.
2033 3175 2059 3205 α
2088 3156 2135 3221 C
2163 3156 2410 3239 Quatuor
2437 3171 2565 3218 sunt
2593 3165 2812 3239 minima
2836 3175 3035 3239 terrae,

560 3282 797 3341 VERBA
835 3279 1368 3340 CONGREGANTIS
1406 3278 1561 3334 FlLIl
1599 3278 1966 3338 VOMENTIS.

473 3376 628 3451 [Cap.
668 3376 864 3502 {UIng
893 3376 1063 3440 Visio,
1091 3389 1253 3447 quam
1283 3374 1499 3431 locutus
1520 3384 1604 3430 est
1640 3374 1743 3444 vir,
1799 3389 1922 3432 cum
1961 3390 2071 3448 quo

610 3463 670 3502 es
775 3463 895 3502 eus.
1133 3482 1136 3488 ι

610 3460 696 3504 est
725 3460 895 3515 Deus,
1133 3482 1136 3488 ι

541 3528 596 3574 et
625 3520 716 3590 qui
748 3520 858 3576 Deo
892 3534 1077 3576 secum
1110 3526 1362 3573 morante
1392 3516 1765 3586 confortatus,
1793 3518 1901 3574 ait:

471 3589 843 3648 Stultissimus
872 3607 992 3647 sum
1027 3591 1290 3656 virorum,

540 3671 597 3717 et
625 3663 893 3730 sapientia
925 3662 1202 3717 hominum
1232 3675 1339 3716 non
1369 3667 1454 3716 est
1481 3673 1718 3716 mecum.

468 3731 589 3788 Non
620 3732 785 3803 didici
815 3733 1162 3803 sapientiam,

541 3813 594 3858 et
627 3802 654 3841 ι’
683 3803 808 3858 novi
835 3802 1146 3859 sanctorum
1173 3802 1480 3860 scientiam.

470 3873 606 3944 Quis
635 3873 886 3930 ascendit
912 3877 967 3930 in
998 3876 1216 3941 coelum,
1244 3884 1406 3944 atque
1427 3871 1752 3928 descendit?

541 3945 664 4014 quis
695 3947 1232 4016 continuitspiritum
1257 3946 1310 3999 in
1334 3946 1585 3999 manibus
1623 3945 1775 3999 suis?

469 4016 604 4085 Quis
625 4017 905 4088 colligavit
932 4033 1100 4088 aquas
1125 4018 1277 4088 quasi
1309 4017 1360 4069 iu
1376 4016 1755 4088 vestimento?

546 4088 667 4156 quis
703 4087 989 4145 suscitavit
1013 4087 1206 4146 omnes
1233 4087 1494 4143 terminos
1526 4087 1728 4141 terrae?

468 4157 624 4227 Quod
655 4172 852 4214 nomen
874 4161 1014 4229 ejus,

542 4237 600 4285 et
622 4230 766 4300 quod
784 4228 984 4286 nomen
1011 4232 1109 4288 filii
1142 4231 1280 4302 ejus,
1309 4229 1356 4286 si
1377 4228 1562 4286 nosti?

475 4298 668 4358 Omnis
692 4316 874 4358 sermo
899 4302 994 4358 Dei
1026 4298 1255 4372 ignitus.

541 4372 763 4443 clypeus
783 4383 868 4428 est
888 4373 1237 4442 sperantibus
1262 4374 1316 4428 in
1340 4387 1421 4428 se.

471 4439 550 4499 Ne
573 4439 740 4499 addas
761 4439 1057 4515 quidquam
1090 4444 1272 4515 verbis
1298 4444 1468 4510 illius,

541 4523 597 4569 et
626 4516 890 4585 argueris,
915 4514 1326 4586 'inveniarisque
1355 4516 1611 4573 mendax.

467 4584 588 4657 Duo
610 4584 794 4653 rogavi
821 4597 895 4651 te,
925 4603 995 4643 ne
1020 4584 1260 4657 deneges
1285 4586 1417 4642 mihi
1461 4595 1752 4654 antequam
1800 4585 2007 4642 moriar
2037 4599 2053 4642 :

540 4655 871 4725 Vanitatem,
896 4667 952 4712 et
970 4659 1133 4714 verba
1163 4655 1438 4714 mendacia
1471 4657 1634 4726 longe
1651 4659 1734 4710 fac
1756 4671 1786 4711 a
1812 4672 1922 4713 me.

465 4726 893 4795 Mendicitatem,
921 4739 974 4784 et
997 4729 1215 4784 divitias
1245 4745 1314 4784 ue
1343 4728 1562 4783 dederis
1599 4727 1733 4783 mihi
1759 4744 1773 4782 :

539 4799 716 4854 tribue
740 4807 950 4854 tantum
975 4800 1142 4854 victui
1167 4815 1288 4855 meo
1320 4799 1628 4854 necessaria
1657 4816 1672 4852 :

462 4868 545 4926 Ne
575 4870 716 4926 forte
741 4872 969 4928 satiatus
999 4872 1196 4928 illiciar
1218 4871 1284 4926 ad
1311 4870 1614 4941 negandum
1637 4915 1653 4941 ,

534 4952 592 4998 et
611 4941 786 4997 dicam
817 4959 832 4999 :
860 4942 992 5010 Quis
1018 4954 1102 4999 est
1131 4943 1424 4998 Dominus?

532 5021 589 5138 Et
610 5024 854 5096 egestate
879 5015 1194 5088 compulsus
1217 5014 1391 5081 furer,
1435 5022 1494 5069 et
1527 5012 1802 5084 perjurem
1853 5025 2053 5068 nomen

581 5100 630 5138 et
661 5099 790 5138 met.

581 5100 630 5140 el
661 5099 790 5140 met.

457 5155 541 5212 Ne
569 5169 790 5212 accuses
815 5171 1034 5214 servum
1064 5155 1133 5212 ad
1164 5155 1452 5212 Dominum
1481 5170 1664 5222 suum,

531 5293 867 5365 alSubjungit
892 5292 1051 5360 Vulg.
1091 5292 1263 5365 editio
1288 5289 1620 5365 versiculum
1654 5288 2045 5365 :_Verbum_cu-

456 5362 876 5434 uadum—ﬁlius,
899 5373 1046 5419 extra
1076 5363 1420 5434 perditionem
1449 5362 1576 5434 erit,
1603 5362 1943 5434 quitametsi
1986 5377 2052 5416 ex

458 5438 605 5495 LXX
621 5431 901 5492 dumtaxat
923 5431 1279 5490 translatiOue
1297 5437 1348 5488 in
1368 5432 1592 5487 Latinos
1617 5431 1836 5487 codices
1855 5433 2060 5502 impor-

457 5519 604 5564 tatus
629 5517 713 5563 est
742 5524 755 5560 :
787 5507 821 5560 ii
853 5515 1032 5559 tamen
1065 5521 1174 5560 non
1219 5504 1307 5560 hic
1337 5505 1439 5559 loci
1475 5503 1710 5569 habent,
1749 5503 1847 5559 sed
1889 5518 2056 5572 supe-

453 5581 588 5637 riori
620 5577 802 5648 capite
829 5591 976 5642 xxiv,
1004 5586 1124 5648 post
1147 5575 1471 5648 versiculum
1505 5575 1829 5648 vigesimum
1855 5589 2057 5629 secun-

455 5651 608 5707 dum.
635 5644 1050 5718 SIAugustinus
1094 5646 1233 5701 libro
1279 5647 1347 5701 de
1392 5644 2053 5718 MendacioadConseut.

457 5737 512 5777 c.
565 5721 665 5782 18.
714 5716 838 5788 plus
883 5719 1059 5774 adhuc
1108 5717 1326 5788 videtur
1372 5717 1615 5786 legisse:
1657 5716 1884 5771 Verbum
1919 5719 2058 5772 exci-

455 5793 600 5860 pient
629 5786 768 5858 sua.
792 5806 809 5844 δ
837 5807 869 5845 a
911 5789 1199 5860 perditione
1232 5786 1380 5857 longe
1427 5788 1587 5843 aberit
1617 5803 1632 5840 :
1663 5788 1919 5857 excipiens
1955 5805 2053 5843 au~

2245 3241 2303 3288 et
2323 3235 2438 3310 ipsa
2463 3242 2591 3290 sunt
2618 3237 2948 3310 sapientiora
2975 3235 3334 3310 sapientibus.

2174 3302 2443 3361 Formica:
2472 3302 2704 3375 populus
2733 3308 3008 3376 infirmus,

2243 3391 2366 3447 qua:
2393 3386 2696 3446 prteparant
2725 3379 2778 3433 in
2810 3392 2990 3436 messe
3019 3379 3202 3436 cibum
3233 3379 3340 3436 sibi
3371 3397 3386 3434 :

2170 3445 2521 3517 Lepusculus’
2535 3450 2688 3517 plebs
2715 3449 2976 3511 invalida.

2241 3520 2336 3589 qui
2362 3518 2595 3575 collocat
2620 3521 2674 3576 in
2707 3530 2854 3590 petra
2881 3521 3063 3578 cubile
3089 3537 3248 3578 suum
3274 3538 3289 3578 :

2171 3588 2372 3659 Regem
2404 3589 2611 3646 locusta
2637 3588 2745 3647 non
2774 3592 2957 3659 habet,

2240 3669 2301 3735 et
2313 3661 2600 3735 egreditur
2624 3664 2874 3718 universa
2907 3679 3003 3735 per
3033 3673 3242 3722 turmas
3267 3679 3395 3722 suas
3417 3682 3438 3720 .-

2168 3731 2368 3788 Stcllio'
2391 3732 2642 3790 manibus
2672 3735 2885 3801 nititur,

2237 3814 2296 3877 et
2326 3814 2574 3860 moratur
2601 3805 2653 3861 in
2676 3806 2884 3862 aedibus
2910 3811 3077 3877 regis.

2167 3874 2293 3930 Tria
2316 3883 2463 3938 sunt,
2486 3890 2609 3945 qua:
2635 3878 2774 3934 bene
2797 3874 3148 3949 gradiuntur,

2239 3955 2294 4002 et
2315 3955 2599 4019 quartum,
2629 3950 2774 4019 quod
2809 3949 3009 4005 incedit
3030 3950 3304 4008 feliciter:

2167 4016 2275 4073 Leo
2307 4016 2991 4088 fortissimusbestiarum,

2237 4089 2303 4143 ad
2336 4089 2538 4144 nullius
2569 4093 2788 4160 pavebit
2818 4106 3104 4148 occursum
3137 4111 3151 4148 :

2165 4159 2358 4217 Gallus
2379 4159 2692 4218 succinctus
2718 4162 2932 4218 lumbos
2957 4179 2973 4216 :

2235 4241 2292 4288 et
2317 4231 2502 4304 aries:
2524 4248 2626 4288 nec
2645 4243 2732 4289 est
2752 4249 2874 4300 rex,
2898 4234 2988 4304 qui
3021 4234 3239 4293 resistat
3255 4236 3328 4294 ei.

2172 4299 2241 4359 Et
2260 4303 2582 4431 qlLiliil'lélltls
2606 4299 2868 4377 apparuit
2882 4299 3170 4378 postquam
3196 4308 3443 4365 elevatus
3469 4314 3556 4363 est
3588 4307 3641 4362 in
3664 4318 3763 4362 su-

2367 4389 2474 4430 tme
2499 4393 2512 4429 ε

2236 4447 2284 4501 si
2313 4449 2460 4501 enim
2506 4447 2899 4519 intellexisset,
2951 4451 3034 4508 ori
3079 4464 3181 4507 suo
3231 4449 3583 4522 imposuisset
3645 4463 3762 4504 ma-

2311 4534 2464 4572 num.

2164 4588 2266 4658 Qui
2294 4599 2474 4664 autem
2514 4591 2730 4664 fortiter
2749 4592 2948 4664 premit
2974 4593 3146 4650 ubera
3172 4593 3240 4648 ad
3280 4591 3613 4650 eliciendum
3643 4590 3762 4658 lac,

2307 4662 2563 4736 exprimit
2596 4662 2896 4736 butyrum:
3022 4735 3025 4736 ν
3103 4685 3105 4688 ‘

2233 4742 2288 4787 et
2315 4731 2406 4808 qui
2434 4731 2786 4808 vehementer
2812 4735 3078 4808 emungit,
3108 4735 3259 4808 elicit
3287 4737 3616 4808 sanguinem
3652 4750 3670 4792 :

2232 4812 2287 4858 et
2315 4804 2408 4874 qui
2439 4815 2700 4875 provocat
2727 4807 2857 4874 iras,
2888 4804 3146 4878 producit
3168 4804 3503 4864 discordias.

2513 4917 2746 4975 VERBA
2784 4918 3137 4976 LAMUELIS
3177 4919 3406 4978 REGIS.

2163 5007 2316 5084 [ϐαρ.
2350 5009 2574 5084 XXXIJ
2599 5011 2750 5068 Visio
2773 5057 2787 5081 ,
2811 5027 2916 5083 qua
2941 5013 3185 5068 erudivit
3213 5029 3338 5070 cum
3365 5023 3538 5071 mater
3567 5028 3689 5071 sua.

2161 5082 2324 5150 Quid,
2352 5082 2689 5149 dilecte'mi;
2721 5082 2872 5154 quid,
2897 5084 3098 5141 dilecte
3123 5085 3266 5140 uteri
3297 5086 3438 5154 mei;

2233 5154 2386 5225 quid,
2417 5154 2614 5210 dilecte
2635 5166 2890 5211 votorum
2920 5157 3210 5212 meorum?

2153 5299 2256 5413 tet:
2280 5289 2499 5413 excipiet
2525 5289 2658 5344 illud
2677 5289 2800 5357 sibi,
2829 5299 2876 5346 et
2905 5290 3038 5348 nihil
3066 5291 3193 5361 falsi
3231 5293 3295 5348 de
3333 5307 3425 5348 ore
3453 5290 3602 5347 illius
3630 5308 3762 5362 pro-

2165 5377 2220 5413 ce
2259 5379 2284 5413 ε
2315 5401 2328 5413 .

2165 5370 2304 5416 cedet
2315 5401 2328 5415 .

2235 5431 2263 5471 δ
2285 5432 2362 5487 Ita
2402 5431 2728 5502 exemplaria
2749 5432 2988 5489 Canouis
3019 5433 3299 5492 llebraicae
3334 5435 3610 5499 veritatis,
3658 5449 3766 5491 nec

2165 5503 2538 5576 nouuniversi
2571 5519 2704 5558 mss.
2736 5507 2974 5562 codices.
3022 5505 3167 5561 Editi
3205 5507 3414 5562 addunt
3450 5508 3759 5576 negativatn

2202 5575 2506 5640 articulatn,
2537 5585 2583 5629 et
2608 5592 2718 5647 non
2747 5580 2862 5631 novi
2887 5619 2901 5642 ,
2931 5588 3036 5632 etc.
3055 5617 3071 5642 ,
3095 5593 3216 5647 qua:
3245 5576 3463 5647 quidem
3493 5575 3765 5633 subintel-

2187 5646 2380 5718 igeuda
2403 5648 2551 5702 venit
2603 5646 2656 5701 in
2705 5649 2974 5704 similibus
3029 5646 3394 5717 liebraismis,
3429 5658 3488 5704 ut
3508 5649 3619 5718 jam
3641 5664 3763 5702 nto—

2165 5717 2381 5792 animus
2429 5717 2488 5774 in
2535 5721 2976 5778 annotationibus
3024 5721 3228 5779 nostris
3265 5719 3333 5776 ad
3379 5717 3648 5792 psalmum
3678 5734 3759 5776 ιι.

2165 5788 2344 5844 illam.
3379 5788 3395 5792 ⁷
3592 5833 3609 5861 δ
