2062 3180
158 152 228 182 12⁸13

157 210 196 239 Ne
211 210 319 239 dederis
331 210 492 239 mulieribus
507 211 687 239 substantiam
701 215 785 243 tuam,

193 251 223 274 et
236 252 249 266 ἰ
260 248 318 274 vias
330 253 389 274 tuas
400 247 433 274 ad
444 248 575 275 delcudos
590 255 681 282 reges.

158 281 217 310 Noli
233 283 353 318 regibus,
369 290 385 310 ο
400 283 523 317 Lamucl,
539 284 592 311 noli
611 281 719 319 regibus
735 283 800 310 dare
814 283 905 311 viuum
921 293 928 311 :

193 319 256 351 quia
272 319 375 346 nullum
390 324 527 346 secretum
541 325 584 346 est
599 319 643 347 ubi
660 323 755 352 regnat
768 319 900 347 ebrielas.

157 353 197 382 Ne
213 353 284 381 forte
300 354 403 387 bibant,
419 360 446 382 et
461 354 848 389 obliviscanturjudiciorum,

194 394 222 417 ct
234 394 341 418 mutent
355 398 465 418 causam
479 390 597 418 ﬁliorum
610 391 749 426 pauperis.

158 424 225 453 Date
239 426 353 454 siceram
364 426 552 461 maerentibus,

194 465 222 489 et
234 462 325 489 vinum
342 461 385 489 his
399 464 444 496 qui
459 470 552 489 amaro
564 466 627 490 sunt
641 462 742 489 animo.

159 497 268 531 Bibant,
285 502 313 525 et
323 497 519 525 obliviscantur
534 499 661 532 egestatis
676 506 745 529 sum,

194 536 223 560 et
235 533 337 561 doloris
351 534 392 561 sui
408 541 460 561 non
481 534 660 562 recordentur
675 534 804 569 amplius.

159 569 242 604 Aperi
255 576 287 596 os
303 574 377 597 tuum
390 575 475 600 muto.

193 609 221 631 et
234 605 323 632 causis
337 606 456 632 omnium
474 605 589 633 liliorum
610 604 655 639 qui
671 609 862 640 pertranseunt
876 613 883 631 ε

160 640 245 675 Aperi
258 647 290 667 os
300 644 387 674 tuum,
403 641 522 669 decerne
536 640 607 672 quod
624 641 726 674 justum
739 645 792 674 est,

193 679 223 703 et
234 675 325 711 judiea
342 676 449 710 inopem
463 682 489 704 et
508 684 665 711 pauperem.

159 710 285 747 [Μίνω]
306 712 447 740 Mulierem
476 710 571 739 fortem
600 712 661 746 quis
685 711 827 739 inveniet?
851 710 956 746 procul,

229 751 257 783 et
270 746 304 774 de
318 748 422 775 ultimis
437 748 536 775 llnibus
549 747 664 783 pretium
677 747 746 782 ejus.

159 781 398 846 [Belh‘ijﬂti‘ﬁpﬁdit
409 783 435 811 iu
451 791 484 811 ea
498 781 610 811 cor'viri
626 783 679 818 sui,
694 781 724 810 et
739 783 836 819 spoliis
851 790 904 810 non
918 782 958 810 in-

250 824 341 853 Igebn.

159 853 278 890 [GimeL]
296 854 402 883 Reddet
415 855 441 882 ci
456 854 567 888 bonum,
585 859 613 882 ct
628 861 683 882 non
706 854 818 888 malum,
831 854 958 882 omnibus

229 890 327 917 diebus
337 891 400 918 vita:
413 898 480 918 sum.

158 924 288 961 [DaletlL]
315 926 445 960 Quaesivit
467 927 556 954 lanam
579 930 607 953 et
622 926 716 960 linum,
734 930 762 954 et
777 929 890 961 operata
913 930 956 953 est

229 961 343 989 consilio
357 970 484 989 manuum
499 969 620 989 suarum.

158 995 234 1032 [He.]
251 996 332 1025 Facta
346 1003 385 1026 est
399 998 476 1033 quasi
493 997 570 1025 navis
587 997 733 1031 institoris,
747 998 780 1025 dc
795 997 875 1033 longe
889 1004 955 1033 por-

230 1037 289 1059 lans
302 1040 398 1067 panem
410 1041 500 1061 suum.

158 1066 252 1104 [Vala]
268 1066 309 1096 Et,
317 1069 351 1096 de
365 1074 444 1097 nocte
459 1069 590 1103 surrexit,
606 1068 735 1102 deditque
761 1069 878 1102 praedam
902 1068 953 1097 do-

229 1104 351 1131 mesticis
366 1105 434 1137 suis,
447 1109 475 1132 et
485 1106 586 1132 cibaria
606 1105 711 1132 ancillis
725 1106 791 1132 suis.

158 1138 259 1175 [Zaim]
288 1139 479 1168 Cousideravit
493 1148 601 1175 agrum,
615 1145 641 1167 et
659 1140 726 1167 emit
741 1148 801 1167 cum
819 1148 826 1168 ξ
848 1140 882 1168 de
897 1140 954 1168 fru-

229 1179 274 1202 ctu
289 1183 419 1203 manuum
433 1184 543 1202 suarum
556 1176 689 1210 plantavit
704 1176 825 1203 vineam.
840 1178 847 1204 ξ

158 1209 264 1247 [lict/0.]
289 1211 414 1239 Accinxit
429 1209 587 1240 fortitudine
607 1211 714 1240 lumbus
734 1220 810 1246 suos,
831 1216 858 1239 et
873 1212 954 1240 robo-

228 1247 300 1274 ravit
313 1247 455 1276 brachium
465 1254 556 1275 suum.

763 155 770 163 ‘
796 153 897 182 LIBER
916 152 1183 184 ECCLESIASTES.

1738 155 1808 185 1271

968 211 1107 249 Δ[ΤειΙι.]
1131 212 1259 241 Gustavit
1273 216 1301 241 et
1323 212 1392 241 vidit
1417 212 1481 249 quia
1506 212 1577 240 bona
1593 215 1636 240 est
1659 213 1809 246 negotiatio

1078 248 1137 284 ejus
1152 257 1159 276 :
1177 256 1232 276 non
1245 249 1440 284 exstinguetur
1451 250 1477 276 in
1491 253 1570 276 nocte
1592 249 1701 276 lucerna
1727 248 1809 276 illius.

1007 282 1100 320 [Jod.]‘
1119 284 1225 311 Manum
1242 292 1319 312 suam
1340 282 1414 312 misit
1428 284 1461 312 ad
1485 284 1576 318 fortia,
1601 289 1628 312 et
1647 283 1725 319 digiti
1749 284 1808 319 ejus

1078 320 1318 353 apprehenderunt
1330 321 1431 348 lusum.

1012 354 1139 391 [Clzaph.]
1175 356 1283 383 Manum
1309 363 1384 383 suam
1414 355 1521 390 aperuit
1542 355 1628 391 inopi,
1655 359 1683 383 et
1708 355 1814 390 palmas

1082 399 1145 427 suas
1157 391 1279 419 extendit
1296 392 1329 419 ad
1343 399 1499 427 pauperem.

1008 426 1141 463 [Lamed.j
1165 426 1223 454 Non
1238 426 1350 454 timebit
1359 426 1452 455 domui
1463 435 1519 454 sua:
1533 434 1547 454 a
1560 426 1706 462 frigoribus
1721 426 1810 463 nivis:

1078 470 1173 526 dignes
1196 463 1269 490 enim
1284 462 1426 491 domestici
1441 462 1500 498 ejus
1515 462 1606 490 vestiti
1638 466 1702 490 sunt
1724 462 1813 498 dupli-

1079 506 1101 526 CI
1124 505 1164 526 us.

1079 505 1164 526 CIDllS.

1008 534 1111 571 [Manu]
1126 534 1306 570 Stragulatam
1322 538 1424 571 vestem
1439 533 1577 562 {ecitsibiz
1595 534 1692 569 hyssus
1701 537 1729 561 ct
1739 541 1802 569 pur-

1081 577 1146 605 pura
1161 570 1349 598 iudumentum
1367 570 1436 604 ejus.

1009 604 1106 643 [Num]
1135 605 1240 633 Nobilis
1259 606 1285 643 in
1309 607 1394 641 portis
1416 605 1457 633 vir
1476 605 1547 640 ejus,
1568 604 1677 640 quando
1703 604 1806 633 sederit

1080 641 1329 678 cumusenatoribus
1343 646 1432 678 teme.

1009 676 1325 715 [Samechj._]ﬂSindonem
1342 677 1417 711 fecit,
1433 681 1461 705 et
1475 675 1608 710 vendidit,
1628 681 1657 703 et
1667 675 1809 712 cingulum

1015 713 1018 715 ’
1081 713 1192 741 tradidit
1210 712 1375 741 Chanameo.

1009 749 1097 812 [Aim‘
1113 748 1256 777 Fortitudo
1271 754 1299 777 et
1318 748 1403 777 decor
1417 747 1606 776 indumentum
1627 746 1703 782 ejus,
1724 751 1752 775 ct
1774 746 1812 774 ri—

1080 785 1154 812 (ebit
1171 785 1198 812 iu
1213 785 1258 812 die
1271 785 1429 812 novissimo.

1080 785 1154 812 debit
1171 785 1198 812 iu
1213 785 1258 813 die
1271 785 1429 812 novissimo.

1010 820 1101 858 [PM]
1129 820 1166 848 0s
1181 829 1265 858 suum
1286 821 1393 858 aperuit
1408 819 1560 855 sapientiae,
1576 824 1602 847 et
1625 819 1670 846 lex
1690 817 1812 846 clemen-

1082 856 1126 884 tia:
1141 857 1168 883 in
1181 857 1269 891 lingua
1284 856 1355 891 ejus.

971 905 994 935 Β
1010 891 1116 935 [Sadmj
1140 891 1303 935 Considerat
1321 891 1432 935 semitas
1446 890 1543 918 domus
1561 898 1630 924 suae,
1653 894 1682 918 et
1704 897 1803 925 panem

1079 928 1165 955 otiosa
1177 935 1231 954 non
1245 927 1374 955 comedit.

1007 961 1116 999 [σορῷ]
1137 963 1324 999 Surrexerunt
1343 962 1391 999 lilii
1407 961 1478 999 ejus,
1500 966 1529 999 et
1544 961 1730 999 beatissimam
1745 967 1816 996 prac-

1078 997 1238 1026 dicavertiiit
1255 1006 1262 1025 :
1279 998 1320 1026 vir
1334 997 1407 1033 ejus,
1419 1002 1446 1024 et
1463 997 1584 1033 laudavit
1594 1004 1668 1033 eam.

1008 1033 1095 1071 [Rem]
1124 1033 1214 1062 Multa:
1230 1033 1293 1061 ﬁlia:
1315 1032 1549 1071 congregaverant
1570 1032 1703 1062 divitias:
1718 1035 1747 1059 tu
1763 1039 1808 1058 su-

1079 1069 1221 1104 pergressa
1237 1077 1267 1097 es
1280 1069 1435 1097 universas.

1007 1101 1091 1141 [Sim]
1106 1101 1201 1141 rana;
1214 1104 1311 1139 gratia,
1324 1108 1438 1141 etvana
1449 1108 1492 1141 est
1500 1103 1693 1141 pulchritudo:
1708 1101 1807 1130 mulier

1077 1139 1175 1168 timens
1190 1140 1345 1173 Dominum,
1360 1139 1417 1174 ipsa
1433 1139 1596 1167 laudabilur.

1008 1174 1114 1212 [Titum]
1137 1175 1205 1203 Date
1218 1176 1243 1203 ei
1258 1177 1294 1203 de
1309 1173 1395 1212 [ructu
1411 1182 1538 1212 manuum
1554 1182 1664 1203 suarum
1679 1182 1684 1200 :
1706 1177 1735 1201 et
1753 1173 1814 1201 lau—

1078 1210 1144 1240 dent
1156 1218 1217 1239 eam
1231 1211 1257 1240 in
1270 1211 1355 1247 portis
1368 1218 1450 1246 opera
1467 1210 1538 1246 ejus.

758 1293 872 1331 Explicil
895 1295 958 1322 liber
977 1294 1190 1323 Proverbiomm.

193 1369 207 1384 ι
221 1364 310 1400 Locus
324 1372 378 1392 non
394 1372 449 1392 uno
464 1364 545 1392 modo
564 1364 726 1400 depravatus
756 1363 956 1400 errorerrlibra-

158 1400 270 1429 riorum.
285 1399 405 1428 Canonis
429 1401 610 1436 exemplaria,
628 1399 803 1434 uouuullique
823 1399 869 1436 alii
885 1407 954 1436 mss.

157 1436 266 1464 codices
291 1435 361 1464 hanc
383 1433 640 1464 retinent'vitiosam
659 1433 803 1463 lectionem
820 1444 826 1461 :
844 1433 877 1461 Et
890 1435 956 1461 diri-

160 1472 209 1508 Iins
228 1476 286 1499 tua:
313 1472 348 1499 ad
372 1471 495 1508 delendas
518 1480 600 1508 reges.
618 1471 645 1499 In
661 1471 752 1498 multis
768 1470 884 1508 legimus
897 1491 904 1502 ,
922 1470 955 1497 Et

159 1507 265 1535 delicias
280 1511 350 1540 tuas,
365 1512 419 1535 etc.
433 1506 606 1535 Corbeieiisis
620 1511 709 1534 autem
726 1514 799 1533 num.
815 1506 828 1533 1
845 1507 955 1540 optima:

160 1547 230 1570 notae
241 1550 272 1570 ac
287 1543 474 1578 perantiquus,
489 1543 556 1570 fonti
571 1543 705 1570 llcbraico
719 1542 824 1570 directe
838 1548 954 1578 responf

160 1578 219 1612 det;
232 1576 314 1607 habet
325 1576 500 1615 enim'prima
511 1586 603 1612 manu,
617 1578 651 1605 Et
664 1577 717 1605 vias
732 1583 801 1611 tuas,
816 1581 868 1605 etc.
882 1576 955 1613 quod

1010 1363 1046 1390 ita
1056 1363 1189 1397 scriptum
1205 1361 1341 1397 reperitur
1355 1361 1380 1388 in
1402 1359 1525 1397 Ilebrzeis
1535 1358 1721 1397 voluminibus
1736 1379 1743 1391 ,
1768 1357 1817 1387 ubi

1009 1394 1121 1426 verbum
1137 1402 1227 1440 37311
1238 1394 1402 1431 'rlarcheclta,
1424 1396 1481 1423 sive
1493 1394 1654 1423 deme/recita
1666 1417 1673 1429 ,
1690 1394 1745 1421 vias
1760 1400 1816 1422 luas

1010 1445 1153 1480 signiﬁcat.
1176 1444 1361 1473 Mum—lla
1378 1448 1406 1472 et
1419 1442 1619 1480 Complutensis
1643 1440 1816 1480 Latinaedi-

1012 1476 1060 1515 ιίὄ,
1088 1487 1116 1509 et
1142 1482 1263 1509 melioris
1283 1486 1354 1509 nota:
1380 1476 1815 1515 codices;llieronymianiujusta

1010 1511 1152 1546 Hebrteum
1164 1521 1262 1559 ταθῇ-Π,
1278 1517 1332 1543 vias
1356 1521 1413 1543 luas
1435 1513 1584 1551 praeferunt
1600 1511 1672 1541 :‘ubi
1689 1512 1737 1540 alii
1752 1511 1817 1539 divi-

1010 1565 1076 1598 n‘ar,
1099 1563 1146 1591 alii
1164 1562 1271 1590 delicias
1286 1561 1399 1589 habent.

166 1645 1815 1677 βψ

882 1718 1101 1761 INCIPIT

445 1808 747 1881 LIBER
795 1803 1523 1881 ECCLESIASTES

848 1922 1007 1954 Hebraice
1020 1921 1125 1954 dictus

756 2003 1204 2071 COELETH.

162 2164 278 2194 verum
296 2169 310 2185 -
333 2162 597 2200 ECCLsstAsr/s,
611 2161 702 2200 ritu
728 2160 834 2189 mvm
859 2160 955 2190 REGlS

1013 2160 1124 2189 Cunctae
1139 2168 1184 2190 res
1197 2161 1342 2200 difﬁciles:

454 2198 667 2227 JERUSALEM.

163 2269 240 2305 [Cap.
253 2266 291 2305 1.]
312 2267 423 2305 Vanitas
434 2265 678 2305 vanitatum,_dixit
690 2265 872 2305 Ecclesiastes
884 2274 891 2292 :

199 2301 304 2331 vanitas
318 2303 479 2334 vanitatum,
493 2306 520 2329 et
533 2302 624 2329 omnia
635 2301 751 2328 vanitas.

162 2340 232 2375 Quid
247 2339 329 2367 habet
345 2338 462 2375 amplius
477 2337 571 2370 homo,

233 2375 267 2403 de
280 2370 410 2403 universo
424 2373 517 2401 labore
532 2379 593 2406 suo,
610 2379 665 2406 quo
679 2370 785 2399 laborat
799 2370 852 2398 sub
866 2370 945 2400 sole?

163 2411 308 2440 Generatio
319 2410 451 2446 praeterit,
466 2413 494 2436 et
506 2408 647 2443 generatio
661 2407 782 2441 advenit,

199 2453 271 2475 terra
283 2454 350 2474 vero
364 2446 390 2473 in
404 2449 535 2472 aeternum
549 2448 612 2471 stat.

162 2483 255 2511 Oritur
269 2483 326 2520 sol,
341 2486 369 2509 et
381 2480 493 2511 occidit.
581 2514 586 2520 _

200 2524 230 2547 et
243 2518 277 2546 ad
292 2518 383 2546 locum
394 2523 473 2544 suum
485 2518 634 2543 revertitur
646 2522 652 2541 Σ

165 2554 257 2590 Ibique
269 2559 426 2590 renascens,
439 2555 517 2590 gy_r_at
530 2559 578 2585 per
592 2549 749 2582 meridiem.

200 2587 227 2617 et
240 2589 356 2628 ﬂectitur
370 2588 404 2615 ad
418 2587 575 2628 aquilonem
586 2595 593 2613 :
680 2621 696 2628 h
747 2621 753 2626 I

164 2625 294 2653 Lustrans
308 2624 432 2651 universa
445 2621 473 2650 in
483 2622 597 2650 circuitu
612 2621 700 2657 pergit
712 2621 835 2657 spiritus,

199 2666 227 2689 et
240 2661 266 2688 iu
282 2659 397 2687 circulos
413 2666 476 2686 suos
488 2658 651 2693 regreditur.

165 2697 262 2724 Omnia
274 2695 383 2723 [lumina
399 2695 501 2722 intrant
514 2701 540 2721 In
554 2700 641 2727 mare,

201 2738 229 2760 et
244 2739 319 2760 mare
331 2738 384 2759 non
399 2729 551 2758 redundat:

164 2768 206 2796 Ad
222 2768 321 2799 locum,
338 2766 409 2794 unde
423 2770 523 2793 exeunt
535 2764 657 2797 ﬁumina,
672 2768 854 2798 revertuntur,

201 2809 231 2831 ut
244 2804 343 2832 iterum
357 2802 451 2829 lluant.

203 2878 214 2892 ³
235 2873 267 2913 ιη
271 2873 380 2913 cunctis
399 2879 465 2913 mss.
484 2870 621 2913 codicibus
647 2870 829 2913 exscriptores
859 2876 957 2904 posue-

168 2915 241 2943 runt,
259 2908 340 2936 Verba
355 2906 536 2942 Ecclesiastes,
552 2911 606 2935 etc.
620 2907 697 2941 quasi
721 2905 891 2934 Ecclesiastes
907 2911 958 2934 no-

1784 2189 1816 2197 η

1783 2203 1816 2225 τῇ

1053 2204 1106 2224 non
1121 2202 1209 2231 potest
1223 2205 1268 2225 cas
1281 2198 1362 2223 homo
1374 2195 1512 2230 explicare
1527 2198 1666 2222 sermone.

1016 2232 1075 2260 Non
1090 2238 1227 2260 saturatur
1241 2233 1335 2260 oculus
1348 2232 1419 2263 visu,

1051 2276 1102 2295 nec
1115 2269 1187 2295 auris
1206 2268 1332 2301 impletur
1346 2266 1451 2294 auditu.

1015 2303 1086 2337 Quid
1101 2309 1142 2331 est
1156 2304 1226 2337 quod
1243 2303 1310 2330 fuit?

1052 2338 1139 2373 ipsum
1154 2340 1224 2373 quod
1240 2340 1358 2366 futurum
1372 2341 1414 2365 est
1428 2345 1436 2365 :

1015 2373 1085 2407 Quid
1103 2379 1144 2401 est
1159 2376 1229 2409 quod
1246 2375 1343 2401 factum
1358 2373 1420 2401 est?

1052 2409 1138 2443 ipsum
1152 2411 1223 2445 quod
1239 2410 1392 2438 faciendum
1412 2413 1465 2437 est.

1015 2444 1088 2472 Nihil
1099 2446 1148 2472 sub
1161 2444 1218 2474 Sole
1234 2454 1344 2479 novum,

1052 2488 1102 2509 nec
1117 2483 1188 2509 valet
1199 2478 1341 2517 quisquam
1357 2481 1467 2517 dicere;
1482 2479 1552 2508 Ecce
1567 2478 1620 2506 hoc
1632 2483 1730 2506 recens
1741 2481 1795 2505 est.

1015 2515 1075 2544 Jam
1092 2518 1163 2544 enim
1181 2515 1317 2552 pimceésit
1330 2518 1356 2544 in
1373 2515 1495 2549 sacculis;

1052 2560 1112 2586 qum
1126 2553 1237 2580 fuerunt
1247 2557 1309 2580 ante
1324 2560 1375 2580 nos

1016 2588 1075 2615 Non
1087 2594 1128 2616 est
1142 2590 1260 2624 priorum
1278 2589 1427 2616 memoria:

1050 2625 1097 2651 sed
1115 2621 1163 2652 nec
1180 2633 1273 2652 eorum
1288 2625 1406 2659 quidem,
1418 2631 1478 2658 qute
1491 2626 1587 2658 postea
1599 2621 1690 2649 futura
1705 2623 1780 2653 sunt,

1051 2660 1102 2687 erit
1119 2661 1269 2688 recordatio
1284 2660 1353 2694 apud
1367 2667 1425 2690 eos,

1051 2697 1096 2731 qui
1109 2696 1191 2723 futuri
1207 2702 1268 2723 sunt
1289 2697 1315 2723 in
1331 2695 1489 2723 novissimo.
1792 2717 1805 2726 ,

1016 2731 1072 2759 EGO
1093 2732 1288 2759 Ecctcsusrss

1052 2768 1087 2794 lui
1101 2776 1146 2794 rex
1166 2768 1246 2795 Israel
1263 2769 1288 2794 in
1301 2767 1463 2799 Jerusalem,

1017 2802 1046 2830 Et
1060 2804 1187 2838 proposui
1199 2804 1225 2830 in
1241 2805 1332 2830 animo
1345 2811 1405 2830 meo
1418 2808 1540 2837 qumrere

1013 2879 1076 2900 men
1089 2877 1163 2901 esset
1175 2872 1335 2908 inﬂexibile,
1368 2877 1415 2900 aut
1430 2871 1585 2901 Hebraeum.
1603 2870 1692 2899 MART.
