2062 3180
265 149 334 179 1273

299 210 500 248 etinvestigarc
514 212 651 247 sapienter
677 246 682 248 _
742 237 748 248 ξ

300 246 334 274 dc
348 245 473 274 omnibus
488 245 552 283 (μηθ’
562 248 631 275 ﬁunt
643 246 693 274 sub
709 245 777 283 sole.

264 281 338 310 llauc
351 280 553 324 occupationem
569 284 712 318 pessimam
725 281 798 310 dedit
815 281 898 310 'Deus
923 281 986 310 liliis
1010 280 1059 308 lto-

336 326 449 351 mrnuru,

301 358 328 381 ttt
343 359 538 388 occmiarentur
555 355 580 382 in
596 362 639 383 ea.

265 387 325 416 Vidi
338 387 445 423 cuncta,
460 398 520 424 qua:
534 390 657 417 liuntsub
670 390 737 422 sole,

299 430 326 453 et
340 432 403 453 ecce
415 426 542 461 universa
557 426 673 457 vanitas,
686 430 713 454 et
727 424 838 452 afﬂictio
858 425 979 461 spiritus.

266 461 389 489 Pervcrsi
404 460 515 490 diliir-ile
535 462 717 498 corriguntur,

299 501 326 524 et
340 497 483 524 stultorum
500 497 621 525 inlinitus
634 501 676 525 est
691 503 830 525 numerus.

264 532 381 559 Locutus
392 540 452 560 sum
467 535 492 560 in
514 534 595 561 corde
609 541 681 566 meo,
696 533 809 560 dicens:

263 567 333 595 Ecce
348 575 459 602 magnus
474 568 585 596 eti‘ectus
595 577 666 600 sum.

298 608 325 631 et
336 604 463 638 praecessi
474 605 605 639 sapientia
617 611 721 636 omnes,

298 640 343 674 qui
356 638 465 667 luerunt
479 638 542 667 ante
556 646 599 668 me
615 642 640 667 in
654 638 804 668 Jerusalem
819 647 826 667 :

298 681 413 738 etangris
426 683 488 704 mea
501 676 684 712 contemplata
706 680 746 702 est
759 675 841 702 multa
864 674 1017 710 sapienter,
1033 678 1061 703 et

353 720 358 737 r
381 715 435 738 tett.

353 711 435 740 idicit.

263 746 385 780 Dcdique
400 755 447 775 cor
468 756 568 781 meum,
600 752 630 776 ut
648 747 746 775 scirem
769 746 951 782 prudentiam,
979 751 1061 782 atque

335 782 498 814 doctrinam,

300 826 462 853 erroresque
478 824 504 847 et
522 820 662 847 stultitiam
676 828 683 852 ;

265 853 297 880 Et
319 855 413 891 agnovi
429 855 498 888 quod
516 855 541 882 in
555 855 598 883 his
610 862 716 891 quoque
730 858 803 883 esset
814 853 903 886 labor,

300 893 328 917 ct
337 890 446 918 alﬂictio
460 892 571 925 spiritus
582 900 588 906 ·

269 924 308 952 Eo
324 925 395 960 quod
412 926 437 953 in
455 923 537 953 multa
552 926 696 961 sapientia.
714 926 797 953 mtrlta
812 925 846 952 sit
860 923 1027 961 indignatio:

299 966 326 988 et
337 961 383 996 qui
400 962 500 997 {addit
515 961 668 997 scientiam,
681 962 756 989 addit
779 961 900 989 laborem
915 960 968 997 μι.
985 960 1063 989 dolo-

337 996 416 1034 "3.01:1

279 1030 343 1068 Cap.
361 1030 416 1068 ll.]'
433 1032 494 1060 Dixi
514 1041 563 1068 ego
577 1032 603 1061 in
618 1033 700 1061 corde
714 1040 795 1061 meo:

290 1067 379 1101 ariam,
395 1067 422 1096 et
440 1067 546 1097 allluam
563 1069 677 1104 deliciis,

302 1107 330 1130 et
343 1104 416 1132 fruar
432 1105 520 1132 bonis.

266 1139 298 1176 Et
312 1139 367 1166 vidi
381 1139 452 1174 quod
466 1141 516 1168 hoc
528 1148 635 1176 quoque
649 1144 720 1168 esset
734 1139 847 1168 vanitas.

268 1174 359 1202 Risum
376 1177 496 1210 reputavi
514 1174 654 1204 eri-orem:

303 1214 330 1237 et
345 1211 443 1244 gaudio
458 1211 513 1238 dixi
531 1221 536 1238 :
551 1211 619 1246 Quid
634 1210 734 1238 frustra
751 1210 905 1246 deciperis?

266 1244 385 1280 Cogitavi
404 1248 430 1274 in
453 1247 535 1275 corde
562 1244 622 1275 ineo
648 1244 846 1274 abstralierc‘a
874 1246 935 1273 vino
955 1254 1064 1274 carnem

338 1290 436 1310 nteant.

303 1322 330 1343 ut
344 1318 463 1345 attitnnm
475 1326 565 1346 meum
579 1319 754 1347 transferrem
769 1318 802 1346 ad
818 1317 991 1353 sapientiam,

303 1352 505 1389 devitarernque
520 1355 672 1382 stultitiam.

269 1387 359 1416 Donec
373 1387 491 1417 videre—ru
504 1390 566 1425 quid
582 1394 654 1418 esset
669 1390 733 1418 utile
749 1390 810 1418 liliis
826 1389 964 1417 hominum
981 1397 987 1415 :

302 1432 355 1459 quo
371 1424 441 1453 facto
456 1433 523 1461 opus
543 1432 584 1454 est
602 1427 653 1454 sub
668 1427 726 1454 sole
747 1433 859 1454 numero
875 1425 979 1453 dicrqu
1002 1425 1065 1453 vitae

339 1467 405 1487 suc.

268 1494 435 1533 Magniﬁcavi
451 1503 532 1533 opera
549 1505 624 1527 mea:

304 1532 433 1560 :edilicavi
452 1532 515 1560 niibi
531 1533 639 1567 domos,

303 1571 330 1594 et
347 1568 465 1600 plantavi
480 1569 570 1597 vineas
581 1578 589 1598 :

268 1603 330 1631 Feci
343 1603 447 1634 hortos.
464 1610 489 1632 et
503 1607 632 1640 pomaria,

304 1644 331 1666 et
342 1641 451 1668 conseri
467 1648 498 1668 ea
511 1642 600 1669 cuncti
621 1640 728 1676 generis
743 1640 900 1673 arboribus;

268 1673 302 1701 Et
317 1677 437 1712 exstruxi
453 1676 515 1703 mihi
529 1673 648 1712 piscinas
662 1684 791 1711 aquaruru
802 1697 809 1708 ,

303 1716 331 1737 ut
346 1711 484 1746 irrigarern
498 1711 593 1739 silvnm
607 1714 738 1748 lignorum
751 1711 978 1747 germinautium;

268 1745 378 1773 Posscdi
390 1745 484 1774 servos
497 1755 523 1775 et
534 1745 657 1779 ancillas,

303 1783 467 1818 multamque
480 1783 608 1810 l'arniliam
627 1783 723 1810 habui:

267 1817 394 1854 Armenta
413 1817 529 1854 quoque,
543 1823 570 1846 et
584 1827 695 1854 magnos
709 1819 798 1846 ovium
812 1825 919 1854 greges,

303 1853 370 1880 ultra
383 1853 481 1881 omnes
489 1857 534 1889 qui
550 1853 655 1882 fuerunt
668 1858 729 1881 ante
744 1863 787 1881 me
799 1853 824 1881 in
838 1854 1008 1882 Jerusalem:

265 1887 428 1916 Coacervavi
441 1887 504 1917 mihi
520 1895 670 1925 argentum,
682 1895 826 1922 claurum,
843 1896 870 1917 et

302 1925 465 1961 substantias
477 1934 580 1961 regum.
598 1935 629 1953 ac
645 1926 842 1960 provinciarum
859 1934 866 1953 :

266 1958 328 1986 Feci
343 1961 407 1988 mihi
424 1958 558 1995 cantores,
576 1966 604 1989 ct
620 1958 792 1995 cantatrices,

301 2000 329 2022 et
344 1996 457 2024 delicias
472 1998 589 2025 liliorum
605 1998 755 2029 hominum,

266 2030 388 2067 Scyphos
402 2037 428 2060 et
443 2040 538 2061 urceus
551 2034 578 2060 in
589 2033 741 2061 ministerio
753 2033 785 2060 ad
800 2033 863 2059 vina
879 2031 1025 2060 inridenda.

301 2072 327 2094 et
346 2075 538 2104 supergressus
556 2076 615 2096 sum
632 2068 728 2103 opibus
755 2075 861 2103 omnes,
887 2069 931 2103 qui
955 2068 1065 2096 fuerunt

334 2108 397 2131 ante
410 2113 453 2132 me
465 2105 491 2131 iu
504 2104 665 2132 Jerusalem.
995 2124 998 2126 -

262 2137 399 2174 Sapientia
410 2147 518 2175 quoque
531 2140 714 2174 perseveravit
724 2147 828 2168 mecum
840 2148 847 2167 :

300 2180 327 2202 et
338 2176 441 2207 omnia,
459 2184 519 2210 quae
532 2175 757 2203 desideraverunt
767 2175 841 2204 oculi
856 2175 920 2209 mei,
939 2182 995 2203 non
1015 2182 1064 2203 ne-

353 2212 395 2238 avi
412 2212 455 2239 eis
468 2218 475 2238 :

263 2245 319 2273 Nec
334 2218 526 2281 iii-ribiblriicor
545 2254 634 2275 meum
651 2247 715 2283 quin
731 2247 806 2275 omni
829 2247 967 2282 voluptate
989 2246 1063 2276 true.

335 2287 420 2310 retur.

298 2322 325 2355 et
338 2318 487 2347 oblectaret
498 2326 528 2346 se
542 2319 569 2346 in
585 2319 637 2351 his,
650 2327 710 2354 qua:
722 2326 935 2355 pra'paraveram
949 2327 956 2346 :

263 2352 296 2380 Et
312 2353 382 2382 hanc
392 2359 466 2382 ratus
481 2363 540 2382 sum
553 2352 768 2388 partern'meam,

299 2389 322 2416 si
337 2395 428 2418 uterer
442 2391 534 2418 labore
545 2399 616 2419 meo.

260 2423 381 2462 Cumque
398 2434 440 2453 tne
453 2427 647 2454 convertissem
669 2426 702 2454 ad
729 2427 855 2455 universa
879 2433 977 2462 opera,
1000 2433 1062 2462 quae

336 2461 458 2489 fecerant
473 2470 568 2490 manus
581 2470 659 2495 mem,

297 2500 326 2533 et
340 2497 374 2524 ad
390 2497 508 2532 labores,
521 2498 546 2525 in
558 2499 655 2533 quibus
669 2497 769 2525 frustra
781 2498 954 2531 sudaveram,

264 2530 323 2558 Vidi
341 2533 366 2559 in
378 2530 505 2561 omnibus
516 2530 663 2562 vanitatem
678 2539 705 2562 et
719 2534 894 2562 alliictionem
910 2534 1006 2567 animi,

298 2573 326 2594 et
341 2568 405 2595 nihil
423 2576 582 2603 permanere
603 2570 732 2597 subsole.

262 2602 387 2631 Trausivi
402 2602 434 2632 ad
454 2605 691 2636 contemplandum
707 2606 880 2641 sapientiam,

296 2646 459 2675 erroresque
474 2645 501 2668 et
512 2641 665 2668 stultitiam.

297 2725 308 2740 ⁸
325 2720 500 2750 Cnrbeiensis
513 2731 564 2750 ms.
582 2732 654 2751 num.
668 2732 688 2756 ι,
704 2723 776 2751 addit
792 2728 815 2751 ct
827 2723 942 2751 dolorem
954 2744 961 2757 ,
985 2722 1056 2757 quod

260 2758 454 2785 emendatores
470 2765 620 2792 posuerunt
641 2761 666 2786 iu
689 2760 811 2793 plurimis
835 2760 1037 2793 exemplaribus
1051 2779 1058 2791 ,

259 2793 405 2830 ubi'p_rima
423 2801 502 2820 manu
519 2795 648 2830 scripturn
666 2800 735 2822 erat.
751 2797 822 2822 addit
838 2796 961 2822 laborem.
980 2794 1060 2822 Uter-

259 2836 311 2863 quc
326 2828 430 2860 Crmou,
444 2828 670 2858 Car'cassoirensis
684 2831 808 2859 virlelicct
824 2839 855 2859 ac
868 2831 1058 2863 Mcrnmiauns,

259 2871 356 2898 purum
372 2865 471 2892 retinet
484 2870 651 2893 t'ontcxturu.
670 2866 759 2893 Man'r.

296 2898 310 2917 ι’
335 2900 445 2933 Aliquot
466 2909 530 2928 mss.
545 2909 605 2928 cum
622 2902 732 2930 Canone
752 2902 874 2931 Carcass.
897 2902 1059 2934 emendato,

264 2934 382 2962 similiter
394 2940 421 2963 ut
434 2936 562 2965 indoctus.
579 2937 668 2965 ΜΑΙΠ.

765 147 799 185 _S.
821 147 1012 178 HIERONYMI
1032 147 1150 177 DlVlNA
1170 148 1409 180 BlBLlOTHECA.

1840 154 1918 184 1276

1073 209 1099 239 Α
1113 208 1181 243 Quid
1195 214 1247 243 est,
1262 210 1384 246 inquam,
1395 210 1488 241 homo.

1148 249 1179 282 ut
1187 246 1262 282 sequi
1275 245 1362 280 pessit
1375 254 1465 282 regem
1478 245 1621 274 Factorem
1636 248 1734 275 suum?

1110 280 1144 308 Et
1155 280 1207 308 vidi
1223 282 1284 316 quia
1299 286 1401 319 tantum
1409 280 1582 316 praecederet
1606 284 1738 318 sapientia
1752 283 1908 319 stultitiam,

1146 321 1275 349 quautrnn
1289 317 1379 345 differt
1391 317 1435 345 lux
1450 325 1465 345 a
1479 318 1608 346 tenebris.

1110 350 1246 386 Sapientis
1262 353 1333 380 oculi
1350 354 1375 380 in
1392 353 1481 388 capite
1497 354 1556 388 ejus
1570 363 1576 381 :

1146 388 1244 415 stultus
1260 388 1284 415 in
1303 389 1422 416 tenebris
1439 389 1576 417 ambulat:

1146 422 1269 461 cndidici
1285 425 1356 459 quod
1371 432 1439 451 UllllS
1455 425 1595 461 utriusque
1609 431 1682 454 esset
1696 425 1832 456 interitus.

1112 458 1146 485 Et
1158 458 1213 486 dixi
1230 459 1256 486 iu
1269 458 1352 488 corde
1365 468 1426 488 meo
1442 469 1449 488 :

1111 494 1140 522 Si
1157 502 1225 532 unus
1244 500 1271 532 et
1282 496 1356 532 stulti
1369 501 1396 524 et
1409 504 1486 525 meus
1500 504 1613 525 occasus
1627 497 1691 532 erit,

1147 530 1421 587 qrtirigﬂiyrodest
1435 532 1507 568 quod
1529 532 1660 568 majorem
1684 530 1826 570 sapientia;
1849 534 1913 563 dedi

1182 573 1306 601 operam!

1112 600 1284 636 Locutusque
1298 611 1360 631 cum
1369 608 1460 631 mente
1475 611 1546 638 mea,

1147 638 1326 675 animadverti
1341 639 1413 673 quod
1427 638 1479 668 hoc
1492 647 1599 675 quoque
1613 644 1687 668 esset
1702 640 1818 669 vanitas.

1111 672 1169 701 Non
1187 674 1259 714 enim
1274 675 1325 701 erit
1347 672 1477 703 memoria
1500 672 1630 711 sapientis
1645 675 1771 705 similiter
1787 681 1816 705 ut
1829 676 1909 706 stulti

1187 717 1212 736 in
1227 715 1398 744 perpetuum.

1153 750 1180 773 et
1194 745 1283 786 futura
1304 751 1425 781 tempora
1450 746 1585 775 oblivione
1605 752 1702 775 cuncta
1725 748 1830 784 pariter
1844 756 1915 784 ope-

1184 787 1266 808 rrent.

1119 815 1233 844 Moritur
1248 816 1261 836 ι’
1275 817 1371 845 doctus
1385 817 1512 845 similiter
1522 822 1550 846 et
1560 817 1685 847 indoctus
1701 828 1708 847 ς

1150 857 1176 888 et
1192 852 1293 880 idcirco
1310 854 1405 881 taeduit
1417 862 1460 881 me
1474 855 1535 881 vita:
1552 862 1630 888 meai,

1116 887 1258 915 Videntern
1271 889 1341 916 mala
1354 889 1477 917 universa
1493 897 1553 917 esse
1561 889 1611 917 sub
1622 889 1691 925 sole,

1151 929 1178 950 ct
1193 930 1288 961 cuncta
1301 925 1445 953 vanitatem
1460 931 1488 953 ct
1500 925 1672 961 alﬂictionern
1688 926 1800 961 spiritus
1815 936 1822 954 :

1117 959 1221 986 Rursus
1233 959 1382 988 detestatus
1393 969 1572 997 sumroruncrn
1587 959 1748 990 industriam
1763 971 1864 997 meam,

1150 1002 1204 1028 qua
1216 996 1266 1022 sub
1279 996 1336 1023 sole
1346 996 1542 1024 studiosissime
1554 996 1688 1031 laboravi,

1115 1030 1261 1058 llabiturus
1278 1031 1413 1060 ha-redem
1427 1036 1487 1067 post
1500 1041 1553 1065 me,

1151 1075 1234 1106 qnem
1249 1069 1450 1106 igrtorri,ttlrttitt
1463 1070 1571 1106 sapiens
1587 1077 1620 1106 an
1631 1068 1731 1097 stultus
1742 1068 1851 1098 iuturus
1863 1071 1913 1106 sit,

1117 1102 1150 1128 Et
1164 1103 1346 1130 dominabitur
1361 1104 1386 1130 iu
1398 1104 1535 1131 laboribus
1552 1104 1629 1137 rneis,

1152 1138 1249 1170 quibus
1264 1140 1392 1166 desudavi
1407 1145 1433 1166 cl
1450 1139 1582 1166 sollicitus
1600 1140 1657 1169 l'ui:

1152 1179 1177 1199 et
1193 1179 1234 1200 est
1249 1175 1392 1210 quidquam
1409 1180 1461 1202 latri
1479 1177 1598 1204 vanum?

1117 1209 1191 1236 Unde
1207 1211 1322 1244 cessavi,

1152 1248 1369 1281 l‘t'ttttttlint‘itqrtc
1384 1255 1432 1273 cor
1446 1255 1534 1274 unum
1551 1249 1620 1276 ultra
1638 1249 1764 1277 laborare
1778 1247 1829 1276 sub
1840 1249 1909 1277 sole.

1115 1280 1183 1308 Nam
1195 1288 1255 1319 curn
1268 1280 1337 1319 alius
1354 1283 1460 1310 laboret
1471 1284 1497 1310 in
1513 1285 1658 1319 sapientia,
1675 1290 1704 1313 et
1718 1284 1856 1318 doctrina,

1151 1321 1179 1343 et
1192 1317 1386 1350 sollicitudine,

1153 1352 1252 1379 homini
1268 1355 1354 1380 otioso
1368 1355 1478 1387 quresita
1495 1355 1630 1383 dimittit:

1152 1389 1244 1427 ethoc
1258 1395 1268 1408 θ
1281 1391 1474 1427 crgrrvauitas,
1488 1396 1514 1417 et
1529 1399 1654 1427 magnum
1668 1392 1780 1418 malum.

1117 1424 1185 1458 Quid
1203 1426 1273 1452 enirn
1288 1425 1407 1459 proderit
1423 1425 1523 1454 homini
1539 1424 1716 1455 de'uuiverso
1736 1427 1828 1454 labore
1847 1434 1910 1458 suo.

1153 1464 1178 1486 et
1194 1461 1337 1487 alllictioue
1354 1462 1473 1495 spiritus,
1485 1471 1535 1496 qua
1551 1463 1600 1490 sub
1618 1463 1676 1490 sole
1687 1464 1826 1490 r‘ruriztlus
1843 1468 1885 1489 est
1898 1463 1911 1489 ‘.’

1117 1495 1214 1522 Cuncti
1226 1497 1282 1523 dies
1298 1497 1356 1530 ejus
1369 1495 1508 1525 doloribus
1523 1503 1551 1526 et
1562 1499 1690 1526 mrutnnis
1705 1499 1776 1533 pleni
1794 1503 1871 1531 sunt,

1154 1540 1203 1559 nec
1215 1538 1379 1569 perrmetein
1396 1539 1485 1561 mente
1501 1534 1666 1569 requiescit:

1154 1573 1179 1595 et
1194 1569 1243 1595 hor-
1259 1567 1271 1585 ἀ
1285 1576 1348 1603 ergo
1364 1570 1468 1596 vanitas
1480 1576 1531 1597 est.

1079 1599 1102 1630 C
1118 1603 1212 1631 Nonne
1230 1599 1325 1631 melius
1339 1608 1380 1631 est
1390 1605 1533 1632 comedere
1547 1609 1575 1632 et
1588 1604 1692 1638 bibere,

1151 1645 1177 1666 et
1191 1640 1334 1667 ostendere
1351 1640 1448 1667 animae
1461 1649 1517 1668 sua:
1532 1642 1602 1669 bona
1622 1641 1656 1668 de
1672 1640 1809 1668 laboribus
1835 1641 1912 1669 suis?

1151 1675 1241 1704 ethoc
1255 1675 1289 1703 de
1304 1683 1383 1703 manu
1400 1675 1448 1703 Dei
1464 1681 1515 1704 est.

1115 1712 1181 1744 Quis
1198 1713 1232 1739 ita
1247 1711 1362 1743 vorabit,

1151 1753 1178 1774 et
1189 1748 1294 1775 deliciis
1309 1746 1403 1775 ailluet
1417 1751 1444 1774 ut
1464 1747 1533 1782 ego?

1115 1782 1224 1811 llorriini
1241 1784 1311 1810 bono
1328 1783 1355 1809 in
1377 1787 1526 1818 conspectu
1542 1790 1593 1811 suo
1612 1782 1687 1811 dedit
1711 1783 1785 1811 Deus
1801 1784 1912 1819 sapien-

1187 1820 1262 1853 tiam,

1151 1860 1177 1882 et
1189 1855 1342 1889 scientiam,
1359 1857 1387 1882 et
1400 1854 1522 1882 Iustitiam
1536 1863 1543 1881 :

1115 1889 1254 1918 Per-calori
1270 1894 1360 1917 autem
1377 1889 1451 1917 dedit
1462 1889 1683 1923 alllictioncm,ct
1699 1899 1793 1919 curam
1810 1898 1911 1926 supcr-

1187 1926 1278 1960 ﬂuam,

1153 1966 1181 1989 ut
1200 1962 1291 1995 addat,
1312 1965 1339 1989 et
1361 1967 1519 1997 congreget,
1531 1966 1559 1989 et
1582 1962 1670 1989 tradat
1690 1961 1716 1989 ei
1735 1962 1782 1997 qui
1804 1961 1908 1997 placuit

1187 1998 1244 2025 Deo
1261 2007 1268 2026 :

1154 2034 1201 2061 sed
1215 2039 1242 2062 et
1253 2034 1305 2062 hoc
1319 2033 1436 2064 vanitas.
1453 2038 1478 2060 et
1493 2041 1569 2061 cassa
1592 2033 1750 2061 sollicitudo
1765 2033 1875 2060 mentis.

1151 2069 1229 2105 lCup.
1245 2068 1300 2104 lll.]
1313 2069 1410 2097 Omnia
1427 2073 1533 2103 tempus
1550 2069 1662 2102 habent,

1151 2104 1178 2133 et
1193 2104 1249 2133 suis
1261 2106 1354 2140 spatiis
1371 2109 1514 2133 transeunt
1528 2106 1657 2133 universa
1675 2105 1726 2133 sub
1741 2104 1823 2133 ccelo.

1116 2140 1235 2176 Tempus
1250 2141 1392 2172 nascendi,

1151 2181 1180 2204 et
1194 2181 1299 2211 tempus
1315 2176 1460 2204 ruorieudi.

1116 2212 1234 2248 Tempus
1249 2212 1396 2247 plantaudi,
1426 2247 1431 2248 γ
1466 2235 1468 2237 .

1153 2247 1296 2282 θιὶειηρυε
1309 2247 1442 2275 cvellendi
1457 2247 1530 2283 qrrod
1544 2248 1697 2283 plantatum
1713 2251 1770 2277 est.

1117 2283 1235 2319 Tempus
1247 2284 1398 2316 occidendi,

1151 2325 1177 2347 et
1190 2326 1295 2354 tempus
1306 2319 1431 2347 sanandi.

1114 2355 1232 2391 Tempus
1244 2355 1414 2391 destruendi,

1150 2389 1304 2424 et'tempus
1319 2389 1482 2419 mdlticandi.

1114 2426 1233 2462 Tempus
1248 2426 1343 2459 ﬂendi,

1151 2468 1178 2491 et
1190 2469 1294 2497 tempus
1310 2463 1428 2490 ridendi.

1114 2499 1232 2532 Tempus
1247 2498 1402 2533 plangendi,

1150 2539 1179 2562 et
1192 2540 1300 2569 tempus
1313 2534 1439 2561 saltandi.

1114 2570 1233 2604 Tempus
1244 2570 1388 2604 spargendi
1401 2570 1517 2605 lapides,

1151 2611 1178 2633 et
1196 2611 1302 2641 tempus
1313 2605 1467 2640 eulligendi.

1115 2641 1233 2677 Tempus
1248 2642 1430 2676 amplexandi,

1150 2729 1160 2743 ε
1183 2722 1375 2750 Mcmmiannm
1395 2722 1439 2750 hic
1457 2721 1597 2751 Canonem
1613 2723 1698 2751 secuti
1714 2730 1819 2751 sumus.
1847 2722 1915 2751 Car-

1113 2760 1285 2786 cassonensis
1303 2758 1569 2794 legitinterrogative
1582 2767 1589 2786 :
1605 2758 1635 2785 Et
1650 2759 1704 2785 Irrrc
1719 2768 1803 2786 nonne
1813 2759 1916 2786 uanitas

1114 2795 1170 2822 est?
1181 2794 1229 2821 Cui
1245 2799 1399 2821 coriSonant
1415 2795 1590 2829 quamplures
1606 2802 1671 2821 mss.
1686 2795 1804 2822 codices.
1822 2795 1915 2822 Mser.

1150 2829 1163 2848 ιι
1186 2830 1243 2857 Sub
1268 2830 1453 2863 interrogandi
1481 2837 1545 2857 nota
1571 2829 1702 2864 angatus
1728 2831 1862 2864 interpres
1886 2836 1914 2858 et

1114 2865 1221 2901 quidam
1245 2873 1327 2899 penes
1352 2866 1476 2893 Martiau.
1490 2873 1555 2894 mss.
1577 2871 1600 2892 et
1614 2866 1662 2893 hoc
1679 2865 1726 2901 (al.
1749 2865 1815 2901 Ira-1')
1828 2874 1915 2893 nonne

1115 2902 1212 2929 vanitas
1228 2907 1263 2929 est
1274 2903 1286 2928 1’
