4124 6360
310 313 449 377 ηπ

382 436 440 484 et
466 435 678 499 tempus
698 426 861 496 longe
893 426 1009 484 fieri
1052 441 1083 482 a
1111 423 1500 498 complexibus.

312 500 547 570 Tempus
575 500 909 571 acquirendi,

385 584 438 627 et
464 570 678 640 tempus
707 570 991 642 perdendi.

311 644 550 713 Tempus
571 643 933 710 custodiendi,

384 724 440 772 et
455 727 668 784 tempus
690 714 997 783 abjiciendi.

311 788 551 856 Tempus
577 786 877 847 scindendi,

387 870 443 914 et
471 870 684 928 tempus
713 856 1030 912 consucndi.

314 931 553 996 Tempus
585 929 818 992 tacendi,

386 1010 442 1055 et
465 1009 676 1067 tempus
705 999 979 1072 loquendi.

314 1073 551 1140 Tempus
579 1073 904 1140 dilectionis,

386 1155 440 1200 et
466 1152 678 1213 tempus
701 1144 831 1199 odii.

315 1217 552 1285 Tempus
584 1216 736 1280 belli,

389 1299 443 1344 et
467 1299 676 1356 tempus
701 1287 866 1354 paris.

314 1359 454 1426 Quid
473 1360 634 1413 habet
659 1359 892 1428 amplius
918 1359 1080 1413 homo

386 1431 455 1485 de
485 1431 667 1486 labore
691 1446 790 1484 sui)
810 1431 833 1483 ?

318 1502 436 1557 \‘idi
475 1501 846 1570 afﬂictionem,
879 1518 1038 1572 quam
1080 1500 1227 1557 dedit
1261 1499 1405 1555 Deus
1435 1499 1561 1555 filiis
1598 1499 1899 1566 hominum,

387 1584 446 1627 ιιι
469 1574 846 1629 distendantur
870 1575 921 1628 in
950 1589 1032 1628 ea.

321 1645 527 1701 Cuncta
558 1645 685 1700 fecit
716 1645 852 1699 bona
885 1647 938 1700 in
965 1655 1206 1714 tempore
1235 1655 1356 1709 suo,

387 1727 442 1771 et
465 1717 721 1771 mundum
750 1717 970 1771 tmdidit
996 1717 1344 1787 disputationi
1378 1730 1590 1787 eorum,

387 1795 446 1842 ut
501 1805 609 1842 non
658 1788 895 1844 inveniat
940 1786 1102 1843 homo
1147 1803 1304 1858 opus,
1348 1786 1490 1856 quod
1532 1794 1791 1857 Operatus
1821 1793 1906 1840 est

459 1859 598 1915 Dens

386 1932 454 1986 ab
487 1933 638 1985 initio
664 1945 834 1999 usque
859 1931 924 1986 ad
956 1929 1140 1986 linem.

317 2003 384 2058 Et
404 2005 625 2072 cognovi
656 2004 800 2072 quod
834 2019 939 2057 non
971 2014 1113 2057 esset
1137 2000 1331 2056 melius

388 2075 488 2128 nisi
522 2076 716 2139 lactari,
751 2085 805 2130 et
831 2074 1009 2129 facere
1033 2074 1169 2128 bene
1196 2074 1248 2126 in
1279 2073 1383 2126 vita
1413 2087 1529 2126 sua.

321 2145 512 2200 Omnis
542 2148 685 2199 enim
719 2145 902 2210 homo,
936 2147 1026 2215 qui
1051 2145 1289 2200 comedit
1316 2153 1370 2196 et
1395 2142 1550 2209 bibit,

394 2229 448 2271 et
479 2218 620 2272 videt
650 2216 846 2272 bonum
873 2211 1147 2272 delabere
1177 2215 1416 2282 suo,hoc
1437 2215 1638 2268 donum
1673 2211 1770 2267 Dei
1797 2219 1899 2268 est.

321 2288 496 2342 Didici
527 2289 668 2355 quod
700 2291 880 2344 omnia
908 2303 1093 2356 Opera,
1121 2302 1240 2355 qua:
1268 2287 1393 2340 fecit
1421 2285 1587 2353 Deus,

387 2370 739 2429 perseverent
765 2359 817 2414 in
851 2369 1173 2430 perpetuum
1208 2376 1220 2412 :

322 2427 440 2486 Non
470 2447 755 2500 possumus
777 2427 866 2486 eis
891 2431 1180 2499 quidquam
1208 2427 1430 2488 addere.

387 2518 486 2556 nec
517 2503 748 2567 auferre,
774 2519 892 2571 qua:
926 2501 1051 2556 fecit
1080 2503 1217 2556 Deus
1250 2510 1306 2554 nt
1341 2500 1622 2556 timeatur.

314 2573 468 2641 Quod
496 2572 694 2628 factum
720 2583 826 2639 est,
864 2575 1038 2643 ipsum
1069 2579 1393 2641 permanet:

389 2661 510 2715 qua:
541 2645 717 2699 futura
752 2655 896 2707 sunt,
920 2645 1028 2715 jam
1054 2645 1270 2698 fuerunt
1297 2659 1310 2696 :

387 2725 442 2770 et
469 2715 610 2770 Deus
641 2717 908 2770 instaurat
930 2719 1073 2781 quod
1115 2715 1265 2769 abiit.

318 2786 439 2842 Vidi
465 2789 564 2843 sub
586 2789 702 2842 sole
734 2789 788 2842 in
814 2788 933 2842 loco
955 2786 1142 2855 judicii
1168 2785 1524 2856 impietatem,

387 2867 442 2913 et
467 2861 518 2912 in
541 2859 658 2913 loco
684 2859 908 2926 jusdtia:
938 2857 1298 2928 iniquitatem.

317 2929 386 2984 Et
410 2929 523 2984 dixi
562 2929 613 2984 iu
646 2931 807 2984 corde
831 2943 990 2984 meo:

380 3000 584 3070 justum
616 3010 672 3056 et
693 3001 916 3071 impium
944 2999 1209 3070 iudicabit
1243 2999 1406 3067 Deus,

384 3082 440 3127 et
471 3082 681 3142 tempus
709 3073 884 3128 otnnis
917 3071 994 3126 rei
1026 3082 1153 3126 tunc
1183 3074 1304 3127 erit.

317 3143 434 3198 Dixi
467 3144 518 3200 in
547 3145 711 3200 corde
742 3159 864 3200 meo
891 3143 956 3198 de
990 3142 1116 3198 tiliis
1147 3142 1452 3208 hominum,

387 3224 446 3270 ut
476 3218 729 3282 probaret
753 3231 848 3270 eos
875 3217 1038 3280 Deus,

385 3298 434 3342 et
459 3288 770 3342 ostenderet
790 3286 996 3340 similes
1026 3299 1148 3340 esse
1174 3285 1379 3340 bestiis.

313 3355 520 3413 Idcirco
546 3375 680 3412 unus
707 3358 955 3412 interitus
983 3366 1066 3411 est
1095 3356 1326 3410 hominis
1349 3364 1403 3411 ct
1427 3355 1819 3425 jumenlurttm,

384 3441 437 3482 et
464 3445 616 3494 tentia
646 3433 924 3495 utriusque
953 3427 1195 3483 Conditio
1226 3445 1240 3480 :

311 3497 462 3555 Sicut
502 3503 728 3555 moritur
751 3501 932 3562 homo,
961 3500 1041 3553 sic
1068 3509 1120 3552 et
1149 3499 1238 3552 illa
1265 3498 1573 3552 moriuntur
1601 3515 1614 3551 :

385 3573 640 3627 similiter
667 3572 874 3638 Spirattt
904 3571 1106 3630 omnia,

380 3653 434 3698 et
465 3643 596 3698 nihil
631 3645 790 3697 habet
824 3643 986 3695 homo
1014 3643 1262 3705 jttmento
1291 3639 1520 3710 amplius
1557 3659 1568 3692 :

311 3713 518 3768 Cuncta
549 3715 826 3783 subjacent
859 3713 1101 3776 vanitati,

377 3795 431 3840 et
459 3787 638 3840 omnia
664 3796 890 3856 pergunt
912 3784 977 3837 ad
1008 3799 1172 3837 unum
1205 3784 1384 3837 locum
1412 3799 1425 3834 τ

378 3857 444 3912 de
466 3866 610 3912 terra
640 3853 782 3912 facta
815 3867 962 3921 sunt,
994 3867 1048 3909 et
1079 3856 1132 3908 iu
1155 3864 1350 3908 terram
1376 3853 1580 3924 pariter
1607 3863 1892 3910 revertun-

448 3939 552 3984 lUt’.

305 3999 436 4068 Quis
463 4001 614 4056 novit
648 3998 692 4056 si
725 3999 949 4071 spiritus
986 3997 1218 4053 illioram
1261 3995 1434 4051 Adam
1465 3997 1724 4052 ascendat
1767 4013 1892 4053 sur-

377 4088 754 4214 etss'i'ypiritus
779 4142 1149 4211 jumentorum
1177 4139 1474 4214 descendat
1493 4139 1748 4197 deorsum
1773 4138 1798 4196 ἲ

303 4212 367 4268 Et
400 4212 736 4286 deprehendi
765 4215 897 4269 nihil
931 4228 1053 4270 esse
1084 4213 1276 4269 melius

370 4285 530 4356 quam
560 4287 733 4342 laetari
765 4287 1039 4342 hominem
1074 4285 1128 4341 in
1155 4299 1321 4353 opere
1346 4298 1468 4352 suo,

1573 307 1777 366 LIBER
1815 306 2344 368 ECCLESlASTES.

1934 1827 1982 1887 B

1923 3211 1970 3272 C

3456 291 3604 370 me

2071 433 2126 478 et
2158 423 2297 478 hanc
2319 437 2439 480 esse
2469 430 2677 495 partem
2708 423 2880 481 illius.

2073 497 2207 564 Quis
2234 497 2378 607 epim
2408 512 2529 552 eum
2563 497 2816 566 adducet,
2851 505 2906 552 ut
2947 505 3066 568 post
3095 510 3154 552 sc
3182 496 3358 553 futura
3383 511 3584 570 cogno-

2144 579 2251 607 CDQI

2143 579 2256 622 5031.
2273 579 2289 622 ἶ

2002 636 2154 710 [ϐαρ.
2334 639 2478 695 Verti
2512 655 2598 696 nte
2623 641 2688 695 ad
2712 639 2835 706 alia,

2073 719 2128 785 et
2161 710 2617 785 vidi—calumnias,
2643 729 2766 783 qua:
2797 711 2898 768 sub
2928 711 3044 769 sole
3069 721 3350 785 geruntur,

2006 779 2076 834 Et
2103 782 2368 853 lacrymas
2398 779 2791 850 innocentium,

2073 859 2129 907 et
2157 853 2428 909 neminem
2458 856 2857 910 consolatorem
2888 873 2900 910 :

2001 920 2113 980 Nec
2146 938 2304 992 posse
2329 926 2586 982 resistere
2619 942 2804 982 eorum
2839 927 3133 996 violentias,

2079 1009 2396 1052 cunctorum
2425 998 2625 1052 auxilio
2654 997 2962 1056 destitutus.

2025 1064 2093 1120 Et
2122 1067 2333 1142 laudavi
2357 1068 2527 1138 magis
2551 1081 2817 1142 mortuos,
2845 1085 3002 1142 quam
3035 1069 3280 1126 viventes
3309 1087 3322 1123 :

2075 1147 2127 1194 et
2143 1138 2438 1214 feliciorem
2456 1138 3044 1214 iitroqttejudicavi,qui
3061 1142 3288 1198 necdum
3304 1149 3460 1197 natus
3475 1151 3580 1210 est,

2080 1224 2179 1265 nec
2206 1210 2336 1264 vidit
2371 1213 2538 1280 mala,
2567 1210 2688 1283 qua:
2711 1215 2812 1268 sub
2835 1213 2952 1269 sole
2976 1210 3128 1267 iiunt.

2005 1278 2241 1354 Rursum
2259 1278 2654 1354 contemplatus
2679 1299 2798 1338 sum
2821 1300 3013 1341 omnes
3035 1286 3247 1342 labores
3275 1283 3583 1353 hominum,

2075 1363 2129 1406 et
2157 1353 2454 1410 industrias
2487 1373 2498 1409 :

2004 1424 2378 1498 Animadverti
2411 1436 2593 1494 patere
2623 1426 2837 1484 invidiae
2859 1429 3087 1498 proximi
3120 1446 3134 1487 :

2076 1495 2206 1572 etin
2240 1496 2342 1552 hoc
2363 1515 2489 1572 ergo
2513 1500 2740 1562 vanitas.
2761 1510 2815 1554 et
2841 1495 2967 1554 cura
2998 1499 3265 1572 superflua
3296 1508 3404 1555 est.

2005 1565 2215 1624 Stultus
2240 1565 2527 1638 compliCat
2550 1588 2740 1626 manus
2763 1587 2910 1639 suas,

2077 1647 2132 1693 et
2157 1643 2388 1697 comedit
2417 1659 2613 1698 carnes
2639 1658 2784 1707 suas,
2805 1643 2990 1698 dicens
3023 1661 3036 1699 :

2007 1709 2198 1766 Melior
2224 1725 2308 1768 est
2338 1715 2569 1783 pugillus
2594 1730 2715 1770 cum
2748 1715 2958 1784 requie,

2080 1785 2422 1859 quatn'plena
2454 1796 2679 1856 utraque
2701 1803 2890 1840 manus
2919 1801 3040 1841 cum
3081 1787 3289 1855 labore,
3314 1797 3370 1842 et
3401 1785 3574 1842 alllic-

2081 1857 2226 1908 tione
2253 1855 2438 1910 animi.

2007 1923 2369 1982 Considerans
2404 1928 2582 2000 reperi
2613 1937 2669 2000 et.
2697 1929 2854 1982 aliam
2885 1935 3178 1986 vanitatem
3206 1929 3305 1985 sub
3337 1928 3480 1986 sole:

2079 2011 2216 2052 unus
2242 2007 2344 2060 est,
2378 2009 2432 2056 et
2453 1999 2749 2055 Secundum
2781 2016 2885 2054 non
2911 2001 3092 2069 habet,

2080 2084 2185 2123 non
2216 2070 2406 2136 lilium,
2450 2088 2555 2127 non
2598 2071 2844 2137 fratrem,

2006 2139 2074 2194 Et
2104 2152 2278 2196 tamen
2311 2143 2560 2199 laborare
2580 2158 2684 2196 non
2715 2149 2917 2207 cessat,

2077 2228 2177 2266 nec
2205 2214 2467 2268 satiantur
2491 2215 2632 2270 oculi
2662 2215 2778 2283 ejus
2804 2213 3007 2268 divitiis
3036 2230 3048 2266 :

2003 2281 2113 2336 Nec
2135 2285 2423 2354 recogitat,
2453 2286 2637 2340 dit-ens
2672 2302 2687 2341 :

2076 2355 2170 2407 Cui
2203 2355 2410 2422 laboro,
2434 2367 2486 2410 et
2519 2357 2710 2410 fraudo
2741 2356 2977 2410 animam
3013 2371 3187 2411 meam
3219 2357 3413 2413 bonis?

2077 2425 2106 2455 ⁸
2136 2424 2198 2499 Et
2216 2424 2331 2499 [βυτ
2359 2427 2433 2499 in]
2463 2427 2565 2484 hoc
2595 2443 2808 2499 quoque
2838 2429 3049 2482 vanitas
3081 2437 3186 2496 est,

2074 2505 2131 2551 et
2151 2497 2373 2553 afﬂictio
2411 2497 2660 2568 pessima.

2002 2567 2193 2624 Melius
2219 2577 2303 2624 est
2326 2586 2457 2639 ergo
2486 2572 2592 2625 duo
2621 2571 2778 2627 simul
2810 2585 2952 2636 esse,
2985 2586 3143 2639 quam
3171 2585 3334 2625 unum
3374 2587 3385 2623 :

2075 2640 2276 2695 habent
2303 2647 2451 2697 enim
2481 2645 2908 2699 emolumentum
2948 2643 3228 2696 societatis
3260 2657 3410 2698 suas:

2073 2712 2118 2766 si
2151 2727 2291 2768 unus
2312 2714 2590 2781 ceciderit,
2627 2717 2696 2770 ab
2735 2716 2908 2769 altero
2936 2711 3194 2771 fulcictur
3223 2731 3236 2769 :

2003 2782 2098 2837 Vae
2119 2785 2221 2838 soli
2244 2800 2258 2849 ;
2287 2787 2411 2855 quia
2434 2800 2555 2840 cum
2587 2787 2872 2855 ceciderit,

2075 2871 2179 2909 non
2208 2855 2369 2912 habet
2392 2859 2763 2913 sublevantem
2793 2873 2873 2914 se.

2001 2925 2071 2980 Et
2101 2928 2144 2980 si
2166 2927 2492 2983 dormierint
2519 2929 2645 2996 duo,
2675 2929 3000 2988 fovcbutitur
3023 2939 3241 2994 mutuo;

2073 3013 2212 3052 unus
2243 3000 2516 3067 quomodo
2538 3002 2788 3058 caleliet?

2003 3069 2074 3125 Et
2094 3070 2146 3141 isi
2175 3071 2442 3141 quispiam
2474 3073 2819 3140 praevaluerit
2850 3084 3042 3131 contra
3074 3085 3263 3137 unum,

2073 3140 2468 3197 duo’tesistunt
2493 3144 2540 3198 ei
2569 3161 2582 3198 :

2072 3209 2342 3290 funiculus
2365 3215 2559 3284 triplex
2591 3215 2814 3273 diflicile
2842 3215 3140 3290 rumpitur.

2003 3284 2198 3338 Melior
2227 3295 2309 3339 est
2329 3299 2533 3354 pauper
2566 3297 2619 3340 et
2650 3289 2888 3358 sapiens,

2081 3371 2209 3424 rege
2251 3371 2383 3410 sene
2411 3367 2467 3414 et
2493 3358 2682 3427 stulto,

2075 3430 2165 3500 qui
2198 3429 2369 3500 nescit
2400 3429 2700 3494 prmvitlere
2727 3431 2777 3484 in
2813 3441 3114 3500 posterum.

2001 3495 2240 3574 Quodet
2270 3499 2337 3552 de
2367 3515 2588 3574 carcere
2617 3495 2936 3574 catenilqne
2969 3501 3244 3558 interdum
3276 3495 3396 3569 quis
3434 3505 3591 3567 cgrc-

2146 3570 2324 3624 diatur
2345 3570 2413 3624 ad
2444 3587 2666 3640 regnum
2697 3589 2713 3629 :

2073 3649 2128 3714 et
2155 3641 2298 3696 alius
2325 3652 2479 3714 natus
2503 3644 2553 3696 in
2583 3660 2774 3714 regno,
2808 3645 2982 3714 inopia
3009 3651 3386 3714 consumatur,

2004 3710 2129 3766 Vidi
2159 3725 2384 3765 eunetos
2413 3710 2675 3780 viventes,
2712 3710 2798 3783 qui
2833 3710 3109 3771 ambulant
3140 3713 3237 3769 Sttb
3263 3713 3380 3766 sole

2077 3798 2200 3859 eum
2227 3784 2576 3840 adulescente
2615 3789 2876 3853 secundo,
2910 3789 3000 3859 qui
3045 3792 3348 3856 consurget
3379 3796 3475 3854 pro
3505 3795 3591 3836 eo.

2005 3853 2252 3929 Infinitus
2277 3869 2536 3929 numerus
2560 3867 2645 3912 est
2683 3859 2870 3929 populi

2074 3928 2341 3991 omnium,
2371 3929 2461 3996 qui
2486 3927 2700 3983 fuerunt
2733 3927 2858 3986 ante
2890 3945 3012 3986 cum
3051 3948 3063 3984 :

2002 3997 2070 4051 Et
2099 3998 2192 4068 qui
2223 4009 2407 4071 postea
2432 4000 2594 4054 futuri
2624 4012 2774 4071 sunt,

2073 4078 2129 4124 et
2156 4085 2262 4123 non
2297 4070 2622 4127 ltetabuatur
2651 4073 2704 4128 in
2728 4070 2792 4129 eo
2827 4091 2843 4131 :

2000 4140 2106 4197 Sed
2137 4149 2190 4196 et
2222 4142 2324 4195 hoc
2355 4144 2567 4199 vanitas

2069 4223 2121 4266 et
2145 4213 2366 4267 afﬂictio
2397 4213 2644 4284 spiritus.

1986 4282 2226 4340 Custodi
2252 4281 2443 4355 pedem
2477 4295 2622 4341 tuum
2656 4287 2968 4360 ingrediens
2999 4285 3220 4343 domum
3249 4283 3340 4338 Dei
3372 4281 3399 4320 ι’
3436 4298 3450 4338 :

371 4463 576 4534 “ﬁEditi
610 4463 756 4527 libri,
785 4464 838 4518 in
861 4465 957 4517 hoc
975 4481 1176 4534 quoque
1203 4465 1400 4519 vanitas
1421 4473 1533 4530 est;
1563 4462 1657 4516 sed
1694 4462 1886 4517 melius
1912 4472 1967 4532 1)
1993 4466 2171 4520 melior
2207 4477 2283 4521 est
2326 4468 2635 4530 obedientia,
2686 4483 2840 4534 quant
2870 4465 3152 4520 stultorum
3184 4462 3392 4518 victima
3422 4478 3442 4517 :
3465 4461 3592 4532 quia

298 4547 361 4586 ac
393 4533 619 4587 Hebraeo
652 4535 819 4602 magis
847 4533 1152 4603 proximum
1196 4536 1337 4604 quod
1371 4551 1468 4589 nos
1501 4534 1770 4589 edidimus
1816 4536 1882 4588 ad

298 4605 457 4658 fidem
490 4604 839 4672 plurimorum
872 4620 1002 4658 mss.
1033 4607 1523 4670 exemplariouum.
1561 4605 1734 4658 Mam.

366 4674 394 4713 ι’
426 4676 542 4731 lluc
569 4675 960 4730 transtulerunt
985 4683 1348 4744 exscriptoros
1376 4691 1590 4729 comma
1630 4675 1768 4728 istud
1802 4675 1883 4730 in-

296 4757 505 4817 tegrum
541 4766 553 4802 :
586 4746 650 4801 Et
672 4747 1064 4819 appropinqua,
1098 4756 1151 4800 ut
1166 4749 1382 4819 audias.
1409 4745 1707 4819 ldquidem
1732 4745 1882 4819 abest

294 4816 619 4889 in’Speculo
645 4816 714 4873 Si
735 4816 1043 4886 Augustini,
1078 4827 1134 4874 et
1161 4818 1214 4872 itt
1255 4832 1358 4873 ms.
1390 4817 1702 4872 Colbertino
1743 4816 1878 4889 Ani-

293 4888 462 4946 εἰειιεί
496 4891 728 4960 positum
773 4899 856 4944 est
899 4889 953 4944 in
1010 4891 1252 4957 margine
1279 4929 1294 4953 ,
1350 4904 1513 4944 manu
1567 4888 1876 4960 recentiori.

292 4959 734 5033 Regiusquoque
763 4969 1054 5028 corruptus
1091 4969 1172 5016 est
1202 4961 1271 5016 ab
1301 4962 1482 5030 aliquo
1509 4959 1880 5026 emendatore,

290 5035 381 5102 qui
418 5036 531 5087 haec
555 5049 711 5088 sacro
744 5034 907 5087 textui
941 5033 1300 5087 intertniscuit
1322 5074 1337 5098 ,
1367 5048 1490 5088 cum
1520 5043 1676 5086 antea
1719 5048 1883 5100 purus

290 5106 562 5174 legeretur
584 5105 787 5173 absque
812 5103 902 5164 tali
933 5103 1324 5158 additamento.
1376 5104 1432 5159 lu
1483 5103 1703 5168 Cauoue
1747 5104 1881 5158 Car-

289 5177 602 5232 cassoncnsi
638 5175 828 5229 eadem
863 5175 1029 5229 verba
1058 5175 1331 5244 leguntur,
1377 5175 1472 5230 sed
1505 5186 1654 5229 extra
1685 5175 1880 5230 seriem

287 5255 344 5302 ει
370 5262 529 5316 supra
561 5255 880 5300 contextum
912 5246 1162 5315 imposita
1194 5262 1207 5301 :
1243 5247 1295 5300 in
1335 5247 1659 5302 Memmiana
1700 5257 1881 5301 autem

289 5321 495 5385 positus
519 5317 711 5371 visitur
735 5317 874 5371 idem
898 5319 1200 5372 Versiculus
1228 5318 1543 5372 inconfusus
1565 5358 1580 5384 ,
1615 5333 1676 5372 ac
1706 5319 1881 5386 primo

287 5391 546 5444 linearum
569 5389 752 5443 ductu.
780 5387 1069 5442 Sciendum
1101 5401 1278 5442 tamen
1313 5390 1415 5444 hoc
1437 5399 1736 5444 mutuatum
1758 5403 1880 5444 esse

287 5477 352 5516 ex
385 5461 623 5516 editione
651 5457 841 5515 Graeca
873 5457 1014 5514 LXX
1047 5459 1408 5530 interpretum
1431 5503 1446 5526 ,
1489 5469 1581 5514 aut
1623 5479 1687 5513 ex
1715 5458 1879 5514 Com-

290 5532 571 5588 mentariis
627 5530 941 5602 iliet'onymi
995 5533 1046 5602 in
1103 5532 1508 5596 Ecclesiasten,
1567 5533 1652 5587 ubi
1711 5530 1880 5600 magis

285 5603 640 5674 Septuaginta
680 5601 1067 5657 consuetudini
1125 5618 1183 5658 se
1239 5604 1511 5672 cooptavit
1548 5622 1558 5654 :
1600 5603 1687 5657 hic
1735 5619 1878 5658 enim

285 5674 620 5760 sutfn-ieuter
660 5689 949 5742 expressus
982 5683 1076 5760 _est
1129 5685 1306 5729 textus
1364 5675 1663 5731 llebraicus
1712 5683 1879 5760 :VP't

282 5761 388 5828 i131
413 5750 645 5826 εὔνοοι-ι
678 5777 814 5826 nm
841 5750 1015 5830 ιτωὸ
1043 5767 1263 5822 vocarob
1308 5768 1557 5823 liseltmoa
1610 5769 1679 5822 mi
1722 5750 1876 5822 It/teilt

284 5836 581 5892 Itakkest'lim
603 5836 824 5906 zabahlt,
857 5853 950 5908 per
979 5839 1094 5894 hinc
1115 5837 1305 5895 Latina
1328 5841 1513 5912 verba,
1544 5838 1710 5895 multo
1735 5839 1874 5895 enim

1988 4539 2130 4605 apud
2182 4538 2442 4593 Hebrasos
2488 4540 2808 4607 propinquus
2855 4538 2924 4590 ad
2971 4535 3328 4599 audiendum,
3379 4543 3435 4588 et
3473 4534 3591 4587 obe-

1989 4609 2135 4661 diens
2183 4626 2348 4664 unum
2401 4617 2458 4664 et
2488 4609 2632 4664 idem
2685 4613 2831 4663 sunt.
2866 4608 3045 4662 ΜΑιιτ.
3070 4637 3144 4648 -
3179 4607 3312 4674 Quae
3349 4620 3587 4673 sequun-

1989 4687 2075 4732 tur
2127 4681 2284 4748 bujus
2321 4679 2573 4735 versiculi
2604 4681 2656 4735 in
2689 4679 2921 4735 Hebrteo
2955 4679 3257 4750 archetypo
3287 4677 3473 4742 verba,
3507 4675 3588 4730 sic

1985 4784 2046 4827 se
2123 4772 2322 4828 habent
2385 4776 2586 4856 7mm
2650 4755 2886 4832 utSt-Sa
2947 4785 2961 4830 :
3029 4781 3277 4855 quem
3347 4751 3536 4828 v-im‘)
3568 4809 3584 4835 ,

1984 4880 2105 4936 quae
2164 4867 2242 4922 sic
2290 4867 2355 4922 ad
2404 4868 2628 4923 verbum
2683 4868 3132 4932 interpretantur,
3199 4874 3246 4920 et
3301 4862 3589 4936 appmpinf

1927 4949 1930 4952 ’
1987 4933 2087 5004 qua
2117 4940 2186 4992 ad
2229 4939 2570 5005 audiendum,
2616 4955 2680 4994 ne
2711 4941 2798 4994 des
2830 4939 2961 5006 (vel,
2986 4938 3150 5008 magis
3189 4933 3345 5008 quani
3373 4933 3441 4988 iul

1987 5008 2264 5064 stultorum
2328 5010 2662 5078 sacriﬁcium.
2721 5011 2780 5066 S.
2839 5005 3210 5078 Vllierony'mus'
3256 5007 3436 5077 priora
3489 5005 3582 5059 illa

1988 5097 2108 5153 qua:
2130 5081 2386 5146 diximus,
2403 5092 2448 5137 et
2474 5082 2836 5153 apprOpinqua
2864 5083 2933 5134 ad
2961 5080 3303 5142 audiendum,
3330 5092 3572 5153 commo-

1987 5147 2059 5206 do
2089 5153 2219 5207 satis
2246 5167 2410 5209 sensu
2449 5147 2517 5208 ex
2545 5147 2805 5208 llebraiea
2838 5153 3339 5222 interpretatusest
3371 5147 3574 5222 phrasi,

1987 5224 2154 5300 multo
2198 5226 2499 5300 meliorest
2537 5224 2845 5300 obedienlia,
2881 5219 3021 5300 quod
3057 5231 3158 5300 est,
3193 5221 3374 5292 eligito
3415 5219 3581 5300 magis

1988 5296 2188 5359 audire,
2219 5297 2331 5366 sive
2353 5296 2575 5352 obedire.
2605 5296 2740 5351 Hinc
2763 5292 3132 5366 jurecollegit
3158 5304 3416 5366 anteinos
3455 5292 3582 5366 edi-

1992 5376 2076 5421 tor
2102 5365 2508 5432 Bcncdictinus,
2543 5361 2962 5422 tninime'videri
2996 5361 3422 5436 Hieronytniana
3446 5361 3573 5436 illa,

1987 5447 2033 5490 et
2073 5439 2456 5510 appmpinqua,
2489 5447 2543 5491 ut
2593 5439 2799 5505 audias,
2852 5447 3126 5510 qttrceum
3171 5432 3576 5510 ttissaquidam,

1991 5505 2115 5562 tum'
2142 5505 2272 5584 editi
2302 5505 2883 5584 omnesinterserunt,
2905 5505 3257 5584 subsequenti
3287 5505 3581 5584 sintulnre—

1987 5589 2135 5634 tenta
2171 5583 2641 5650 interpretatione,
2672 5583 2832 5635 multo
2863 5574 2998 5636 enim
3029 5574 3211 5632 melior
3237 5574 3578 5650 estiobedien-

1983 5651 2080 5715 tia,
2113 5667 2232 5721 qua:
2277 5649 2521 5719 eiusdem
2563 5654 2614 5707 in
2649 5652 2916 5708 liebraico
2953 5651 3238 5706 sententia:
3279 5649 3467 5721 altera‘
3492 5653 3576 5700 est

1981 5713 2284 5800 expositio.
2307 5713 2564 5800 N_ota_tutn
2588 5739 2825 5800 quoque,
2857 5724 2948 5780 illa
2977 5722 3030 5780 in
3054 5721 3112 5791 S.
3134 5713 3572 5792 AugustiniSpe-

1981 5795 2104 5851 culo
2133 5809 2242 5850 non
2273 5795 2481 5852 haberi.
