4082 6354
562 285 703 346 1279

1563 288 1621 345 S.
1663 283 2048 345 HIERONYMI
2088 284 2318 343 DlVlN.\
2362 282 2836 342 BlBLlOTHECA.

3677 287 3789 348 1280

638 398 812 455 multo
834 401 981 457 enim
1004 400 1201 457 melior
1220 408 1304 456 est
1326 398 1661 468 obedientia,
1680 414 1839 471 quam
1866 400 2155 456 stultorum
2182 400 2233 462 Α
2264 398 2379 467 Vir,
2424 400 2510 455 cui
2534 398 2689 455 dedit
2719 399 2865 454 Deus
2896 396 3112 455 divitias
3134 437 3150 466 ,
3182 405 3238 455 et
3262 397 3603 458 substantiam
3637 413 3685 461 et
3710 405 3787 463 lio-

715 471 966 537 victimae,

655 545 749 613 qui
774 544 1021 600 nesciunt
1042 543 1169 615 quid
1198 542 1395 615 faciant
1426 542 1571 597 mali.

574 613 729 687 [Cap.
761 615 849 687 V.]
874 615 949 670 Nc
975 613 1178 671 temere
1203 614 1327 687 quid
1353 615 1608 687 loquaris,

656 685 952 756 neque'cor
978 696 1124 743 tuum
1153 689 1222 742 sit
1247 686 1405 742 velox
1434 685 1499 740 ad
1530 686 1917 757 proferendum
1950 700 2158 743 sermo-

715 773 836 815 nem
860 774 1041 813 coram
1069 760 1197 814 Deo.

579 829 721 885 Deus
741 830 883 885 enim
912 830 965 884 in
994 831 1154 896 cmlo,
1180 840 1233 885 et
1260 838 1315 884 tu
1347 844 1510 898 super
1542 838 1741 885 terram
1780 852 1793 884 :

642 900 842 957 idcirco
880 902 987 955 sint
1017 902 1170 971 pauci
1194 916 1477 957 sermones
1511 901 1609 955 tui.

582 971 778 1027 Multas
803 986 961 1027 curas
991 984 1289 1042 sequuntur
1316 973 1549 1036 somnia,

643 1051 699 1096 et
727 1043 780 1097 in
812 1044 990 1098 multis
1018 1046 1360 1100 sermOuibus
1388 1044 1659 1099 invenitur
1685 1043 1935 1099 stultitia.

576 1112 632 1169 Si
662 1114 790 1184 quid
823 1116 1014 1171 vovisti
1040 1116 1173 1176 Deo.
1208 1134 1273 1169 ne
1305 1119 1535 1171 moreris
1567 1116 1793 1171 reddere
1826 1132 1841 1167 :

640 1186 894 1256 displicet
915 1189 1060 1242 enim
1091 1189 1137 1242 ei
1163 1187 1401 1243 inﬁdelis
1432 1197 1482 1240 et
1509 1188 1673 1241 stulta
1704 1184 2035 1258 promissio:

642 1258 741 1330 sed
776 1258 1158 1330 quodcumque
1192 1258 1425 1320 voveris,
1459 1258 1647 1313 redde.

576 1325 852 1397 Multoqee
883 1325 1084 1385 melius
1100 1342 1183 1385 est
1210 1346 1314 1383 non
1345 1345 1561 1395 vovere,

645 1415 807 1467 quam
832 1410 954 1469 post
974 1411 1157 1457 votum
1182 1402 1447 1471 promissa
1481 1416 1585 1455 non
1618 1399 1865 1456 reddere.

571 1468 650 1527 Ne
675 1468 891 1527 dederis
916 1488 977 1528 os
1001 1468 1258 1540 tunm,'ut
1285 1486 1509 1537 peccare
1543 1472 1707 1526 facias
1729 1487 1947 1528 carnem
1974 1482 2115 1526 tuam
2139 1488 2155 1526 :

648 1558 821 1613 neque
850 1544 997 1599 dicas
1026 1560 1209 1599 coram
1238 1544 1430 1612 angelo
1465 1562 1475 1597 :
1510 1543 1625 1598 Non
1658 1553 1742 1598 est
1774 1543 2109 1613 providentia
2138 1557 2154 1599 :

575 1610 653 1668 Nc
677 1610 817 1670 forte
842 1615 1009 1670 iratus
1043 1618 1181 1671 Deus
1204 1610 1369 1685 super
1391 1630 1647 1671 sermone
1677 1610 1789 1680 tuo,

649 1685 875 1757 dissipet
903 1696 1095 1742 cuncta
1120 1703 1284 1757 opera
1316 1701 1573 1742 manuum
1606 1696 1840 1741 tuarum.

576 1754 679 1811 Ubi
709 1754 878 1812 multa
908 1770 1033 1814 sunt
1058 1754 1290 1823 somnia,

645 1827 892 1897 plurima:
924 1831 1209 1897 vanitates,
1231 1838 1284 1885 et
1313 1843 1593 1886 sermones
1622 1828 1889 1885 innumeri
1924 1846 1936 1881 :

645 1910 700 1953 tu
730 1914 859 1956 vero
884 1900 1054 1957 Deum
1083 1904 1211 1957 time
1236 1918 1249 1955 :

644 1969 948 2097 Sidvi‘deris
997 1973 1298 2029 calumnias
1338 1988 1659 2045 egenorum,
1688 1982 1744 2029 et
1788 1972 2028 2029 violenta
2070 1972 2159 2044 ju-

758 2059 881 2097 lCla.

758 2059 881 2108 tela,

651 2124 703 2168 et
724 2116 964 2187 subverti
988 2115 1252 2187 justitiam
1278 2118 1330 2173 in
1364 2116 1671 2187 provincia,

592 2181 711 2238 Non
728 2186 958 2259 mireris
988 2181 1150 2258 Super
1181 2188 1282 2244 hoc
1312 2181 1528 2259 negotio
1562 2206 1576 2241 :

648 2254 775 2324 quia
817 2260 1037 2313 excelso
1058 2254 1206 2314 'alius
1243 2254 1507 2316 excelsior
1538 2268 1658 2326 est,

578 2324 647 2381 Et
668 2342 833 2400 super
858 2330 956 2383 hos
988 2344 1200 2400 quoque
1229 2334 1615 2387 eminentiores
1642 2324 1772 2386 sunt
1798 2329 1914 2397 alii,

648 2407 704 2452 et
723 2398 945 2467 insuper
973 2398 1240 2457 universae
1285 2413 1443 2458 terrae
1476 2418 1569 2457 rex
1601 2403 1829 2471 imperat
1872 2399 2155 2457 servienti.

576 2465 788 2525 Avarus
816 2465 923 2525 non
954 2473 1264 2541 implehitur
1285 2474 1510 2541 pecunia
1545 2490 1558 2527 :

647 2549 701 2594 et
725 2541 814 2616 qui
843 2553 988 2598 amat
1015 2544 1253 2613 divitias,
1283 2544 1491 2602 fruetus
1518 2559 1625 2601 non
1654 2544 1836 2616 capiet
1862 2558 1929 2599 ex
1955 2542 2058 2613 eis,

647 2610 826 2685 ethoc
854 2628 985 2685 ergo
1010 2610 1243 2672 vanitas.

575 2679 678 2737 Ubi
710 2684 891 2757 multa:
918 2679 1043 2741 sunt
1071 2702 1225 2757 opes,

647 2754 802 2808 multi
828 2768 879 2810 et
911 2760 1001 2825 qui
1031 2754 1322 2815 comedunt
1357 2774 1471 2814 eas.

580 2821 647 2879 Et
673 2825 799 2897 quid
833 2821 1055 2897 prodest
1084 2831 1405 2897 possessori,

646 2896 747 2950 nisi
770 2896 913 2967 quod
935 2896 1110 2955 cernit
1136 2900 1352 2957 divitias
1380 2900 1551 2957 oculis
1579 2900 1737 2955 suis?

576 2963 761 3047 Dulcis
786 2963 869 3024 est
897 2984 1119 3047 somnus
1149 2972 1417 3047 operanti,

648 3043 765 3094 sive
786 3054 1010 3109 parum,
1043 3044 1157 3099 sive
1187 3043 1413 3099 inultum
1445 3043 1697 3099 comedat
1732 3060 1746 3101 :

652 3112 910 3167 saturitas
932 3123 1113 3169 autem
1147 3114 1326 3170 divitis
1357 3132 1461 3170 non
1492 3116 1620 3170 sinit
1649 3115 1889 3169 dormire
1914 3128 2061 3169 eum.

577 3176 754 3258 Est__et_
782 3182 889 3258 alia
920 3182 1208 3243 inﬁrmitas
1233 3188 1485 3258 pessima,
1525 3202 1684 3258 quam
1715 3186 1825 3258 vidi
1864 3187 1963 3241 sub
1994 3184 2110 3240 sole
2141 3198 2154 3237 :
2187 3176 2234 3240 C

647 3251 852 3308 divitia:
875 3270 1209 3312 conservata:
1233 3251 1294 3313 in
1326 3258 1523 3313 malum
1547 3251 1759 3312 domini
1788 3259 1870 3313 sui
1906 3274 1919 3311 :

650 3336 878 3391 pereunt
905 3328 1051 3383 enim
1084 3330 1135 3383 in
1163 3328 1457 3384 afﬂictione
1482 3328 1714 3397 pessima
1750 3346 1764 3382 :

584 3392 879 3471 Generavit
909 3398 1101 3466 ﬁlium,
1130 3403 1220 3471 qui
1249 3403 1301 3456 in
1329 3392 1540 3457 summa
1570 3410 1810 3470 egestate
1838 3399 1943 3455 erit
1977 3416 1988 3451 :

647 3466 790 3523 sicut
814 3484 1067 3539 egressus
1094 3466 1177 3528 est
1206 3472 1386 3528 nudus
1413 3473 1480 3527 dc
1510 3466 1665 3526 utero
1697 3472 1884 3527 matris
1910 3486 2046 3537 sua),
2079 3469 2161 3527 sic

719 3550 1048 3609 revertetur,

637 3617 703 3689 .et
730 3610 1093 3689 nihilauferet
1122 3629 1305 3689 secum
1337 3614 1406 3689 de
1436 3614 1620 3670 labore
1643 3628 1765 3670 suo.

581 3677 906 3737 Miscrabilis
936 3700 1155 3752 prorsus
1186 3687 1471 3742 inﬁrmitas
1496 3702 1510 3739 :

650 3765 759 3830 quo
788 3754 951 3809 modo
973 3762 1146 3830 venit,
1178 3760 1260 3814 sic
1289 3764 1613 3830 revertetur.

578 3819 716 3887 Ωιιῑά
745 3836 876 3904 ergo
887 3819 1198 3949 (prodestlei
1228 3829 1376 3901 quod
1401 3828 1664 3884 laboravit
1694 3827 1747 3883 in
1776 3835 2025 3892 ventum,

651 3902 862 3949 cunctis
925 3897 1078 3949 Iebus
1107 3910 1229 3949 vita:
1252 3916 1363 3949 sum
1380 3902 1404 3949 ‘I

651 3898 862 3949 cunctis
887 3897 1078 3953 diebus
1107 3899 1229 3955 vitae
1245 3897 1404 3955 sum?

581 3959 831 4045 Comedit
854 3966 906 4021 in
938 3969 1172 4023 tenebris
1198 3973 1329 4045 etin
1358 3972 1506 4045 euris
1530 3970 1734 4039 multis,

649 4042 782 4109 etin
805 4053 1047 4093 anrumna
1076 4048 1237 4109 atque
1262 4042 1501 4097 triStitia.

578 4104 694 4162 lloc
718 4106 897 4179 itaque
927 4108 1059 4165 mihi
1087 4104 1258 4167 visum
1286 4123 1369 4167 est
1399 4114 1619 4179 bonum,

650 4185 708 4231 ut
727 4180 977 4235 comedat
1002 4183 1143 4252 quis,
1176 4191 1231 4238 et
1253 4183 1421 4250 bibat,

650 4258 708 4304 ct
727 4252 934 4307 l'ruatur
962 4252 1143 4310 la-titia
1171 4271 1237 4311 ex
1268 4256 1454 4311 labore
1482 4269 1580 4312 suo
1598 4294 1615 4323 ,

648 4335 757 4391 quo
780 4323 1046 4396 laboravit
1074 4327 1193 4396 ipse
1218 4327 1319 4381 sub
1350 4328 1488 4395 sole,

576 4389 812 4449 Numero
835 4394 1042 4450 dierum
1074 4389 1197 4454 vita:
1229 4413 1363 4466 sum,

644 4480 781 4532 quos
808 4466 957 4522 dedit
985 4470 1033 4522 ei
1060 4468 1203 4525 Deus
1235 4486 1250 4523 :

644 4543 702 4589 et
731 4537 845 4592 tunc
860 4554 984 4607 pars
1014 4538 1182 4595 illius.
1708 4576 1711 4579 λ

575 4604 643 4661 Ει
670 4608 819 4663 omni
849 4604 1077 4677 homini,
1101 4613 1186 4667 cui
1217 4612 1365 4669 dedit
1393 4612 1537 4669 Deus
1571 4612 1815 4680 divitias,
1845 4620 2010 4681 atque
2030 4613 2160 4669 sub-

714 4682 986 4749 stantiam,

644 4759 1076 4824 potestatemque
1098 4756 1147 4811 ei
1183 4755 1368 4812 tribuit
1400 4765 1455 4811 ut
1480 4756 1731 4811 comedat
1753 4772 1819 4811 ex
1850 4757 1962 4821 eis,

641 4831 694 4896 et
723 4818 934 4896 fruatur
957 4818 1112 4896 parte
1144 4843 1237 4883 sua
1256 4868 1272 4895 ,
1297 4840 1351 4883 et
1379 4828 1593 4883 laetetur
1624 4830 1690 4883 de
1723 4829 1908 4885 labore
1936 4818 2036 4884 suo
2071 4845 2083 4881 :

644 4891 745 4947 hoc
774 4901 859 4949 est
884 4891 1085 4952 donum
1115 4898 1229 4954 Dei.

571 4959 685 5017 Non
715 4966 873 5039 enim,
904 4969 1036 5039 satis
1063 4968 1439 5026 recordabitnr
1466 4970 1675 5025 dierum
1704 4970 1827 5025 vita!
1858 4985 1971 5026 suae
1990 5013 2004 5039 ,

620 5048 707 5119 ‘eo
735 5037 877 5119 qugd
905 5038 1049 5119 ρεαδ
1075 5050 1307 5119 occupet
1329 5041 1542 5119 deliciis
1572 5056 1666 5095 cor
1693 5042 1830 5119 ejus.

570 5102 721 5175 [ϐαρ.
752 5102 869 5182 VL]
906 5109 1002 5164 Est
1028 5120 1085 5167 et
1112 5102 1258 5167 aliu'd
1293 5113 1490 5166 malum
1518 5154 1531 5178 ,
1566 5113 1709 5181 quod
1723 5102 1840 5170 'vidi
1868 5114 1970 5171 sub
1995 5113 2109 5171 sole
2135 5155 2152 5182 ,

639 5187 689 5229 et
713 5178 929 5247 quidem
961 5182 1217 5255 frequens
1249 5182 1390 5254 apud
1421 5178 1669 5239 homines
1701 5202 1716 5240 :

643 5412 670 5441 ι
695 5401 815 5486 Non
838 5402 999 5486 habet
1030 5406 1290 5464 Hebraeus
1312 5409 1540 5486 verbum
1564 5409 1721 5486 ﬁlios,
1744 5410 1886 5481 quod
1906 5413 2155 5486 nonnulli

569 5489 701 5556 ms_s_.
759 5476 843 5556 hic
877 5476 1115 5556 retinent
1168 5494 1290 5556 eum
1339 5476 1871 5556 editis._:illan'r.i_—_-
1927 5484 2151 5556 Vulgata

567 5546 846 5621 subjungit
870 5546 1077 5615 liberos,
1100 5551 1315 5621 quidam
1350 5566 1479 5605 mss.
1514 5551 1650 5621 ﬁlios
1676 5568 1694 5606 :
1725 5553 1859 5608 nihil
1891 5546 2156 5614 vero'lle-

567 5620 745 5675 braeus
776 5630 975 5676 textus.

569 5721 615 5768 η.
640 5688 668 5727 δ
708 5690 765 5768 l_n
797 5692 1007 5762 aliquot
1037 5705 1163 5768 mss.
1195 5693 1475 5768 codicibus
1518 5694 1735 5765 legitur,
1785 5698 1908 5765 quid
1952 5701 2156 5768 futurus

570 5761 976 5837 s_it.__thterum
1038 5763 1175 5818 hanc
1229 5761 1863 5837 divisionem'versuum
1916 5761 2160 5837 agnoscit

571 5835 629 5887 ὃ.
658 5831 1039 5904 Hieronymus,
1075 5850 1199 5891 cum
1240 5838 1312 5891 ait
1345 5854 1357 5892 :
1400 5834 1453 5891 Ν
1460 5837 1754 5892 orissimunt
1788 5831 2158 5912 veriult‘tﬂpﬂ"

2188 1795 2239 1858 Β

2406 487 2619 535 norem,

2331 549 2387 598 et
2402 543 2556 669 :ihilt
2587 542 2742 598 deest
2770 544 2966 599 anima:
2994 542 3113 612 ejus
3136 582 3151 609 ,
3178 557 3247 599 ex
3274 542 3522 599 omnibus
3546 560 3653 616 qua:
3670 547 3788 605 desi-

2440 631 2531 668 era
2590 631 2605 669 ζ

2440 624 2556 669 erat
2590 631 2605 671 ἒ

2262 684 2371 741 Nec
2405 686 2588 741 tribuit
2614 686 2663 741 ei
2690 696 3006 755 potestatem
3040 686 3179 740 Deus
3209 696 3264 740 ut
3294 686 3537 742 comedat
3556 703 3615 744 ex
3640 706 3715 746 eo.

2331 757 2427 812 sed
2459 758 2620 811 homo
2644 766 2933 813 extrancus
2965 758 3184 811 vorabit
3212 756 3341 811 illud
3371 776 3384 811 :

2334 827 2445 884 lloc
2474 831 2709 897 vanitas,
2745 839 3002 900 etmagna
3037 828 3253 883 miseria
3284 837 3390 885 est.

2262 897 2320 956 Si
2346 900 2591 969 genuerit
2619 903 2882 971 quiSpiant
2906 897 3127 956 centum
3163 912 3213 966 υ,

2331 982 2385 1026 et
2407 973 2605 1027 vixerit
2636 972 2835 1028 multos
2860 986 3053 1038 annos,

2332 1053 2387 1097 et
2420 1043 2600 1112 plures
2630 1042 2746 1099 dies
2773 1045 2949 1098 anatis
2984 1043 3254 1107 habuerit,

2334 1116 2574 1169 etanima
2592 1114 2734 1169 illius
2758 1132 2864 1170 non
2886 1124 3065 1169 utatur
3088 1115 3243 1170 bonis
3271 1112 3578 1170 substantia:
3596 1130 3714 1185 sure,

2332 1187 2717 1256 sepulturaque
2744 1196 2926 1242 careat
2951 1204 2964 1240 :

2265 1256 2339 1313 De
2371 1257 2473 1313 hoc
2502 1273 2602 1327 ego
2630 1260 2924 1326 pronuntio

2332 1330 2475 1397 quod
2506 1329 2698 1384 melior
2729 1330 2821 1384 illo
2851 1330 2924 1384 sit
2947 1328 3251 1383 abortivus.

2267 1399 2491 1455 Frustra
2514 1402 2659 1455 enim
2691 1402 2859 1465 venit,
2892 1410 2947 1455 et
2977 1401 3154 1470 pergit
3175 1400 3241 1453 ad
3277 1399 3544 1469 tenebras,

2331 1481 2387 1526 et
2415 1472 2687 1527 oblivione
2718 1472 2989 1528 delebitnr
3017 1486 3216 1527 nomen
3246 1471 3386 1541 ejus.

2261 1541 2377 1598 Non
2403 1544 2536 1598 vidit
2560 1543 2728 1598 splem
2750 1586 2765 1610 ,

2335 1631 2509 1684 neque
2540 1615 2793 1683 cognovit
2814 1614 3124 1669 distantiam
3147 1613 3273 1669 boni
3297 1612 3507 1684 etmali
3536 1629 3550 1666 :

2264 1683 2491 1742 Etiamsi
2520 1686 2733 1741 duobus
2756 1687 2993 1741 millibus
3016 1688 3171 1740 annis
3197 1683 3420 1749 vixerit,

2336 1768 2391 1812 et
2422 1774 2528 1813 non
2560 1757 2721 1814 fuerit
2752 1757 3043 1827 perlruitus
3070 1757 3225 1811 bonis
3259 1773 3271 1809 :

2340 1845 2519 1885 nonne
2542 1830 2608 1884 ad
2638 1824 2799 1884 unum
2830 1829 3006 1883 locum
3032 1836 3328 1899 pmperant
3353 1824 3571 1882 omnia?

2265 1900 2453 1957 Omnis
2495 1902 2645 1956 labor
2673 1900 2909 1955 hominis
2941 1902 2992 1953 in
3026 1914 3123 1954 ore
3154 1900 3270 1968 ejus
3300 1916 3315 1954 :

2336 1972 2431 2026 sed
2454 1972 2631 2027 anima
2659 1973 2803 2027 illius
2834 1988 2938 2026 non
2970 1970 3301 2039 implebitur.

2264 2042 2403 2111 Quid
2435 2044 2595 2099 habet
2623 2044 2857 2112 amplius
2884 2040 3102 2112 sapiens
3131 2060 3159 2095 a
3184 2042 3354 2096 stulto
3382 2040 3405 2093 ἲ

2334 2125 2390 2170 et
2412 2115 2536 2185 quid
2579 2130 2802 2184 pauper,
2828 2114 2931 2169 nisi
2964 2123 3021 2168 ut
3049 2124 3239 2183 pergat
3271 2112 3424 2179 illuc,

2336 2186 2427 2240 ubi
2459 2197 2543 2243 est
2570 2187 2721 2240 vita?

2263 2256 2450 2312 Melius
2480 2267 2563 2312 est
2597 2256 2781 2313 videre
2816 2255 2960 2327 quod
2988 2256 3197 2327 cupias,

2334 2344 2494 2399 quam
2522 2326 2843 2384 desiderare
2861 2326 3005 2396 quod
3035 2327 3277 2389 nescias;

2263 2398 2370 2455 Sed
2402 2409 2458 2455 et
2481 2398 2584 2455 hoc
2614 2402 2822 2454 vanitas
2850 2407 2957 2463 est,

2333 2477 2390 2526 et
2410 2471 2762 2540 praesumptio
2790 2470 3035 2539 spiritus.

2262 2541 2365 2611 Qui
2391 2537 2603 2597 futurus
2625 2537 2729 2608 est,
2755 2537 2870 2611 jam
2893 2550 3144 2596 vocatum
3175 2548 3261 2597 est
3285 2553 3491 2596 nomen
3517 2537 3628 2609 ejus
3656 2558 3671 2593 :

2334 2626 2390 2668 et
2417 2616 2586 2669 scitur
2612 2615 2757 2685 quod
2786 2615 2948 2668 homo
2977 2613 3068 2685 sit,

2336 2694 2391 2740 ct
2427 2701 2535 2739 non
2569 2679 2742 2755 possit
2771 2692 2958 2740 contra
2992 2683 3275 2739 fortiorem
3304 2698 3369 2740 se
3406 2683 3459 2738 in
3484 2679 3674 2754 judicio
3698 2693 3805 2733 con-

2409 2756 2651 2812 tendere.

2265 2826 2439 2882 Vcrba
2467 2838 2589 2882 sunt
2620 2827 2847 2896 plurima
2872 2871 2886 2895 ,

2335 2899 2555 2953 multam
2590 2900 2639 2953 in
2662 2897 2983 2967 diSputando
3012 2896 3262 2953 habentia
3283 2896 3593 2951 vanitatem.

2264 2968 2419 3043 [Cap.
2471 2969 2605 3041 Vll.]
2628 2971 2767 3037 Quid
2796 2984 3022 3025 necesse
3047 2980 3130 3024 est
3161 2968 3375 3025 homini
3400 2967 3598 3038 majora
3618 2978 3670 3019 se
3693 2974 3812 3033 qua:-

2409 3056 2558 3106 rere,

2334 3128 2453 3167 cum
2480 3114 2693 3184 ignoret
2720 3113 2848 3184 quid
2865 3110 3131 3184 conducat
3153 3111 3253 3184 sibi
3284 3111 3401 3164 vita
3430 3123 3547 3176 sua,

2337 3183 2561 3240 numero
2586 3183 2792 3240 dierum
2812 3183 3258 3255 peregrinationis
3274 3196 3392 3237 sua:
3407 3223 3423 3246 ,

2339 3266 2652 3327 cttempore
2678 3250 2827 3325 quod
2846 3250 2997 3309 velut
3024 3254 3212 3308 umbra
3241 3250 3532 3325 praeterit?

2266 3328 2373 3383 Aut
2401 3326 2533 3397 quis
2549 3330 2597 3383 ei
2626 3328 2825 3397 poterit
2848 3326 3089 3380 indicare

2338 3394 2463 3469 quid
2490 3394 2764 3470 post'eum
2795 3398 3030 3470 futurum
3060 3395 3161 3450 sub
3187 3394 3305 3452 sole
3335 3394 3448 3450 sit?
3690 3459 3699 3468 '

2265 3468 2456 3525 Melius
2484 3468 2571 3525 est
2594 3485 2793 3525 nomen
2830 3468 3054 3531 bonum,
3082 3484 3240 3539 quam
3275 3472 3553 3538 unguenta
3579 3470 3819 3535 pretiosa:

2337 3554 2389 3597 et
2423 3541 2538 3597 dies
2571 3542 2763 3597 mortis
2790 3540 2878 3595 die
2905 3539 3221 3593 nativitatis.

2266 3612 2457 3668 Melius
2487 3623 2570 3668 est
2600 3615 2677 3667 ire
2704 3612 2771 3667 ad
2793 3612 3011 3667 domum
3036 3612 3235 3677 luctus,

2335 3700 2496 3755 quam
2520 3684 2587 3739 ad
2608 3685 2826 3739 domum
2850 3681 3088 3737 convivii
3122 3699 3138 3735 :
3220 3750 3232 3755 _
3537 3749 3548 3755 _
3662 3746 3672 3755 ,

2268 3755 2322 3811 In
2354 3749 2449 3810 illa
2475 3758 2619 3811 enim
2657 3755 2778 3809 ﬁnis
2818 3766 3137 3809 cunctorum
3168 3750 3500 3807 admonetur
3537 3749 3819 3809 hominum,

2337 3837 2393 3883 ct
2416 3828 2603 3883 vivens
2629 3827 2831 3897 cogitat
2867 3825 2997 3897 quid
3022 3823 3050 3864 ι)
3080 3823 3320 3879 futurum
3342 3824 3438 3879 sit.

2265 3897 2455 3954 Melior
2476 3910 2560 3952 est
2587 3898 2665 3953 ira
2700 3898 2813 3952 risu
2838 3913 2852 3951 :

2336 3972 2462 4041 quia
2490 3986 2586 4040 per
2613 3968 2881 4025 tristitiam
2912 3967 3092 4023 vultus
3118 4010 3134 4036 ,
3163 3965 3465 4038 corrigitur
3496 3963 3699 4021 animus
3734 3956 3816 4013 de-

2408 4041 2722 4111 linquentis.

2263 4111 2373 4169 Cor
2397 4110 2726 4183 sapientium
2757 4111 2848 4166 ubi
2881 4110 3101 4183 tristitia
3123 4119 3230 4179 est,

2335 4194 2391 4239 et
2415 4182 2512 4239 cer
2537 4187 2827 4241 stultorum
2859 4182 2947 4239 ubi
2972 4182 3185 4237 laztitia.

2264 4256 2454 4313 Melius
2483 4266 2565 4312 est
2596 4273 2624 4310 a
2652 4254 3143 4327 sapientcicorripi,

2335 4342 2497 4398 quam
2528 4321 2820 4383 stultorum
2850 4321 3163 4380 adulatione
3193 4321 3401 4398 decipi.

2264 4388 2400 4468 Quia
2430 4399 2572 4454 sicut
2598 4401 2808 4454 sonitus
2839 4398 3119 4469 spinarum
3148 4388 3458 4451 ardentium
3481 4392 3582 4448 sub
3602 4388 3719 4454 olla,

2336 4473 2414 4527 sic
2440 4472 2580 4526 risus
2610 4469 2761 4525 stulti
2796 4487 2810 4524 :

2337 4543 2433 4598 sed
2459 4551 2515 4597 et
2538 4544 2641 4598 hoc
2662 4544 2895 4595 vanitas.

2265 4614 2549 4671 Calumuia
2581 4614 2871 4669 conturbat
2899 4610 3228 4681 sapientem,

2337 4685 2792 4761 etperdetrobur
2813 4683 2993 4761 cordis
3017 4682 3184 4737 illius.
3326 4750 3339 4761 .
3422 4750 3435 4761 .
3480 4747 3494 4761 .

2265 4750 2454 4815 Melior
2481 4766 2567 4811 est
2598 4757 2721 4811 linis
2749 4754 3035 4821 orationis,
3066 4767 3225 4823 quam
3256 4750 3608 4821 principium.

2339 4828 2534 4883 melior
2564 4838 2649 4883 est
2676 4827 2887 4896 patiens
2918 4835 3228 4895 arrogante.

2263 4899 2341 4956 Ne
2366 4902 2523 4954 velox
2556 4900 2630 4955 sis
2652 4898 2717 4952 ad
2747 4898 3090 4953 irascendum
3121 4913 3135 4948 :

2334 4970 2461 5043 quia
2494 4973 2572 5026 ira
2596 4972 2649 5043 in
2674 4970 2797 5043 sinu
2828 4969 2976 5023 stulti
3011 4966 3322 5036 requiescit.

2264 5040 2518 5101 Ne'dicas
2551 5059 2566 5096 :
2596 5040 2758 5108 Quid,
2786 5050 2965 5111 putas.
2993 5053 3171 5111 causre
3199 5048 3284 5093 est

2336 5113 2478 5187 quod
2523 5106 2706 5185 priora
2746 5106 3001 5183 tempora
3042 5110 3272 5166 meliora
3311 5106 3475 5164 fuere
3511 5117 3670 5177 quam
3710 5108 3831 5154 nunc

2406 5187 2577 5244 sunt?

2260 5415 2359 5470 tius
2408 5413 2775 5483 interpretatus
2826 5417 2899 5463 est
2940 5406 3327 5483 Symmachus“,
3380 5405 3561 5483 dicens
3605 5420 3622 5456 :
3671 5398 3734 5454 Et
3758 5396 3830 5483 qui

2260 5487 2403 5548 vivit,
2437 5477 2673 5544 respiciet
2708 5481 2776 5534 ad
2804 5477 3043 5534 mentem.
3089 5477 3222 5533 Vide
3266 5477 3465 5532 librum
3521 5478 3831 5548 Commenta-

2263 5545 2464 5613 riorum
2490 5554 2801 5622 Hieronymi
2850 5552 2903 5605 in
2957 5559 3119 5619 caput
3164 5548 3456 5619 septimum
3492 5545 3830 5622 Ecclesiaste,

2264 5637 2318 5682 et
2346 5627 2631 5697 Speculum
2658 5620 2714 5679 S.
2743 5622 3217 5697 Augustini;_quia
3252 5622 3477 5673 omnino
3500 5620 3602 5697 sibi
3632 5627 3833 5697 Consert-

2266 5692 2401 5753 ιιιιηὶ
2426 5698 2561 5751 infra
2585 5710 2728 5749 vers.
2761 5696 2793 5749 8
2820 5704 2873 5747 et
2908 5693 2972 5748 '10
2998 5692 3235 5760 Vulgata:
3264 5698 3505 5753 nostrae;
3541 5692 3591 5744 id
3633 5696 3737 5762 est,
3781 5698 3825 5762 in

2267 5770 2659 5824 versiculorum
2682 5766 3053 5831 distinctione,
3075 5758 3235 5834 quam
3257 5764 3494 5818 Cononis
3516 5758 3825 5828 exemplaria

2267 5841 2523 5898 retinent.
2556 5838 2737 5896 Mans.
