4082 6354
536 320 679 383 1285

615 449 670 492 et
701 444 826 508 post
852 436 970 508 hinc
989 434 1055 491 ad
1088 433 1292 492 inferos
1317 431 1681 490 deducuntur.
1764 486 1771 497 ,

552 507 725 591 Nemo
753 518 837 591 est
864 507 960 591 qui
986 523 1203 591 semper
1225 508 1387 591 vivat,

619 589 673 635 et
694 580 785 651 qui
811 575 969 650 hujus
1000 581 1077 635 rei
1109 575 1304 651 habeat
1332 575 1580 632 fiduciam
1613 594 1627 630 :

550 650 744 710 Melior
770 662 854 707 est
883 651 1034 707 canis
1064 653 1216 707 vivus
1250 650 1407 704 leone
1434 660 1673 704 mortuo.

623 723 884 778 Viventes
911 724 1054 776 enim
1083 722 1263 778 sciunt
1292 736 1350 777 se
1372 734 1496 776 esse
1527 720 1842 778 morituros.

553 794 748 851 llurtui
775 810 909 848 vero
931 795 1064 849 nihil
1097 802 1366 848 noverunt
1395 791 1650 862 amplius,

623 881 723 922 nec
754 865 957 922 habent
987 865 1129 921 ultra
1165 862 1474 921 mercedem
1508 879 1521 917 :

623 940 744 1007 quia
773 936 1031 993 oblivioni
1054 934 1252 1007 tradita
1273 944 1357 990 est
1388 934 1649 1007 meritoria
1672 948 1893 1007 eorum.

550 1001 721 1066 Amor
741 1024 979 1076 quoque,
1002 1016 1057 1064 et
1077 1006 1286 1074 odium,
1318 1015 1374 1063 et
1396 1004 1614 1060 invidia:
1637 1004 1799 1060 simul
1826 1001 2135 1076 perierunt,

625 1095 727 1135 nec
760 1080 959 1136 habent
993 1088 1200 1148 partem
1233 1079 1283 1131 in
1318 1076 1420 1132 hoc
1448 1077 1673 1141 sarculo,

630 1161 685 1229 et
706 1153 759 1206 itt
781 1166 951 1221 Opere
973 1151 1115 1222 quod
1141 1148 1389 1229 sub-sole
1414 1148 1644 1229 geritur.

549 1221 704 1279 Vade
729 1220 885 1295 ergo,
911 1230 968 1277 et
992 1220 1215 1295 centede
1244 1220 1297 1295 in
1328 1220 1509 1274 laetitia
1545 1234 1736 1288 panem
1769 1226 1943 1285 tuum,

550 1346 553 1347 ν
624 1304 680 1351 et
707 1293 831 1349 bibe
855 1310 978 1349 cum
1004 1293 1205 1365 gaudio
1235 1293 1416 1346 vinum
1444 1302 1593 1346 tuum
1621 1308 1636 1347 :

623 1366 747 1437 quia
781 1366 891 1421 Deo
918 1366 1135 1435 placent
1162 1378 1327 1433 opera
1360 1369 1471 1416 tua.

557 1431 715 1492 Ouini
758 1431 1001 1506 tempore
1023 1438 1130 1491 sint
1151 1431 1474 1493 vestimenta
1494 1442 1595 1506 _tu_a
1627 1431 1884 1499 candida,

628 1520 684 1564 et
704 1504 886 1565 oleum
914 1508 983 1563 de
1003 1508 1179 1578 capite
1201 1516 1295 1561 tuo
1328 1521 1433 1560 non
1473 1504 1713 1578 deﬁciat.

548 1581 847 1638 Perfruere
874 1579 977 1634 vita
1008 1575 1130 1635 cum
1158 1593 1354 1642 uxore,
1385 1592 1544 1647 quain
1578 1575 1779 1646 diligis,

626 1654 836 1707 eunetis
862 1651 1054 1707 diebus
1082 1649 1206 1707 vita:
1235 1648 1608 1704 instabilitatis
1632 1657 1738 1703 tua:
1771 1664 1786 1703 :

630 1723 720 1793 qui
750 1724 859 1778 dati
883 1733 1009 1778 sunt
1040 1723 1133 1777 tibi
1164 1721 1264 1777 sub
1292 1719 1405 1793 sole

626 1791 774 1849 omni
805 1804 1051 1863 tempore
1079 1791 1337 1847 Vanitatis
1361 1801 1490 1858 tuae,

556 1866 686 1925 Haec
706 1877 789 1922 est
819 1868 962 1922 cnim
987 1880 1112 1936 pars
1134 1866 1189 1920 itt
1218 1866 1351 1936 vita,

629 1948 684 1993 et
714 1936 769 1992 iit
799 1932 1001 1992 labore
1015 1947 1130 2002 tuo,
1155 1952 1262 2006 quo
1286 1934 1504 1990 laboras
1525 1933 1625 1989 sub
1647 1932 1788 1989 sole.

567 2008 959 2078 Quodcumque
990 2016 1169 2077 potest
1202 2022 1393 2062 manus
1433 2014 1523 2063 tua
1556 2009 1757 2075 tacere,

634 2080 903 2135 instanter
932 2094 1163 2148 Operare
1196 2097 1207 2132 :

558 2150 693 2217 Qttia
724 2166 825 2207 nec
853 2167 1010 2221 opus,
1038 2165 1138 2205 nec
1162 2150 1321 2217 ratio,

631 2237 733 2277 nec
760 2219 1052 2293 sapientia,
1086 2236 1187 2276 nec
1210 2219 1434 2277 scicntia

635 2304 800 2373 erunt
828 2293 970 2373 apud
1005 2294 1231 2373 inferos,
1263 2308 1372 2373 quo
1400 2300 1465 2373 tu_
1488 2304 1770 2373 properas.

573 2364 722 2421 Verti
756 2380 844 2421 me
869 2366 937 2419 ad
966 2364 1138 2428 aliud,
1166 2374 1219 2420 et
1245 2363 1353 2418 vidi
1384 2363 1484 2427 sub
1510 2367 1648 2429 sole,

635 2451 738 2492 nec
758 2437 1030 2492 velocium
1063 2449 1187 2492 esse
1221 2450 1468 2500 cursum,

635 2522 738 2563 nec
764 2507 981 2563 fortium
1019 2505 1244 2573 bellum,

635 2594 738 2635 nec
767 2577 1094 2649 sapientium
1120 2593 1340 2648 panem,

633 2665 735 2706 nec
762 2650 1045 2705 doctorum
1088 2651 1326 2716 divitias,

633 2737 738 2779 nec
758 2722 1027 2777 artiﬁcum
1053 2724 1281 2791 gratiam
1310 2737 1325 2775 :

632 2795 727 2849 sed
751 2803 963 2863 tempus
994 2789 1288 2862 casumque
1318 2791 1371 2847 in
1397 2789 1674 2847 omnibus.

562 2864 746 2924 Nescit
770 2865 931 2920 homo
962 2865 1123 2920 tinem
1162 2879 1356 2918 suum:
1732 2892 1734 2894 τ

636 2938 734 2993 sed
761 2937 903 2992 sicut
933 2939 1110 3006 pisces
1142 2936 1427 3006 capiuntur
1454 2932 1638 3006 hamo,

635 3017 692 3062 et
731 3010 872 3064 sicut
902 3005 1031 3063 aves
1058 3005 1251 3075 laqueo
1279 3005 1815 3076 comprehenduntur
1841 3016 1859 3058 :

565 3080 658 3137 Sic
686 3081 972 3150 capiuntur
996 3077 1244 3137 homines
1273 3078 1325 3132 in
1360 3088 1602 3148 tempore
1629 3076 1791 3143 malo,

634 3166 758 3207 cum
788 3150 867 3206 eis
897 3151 1171 3221 extemplo
1201 3150 1596 3221 supervenerit.

571 3223 723 3281 llanc
747 3237 961 3292 quoque
987 3219 1092 3278 sub
1114 3221 1232 3277 sole
1265 3221 1375 3281 vidi
1397 3219 1742 3291 sapientiam,

637 3305 690 3351 et
723 3294 949 3368 probavi
974 3296 1285 3368 maximam.

570 3362 775 3423 Civitas
805 3381 989 3438 parva,
1014 3377 1067 3423 et
1090 3365 1246 3437 pauci
1270 3367 1322 3421 in
1348 3379 1412 3419 ea
1443 3362 1544 3419 viri
1570 3382 1586 3417 :

633 3440 785 3495 venit
805 3433 994 3494 contra
1024 3433 1144 3493 eain
1173 3452 1272 3493 rex
1299 3448 1548 3507 magnus,
1582 3444 1637 3491 et
1670 3433 1888 3494 vallavit
1913 3450 2035 3492 eam
2061 3450 2076 3489 :

567 3500 956 3581 Exstruxitque
982 3509 1309 3566 munitiones
1334 3500 1429 3578 pe'r
1462 3500 1678 3578 gyrum,

637 3590 694 3639 et
717 3586 949 3654 perlecta
982 3590 1069 3654 est
1091 3581 1323 3653 obsidio.

567 3652 929 3723 Inventusqnc
951 3652 1110 3708 estin
1134 3667 1197 3706 ea
1228 3654 1309 3706 vir
1340 3664 1543 3720 pauper
1571 3660 1629 3707 et
1656 3653 1900 3722 sapiens,

638 3726 887 3780 liberavit
914 3725 1101 3779 urbem
1128 3738 1224 3793 per
1250 3725 1573 3792 sapientiam
1604 3739 1782 3779 suam.

570 3796 639 3853 Et
665 3797 841 3877 nullus
862 3796 1118 3867 deinceps
1134 3792 1464 3850 recordatus
1487 3802 1570 3848 est
1595 3793 1830 3851 hominis
1852 3792 1999 3851 illius
2025 3805 2149 3863 pau-

711 3882 877 3935 peris.

563 3936 635 3995 Et
660 3935 903 4010 dicebam
934 3951 1066 4010 ego,
1102 3936 1379 3995 meliorem
1419 3951 1542 3994 esse
1576 3937 1895 4009 sapientiam
1936 3935 2151 3995 fortitu-

705 4007 853 4065 diue.

560 4080 842 4148 Quomodo
871 4094 998 4151 ergo
1025 4078 1287 4146 sapientia
1318 4082 1571 4151 pauperis
1602 4089 1910 4151 contempta
1940 4088 2047 4145 est,

633 4162 689 4208 et
714 4153 877 4208 verba
910 4152 1028 4222 ejus
1057 4165 1165 4206 non
1197 4162 1323 4205 sunt
1348 4153 1573 4208 audita?

569 4222 746 4281 Verba
772 4222 1097 4296 sapientium
1123 4222 1424 4296 audiuntur
1443 4225 1497 4280 in
1524 4224 1764 4291 silentio,

632 4298 751 4367 plus
776 4295 937 4367 quam
962 4297 1168 4351 clamor
1198 4295 1459 4366 principis
1491 4296 1638 4352 inter
1666 4296 1888 4351 stultos.

553 4367 744 4427 Melior
770 4376 857 4425 est
882 4369 1165 4437 sapientia,
1200 4382 1362 4437 quam
1388 4382 1539 4423 arma
1567 4367 1760 4423 bellica
1794 4386 1806 4422 :

625 4449 680 4511 et
702 4441 873 4511 quiin
904 4455 1011 4495 uno
1033 4440 1356 4510 peccaverit,
1381 4440 1546 4495 multa
1576 4440 1715 4495 bona
1743 4437 1963 4511 perdet.

560 4510 731 4587 [Cap.
743 4582 755 4587 _
769 4510 875 4583 X.]
906 4512 1103 4587 Musca:
1134 4512 1432 4566 morientes

630 4582 1202 4654 perdunt’suavitatem
1223 4582 1483 4654 unguenti
1512 4621 1527 4636 .

559 4652 856 4711 Pretiosior
877 4664 962 4726 est
986 4654 1251 4726 sapientia
1283 4652 1337 4710 et
1365 4653 1561 4726 gloria,

635 4741 795 4798 parva
822 4725 887 4780 ad
915 4724 1126 4798 tempus
1149 4724 1398 4783 stultitia.

556 4794 665 4854 Coi-
690 4798 953 4869 sapientis
983 4794 1039 4852 in
1066 4795 1296 4869 dextera
1318 4798 1458 4869 ejus,

629 4878 687 4927 et
714 4867 810 4927 cor
837 4869 986 4925 stulti
1024 4868 1077 4923 in
1108 4867 1330 4923 sinistra
1364 4868 1525 4924 illius.

555 4940 663 5000 Sed
695 4951 721 4980 λ
752 4950 807 4997 et
828 4941 879 4996 iu
908 4941 1000 4996 via
1032 4940 1230 4995 stultus
1258 4940 1563 5008 ambulans,

628 5029 755 5069 cum
787 5013 905 5084 ipse
935 5010 1198 5083 insipiens
1219 5012 1310 5079 sit,
1339 5027 1527 5067 omnes
1558 5011 1757 5069 stultos
1777 5009 2036 5068 aestimat.

560 5083 617 5141 Si
649 5083 869 5157 spiritus
897 5092 1222 5157 potestatem
1247 5084 1494 5141 habentis
1522 5084 1829 5143 ascenderit
1863 5096 2038 5154 super
2069 5089 2141 5151 te,

631 5231 659 5260 ἰ
699 5220 930 5302 Sanctus
954 5217 1316 5302 Hieronymus
1340 5216 1393 5273 in
1418 5213 1953 5302 commentariisnad
2002 5212 2147 5270 hunc

558 5295 762 5367 locum,
795 5292 952 5347 colon
994 5290 1135 5367 istud
1162 5287 1442 5367 integrum
1466 5287 1678 5347 duobus
1711 5288 1961 5367 versibus
2009 5302 2146 5343 con-

554 5356 706 5424 stans
737 5356 788 5419 in
814 5362 1214 5430 exemplaribus
1239 5356 1497 5426 canonis,
1529 5376 1695 5415 unum
1726 5356 1857 5416 dicit
1881 5374 2003 5415 esse
2025 5374 2145 5414 ver-

554 5439 781 5495 siculum
825 5451 841 5490 :
889 5433 1160 5500 Sequenti:
1214 5448 1389 5488 autem
1446 5431 1724 5498 versiculi,
1788 5430 1954 5500 verba
2017 5441 2145 5499 sunt

553 5509 608 5567 S.
647 5505 915 5571 Doctoris,
946 5499 1000 5558 in
1026 5520 1128 5573 quo
1149 5505 1253 5558 ait:
1273 5502 1381 5559 Sed
1402 5511 1449 5559 et
1480 5503 1533 5558 in
1565 5501 1648 5557 via
1678 5518 1792 5573 cum
1816 5499 2006 5559 stultus
2031 5518 2143 5557 am-

552 5582 718 5648 bulat,
751 5594 838 5633 cor
858 5579 971 5650 ejus
1008 5571 1233 5650 indiget,
1269 5583 1317 5629 et
1349 5574 1471 5650 dicit
1489 5590 1521 5650 A:
1551 5571 1716 5650 omnis
1754 5573 2000 5650 insipiens
2029 5583 2142 5650 est;

555 5654 641 5728 ltic
660 5644 733 5708 est
758 5644 1105 5728 sensits,_etc.
1130 5644 1395 5718 Agnoscit
1431 5647 1595 5719 igitur
1621 5644 1879 5728 ltoc_loco
1903 5645 2145 5728 versicu-

557 5727 732 5781 lorum
761 5717 1197 5782 distinctionem,
1233 5732 1392 5786 quam
1421 5717 1678 5774 vocamus
1710 5717 2138 5782 Massoreticam,

552 5795 609 5853 in
637 5792 878 5851 Hebraeis
914 5788 1279 5846 voluminibus
1312 5798 1644 5860 usurpatam.
1673 5788 1717 5845 E
1750 5796 1940 5844 contra
1978 5801 2143 5860 versu

562 5867 633 5927 l5
655 5866 815 5938 hujus
836 5862 1056 5935 capitis,
1103 5860 1287 5936 plures
1325 5861 1457 5918 dicit
1482 5860 1787 5918 versiculos
1822 5861 2062 5918 existere
2090 5859 2146 5916 in

1553 317 1615 376 S.
1653 313 2029 377 HIERONYﬂI
2068 314 2302 389 DlVlNA
2342 317 2819 381 BIBLIOTHECA.

2153 443 2205 513 ᾼ
2304 434 2482 516 locum
2510 446 2660 516 tuum
2690 454 2759 493 ne
2782 435 3101 516 dimiseris:
3303 512 3313 516 _
3516 503 3529 516 .

2306 507 2433 577 quia
2458 510 2669 566 curatio
2690 523 2908 566 cessare
2938 507 3101 565 faciet
3122 512 3352 577 peccata
3389 507 3652 563 maxima.

3692 310 3826 373 ΕΜ

2236 576 2339 633 Est
2361 580 2560 635 malum
2605 582 2745 650 quod
2777 579 2887 635 vidi
2912 579 3017 634 sub
3041 576 3179 644 sole,

2307 652 2461 719 quasi
2495 669 2589 721 per
2612 647 2858 708 errorem
2886 651 3174 721 egrediens
3195 665 3224 705 a
3255 648 3393 706 facie
3418 647 3684 721 principis
3710 665 3727 704 :

2244 720 2742 779 Positum’stultum
2774 724 2826 778 in
2856 720 3120 793 dignitate
3148 722 3405 788 sublimi,

2310 804 2365 847 et
2389 793 2587 861 divites
2613 795 2807 852 sedere
2835 795 3112 851 deorsum.

2239 862 2361 919 Vidi
2386 880 2581 922 servos
2613 868 2665 930 in
2687 867 2864 938 equis,

2311 943 2366 1009 et
2383 938 2653 1009 principes
2671 937 3012 994 ambulantes
3032 937 3186 1009 quasi
3202 951 3394 994 servos
3414 948 3581 1007 super
3602 943 3829 989 terram.

2238 1006 2343 1075 Qui
2373 1009 2504 1062 ludit
2532 1006 2765 1079 foveam,
2790 1009 2999 1066 incidet
3020 1006 3074 1064 in
3102 1025 3222 1064 eam
3248 1025 3265 1063 :

2310 1087 2367 1151 et
2393 1079 2481 1142 qui
2516 1076 2976 1151 dissipat'sepem,
3005 1081 3273 1137 mordebit
3298 1094 3423 1137 eum
3452 1076 3700 1136 coluber.

2241 1148 2343 1216 Qui
2370 1152 2623 1207 transfert
2645 1148 2873 1222 lapides,
2900 1151 3170 1221 aflligetur
3194 1152 3248 1208 in
3275 1153 3356 1209 eis
3389 1170 3403 1208 :

2314 1229 2369 1274 et
2391 1225 2482 1291 qui
2508 1224 2708 1278 scindit
2736 1224 2899 1294 ligna,
2940 1224 3315 1281 vulnerabitur
3349 1224 3421 1280 ab
3441 1223 3545 1280 eis.

2243 1292 2301 1348 Si
2332 1302 2578 1353 retusum
2610 1292 3026 1356 fuerit—ferrum.

2314 1374 2367 1437 et
2393 1363 2499 1421 hoc
2520 1382 2627 1421 nun
2661 1376 2717 1421 ut
2740 1367 2911 1437 prius,
2941 1366 3038 1421 sed
3061 1365 3372 1423 bebetatum
3400 1365 3505 1422 erit
3531 1384 3544 1420 :

2247 1435 2417 1491 Multo
2450 1438 2635 1494 labore
2653 1435 2974 1503 exacuctur.

2313 1518 2366 1562 et
2396 1517 2516 1581 post
2548 1509 2868 1564 industriam
2899 1517 3154 1578 sequetur
3179 1508 3464 1581 sapientia.

2243 1577 2301 1633 Si
2331 1579 2578 1637 mordeat
2609 1595 2836 1651 serpens
2866 1581 2920 1637 in
2955 1577 3196 1647 silentio,

2318 1651 2452 1704 nihil
2481 1667 2546 1704 eo
2579 1649 2762 1707 minus
2792 1653 2955 1707 habet
2990 1653 3081 1722 qui
3113 1652 3331 1708 occulte
3359 1649 3622 1708 detrahit.

2246 1719 2423 1799 Verba
2452 1724 2564 1799 oris
2575 1724 2845 1799 sapientis
2872 1719 3087 1799 gratia:

2174 1830 2224 1895 Β
2251 1862 2270 1895 1
2314 1800 2375 1895 et
2402 1794 2539 1848 labia
2574 1794 2877 1895 ipsipietttis
2912 1795 3478 1895 praecipitabanteum
3511 1811 3528 1850 :

2250 1862 2464 1917 Initium
2491 1862 2777 1920 verborum
2802 1862 2921 1935 ejus
2941 1866 3195 1931 stultitia,

2320 1943 2375 1989 et
2404 1938 2761 2001 novissimum
2792 1939 2902 1993 oris
2934 1939 3075 1993 illius
3115 1952 3271 1994 error
3295 1937 3590 2008 pessimus.

2250 2003 2466 2062 Stultus
2498 2011 2657 2063 verba
2684 2009 3027 2076 multiplicat.

2251 2078 2470 2147 Ignorat
2497 2078 2685 2145 homo,
2710 2080 2837 2149 quid
2869 2090 2995 2136 ante
3024 2094 3084 2135 se
3132 2079 3296 2136 fuerit
3323 2098 3338 2135 :

2319 2162 2369 2203 et
2394 2151 2538 2220 quod
2564 2162 2684 2220 post
2704 2148 2949 2223 futurum
2972 2159 3075 2214 est,
3103 2153 3226 2221 quis
3245 2152 3317 2207 illi
3337 2151 3541 2223 poterit
3571 2148 3841 2207 indicare?

2253 2220 2431 2276 Labor
2458 2223 2749 2289 stultorum
2780 2222 2978 2293 afﬂiget
3012 2236 3134 2289 eos,

2322 2293 2692 2366 qni‘nesciunt
2724 2296 2779 2351 in
2810 2296 2996 2350 urbem
3022 2308 3268 2366 pergere.

2258 2362 2353 2419 Va:
2383 2363 2495 2427 tibi,
2532 2374 2701 2429 terra,
2729 2366 2884 2434 cujus
2921 2380 3015 2422 rex
3042 2362 3142 2420 estV
3155 2380 3311 2435 puer,

2321 2444 2378 2489 et
2404 2435 2560 2505 cujus
2595 2437 2866 2506 principes
2893 2451 3050 2492 mane
3074 2436 3389 2493 comedunt.

2250 2505 2414 2561 Beata
2443 2517 2608 2574 terra,
2639 2505 2793 2577 cujus
2817 2523 2912 2563 rex
2940 2507 3138 2562 nobilis
3162 2516 3247 2565 est
3264 2549 3281 2572 ,

2321 2586 2384 2651 et
2402 2577 2563 2651 cujus
2586 2578 2860 2651 principes
2888 2588 3181 2635 vescuntur
3203 2578 3259 2633 in
3280 2591 3528 2649 tempore
3556 2591 3680 2645 suo,

2321 2648 2388 2702 ad
2420 2648 2793 2718 reﬁciendum,
2819 2659 3002 2706 etnon
3026 2651 3092 2705 ad
3122 2648 3411 2707 luxuriam.

2256 2719 2313 2775 In
2343 2720 2571 2791 pigritiis
2598 2720 2973 2778 humiliabitur
2993 2722 3345 2792 contignatio,

2320 2804 2371 2847 et
2407 2792 2459 2847 in
2493 2792 2810 2851 inﬁrmitate
2837 2809 3093 2853 manuum
3124 2794 3449 2862 perstillabit
3477 2792 3698 2848 domus.

2251 2861 2309 2917 In
2339 2863 2503 2918 risum
2533 2863 2737 2920 faciunt
2766 2881 2992 2937 panem,
3024 2876 3079 2921 et
3107 2866 3287 2921 viuum
3317 2877 3372 2922 ut
3398 2866 3683 2937 epulentur
3711 2861 3738 2902 ιι
3770 2862 3843 2918 vi-

2399 2945 2589 2991 ventes
2617 2953 2630 2990 2
3356 2950 3361 2953 ’

2324 3014 2380 3061 et
2408 3008 2649 3075 pecunia:
2681 3007 2943 3064 obediunt
2971 3009 3173 3064 omnia.

2252 3074 2312 3131 In
2334 3079 2663 3160 cogitatione
2693 3090 2779 3135 tua
2801 3081 3027 3160 regine
3054 3080 3336 3160 detrahas,

2327 3159 2380 3203 et
2408 3148 2463 3204 in
2487 3157 2699 3206 secreto
2727 3148 2960 3207 cubiculi
2993 3152 3068 3206 tui
3101 3167 3169 3206 ne
3199 3148 3546 3207 maledixeris
3570 3148 3727 3207 diviti
3754 3165 3774 3206 :

2179 3212 2226 3275 C
2259 3218 2393 3288 Quia
2421 3223 2542 3276 avis
2566 3223 2691 3278 caeli
2720 3225 2963 3292 portabit
2989 3238 3183 3285 vocem
3218 3235 3394 3287 tuam,

2325 3300 2380 3346 et
2400 3292 2489 3363 qui
2524 3293 2687 3351 habet
2719 3309 2920 3361 pemtas
2947 3295 3291 3350 annuutiabit
3317 3292 3667 3348 sententiam.

2250 3359 2585 3437 [CapCXL]
2632 3359 2781 3421 Mitte
2830 3381 3022 3437 panem
3078 3376 3227 3421 tuum
3275 3380 3440 3435 super
3494 3369 3833 3421 transeuntes

2398 3449 2567 3492 80038
2592 3454 2607 3492 ἒ

2323 3451 2465 3571 quia1
2472 3451 2607 3577 31:6
2636 3500 2801 3563 multa
2835 3518 3079 3581 tempora
3112 3508 3359 3566 invenies
3389 3506 3565 3562 illum.

2249 3574 2327 3630 Da
2356 3574 2567 3648 partem
2594 3590 2828 3649 septem.
2861 3574 3071 3637 necnon
3104 3589 3161 3636 et
3187 3590 3345 3636 octo:

2325 3649 2449 3718 quia
2479 3650 2699 3720 ignoras
2724 3652 2851 3719 quid
2884 3652 3126 3709 futurum
3156 3653 3229 3708 sit
3251 3650 3380 3709 mali
3406 3662 3575 3720 super
3600 3657 3817 3707 terram.

2250 3717 2310 3774 Si
2336 3717 2555 3790 repleta:
2580 3717 2780 3778 fuerint
2807 3725 3004 3792 nubes,

2329 3792 2559 3848 imbrem
2598 3810 2761 3862 super
2791 3802 2994 3850 terram
3038 3793 3339 3853 eﬂ'undeut.

2257 3861 2316 3919 Si
2343 3864 2606 3920 ceciderit
2633 3861 2835 3936 lignum
2864 3868 2931 3922 ad
2959 3880 3232 3934 austrum,
3259 3874 3349 3921 aut
3379 3863 3446 3920 ad
3472 3864 3803 3936 aquilonem.

2332 3936 2386 4009 iu
2415 3951 2759 4009 quocumque
2790 3941 2914 3994 loco
2950 3937 3235 4002 ceciderit,
3265 3938 3336 3993 ibi
3367 3937 3494 3994 erit.

2249 4007 2353 4076 Qui
2383 4008 2643 4065 observat
2670 4007 2919 4076 ventum,
2951 4026 3062 4065 non
3095 4012 3330 4069 seminat
3361 4025 3374 4062 :
3549 4016 3559 4023 ‘

2324 4089 2379 4135 et
2400 4082 2492 4151 qui
2520 4081 2828 4137 considerat
2859 4082 3051 4149 nubes,
3088 4095 3377 4150 numquam
3410 4088 3606 4139 metet.

2254 4151 2539 4222 Quomodo
2562 4153 2779 4224 ignoras
2804 4169 2926 4224 quae
2962 4153 3035 4209 sit
3064 4153 3151 4208 via
3185 4151 3431 4222 spiritus,

2324 4232 2380 4280 et
2403 4238 2506 4294 qua
2536 4224 2747 4281 ratione
2786 4225 3202 4295 compingantur
3241 4237 3365 4278 ossa
3397 4224 3451 4277 in
3478 4230 3673 4279 ventre
3709 4234 3836 4292 prm-

2396 4296 2614 4363 gnantis
2647 4312 2661 4349 :

2329 4366 2409 4421 sic
2438 4367 2615 4438 nescis
2642 4381 2805 4438 opera
2834 4366 2950 4430 Dei,
2982 4367 3077 4438 qui
3105 4365 3395 4425 fabricator
3423 4374 3509 4423 est
3536 4368 3803 4422 omnintu.

2256 4436 2414 4494 Mane
2442 4437 2648 4493 semina
2679 4436 2867 4497 Semen
2901 4436 3089 4507 tuum,

2328 4519 2384 4566 et
2411 4523 2643 4579 vespere
2671 4525 2741 4569 ne
2763 4520 2947 4567 cesset
2969 4527 3166 4567 manus
3193 4519 3281 4566 tua
3307 4527 3320 4563 :

2179 4603 2234 4667 D
2257 4579 2392 4667 Quia
2422 4581 2600 4667 nescis
2626 4582 2754 4653 quid
2779 4582 3209 4667 magis_oriatttr,
3245 4584 3349 4667 hoc
3374 4595 3444 4637 an
3471 4579 3609 4636 illud
3631 4622 3647 4646 ,
3690 4586 3701 4592 '

2329 4660 2387 4726 et
2415 4653 2462 4726 si
2492 4661 2783 4726 utrumque
2814 4653 3001 4723 simul,
3035 4654 3230 4711 melius
3251 4654 3378 4710 erit.

2258 4722 2424 4780 Dulce
2452 4723 2634 4780 lumen
2656 4765 2672 4791 ,

2330 4806 2385 4851 et
2416 4796 2739 4853 delectabile
2764 4805 2853 4854 est
2880 4795 3056 4854 oculis
3078 4795 3263 4854 videre
3291 4794 3485 4852 solem.

2257 4867 2314 4925 Si
2351 4867 2506 4923 annis
2536 4870 2720 4925 multis
2749 4869 2948 4925 vixerit
2974 4871 3168 4935 homo,

2331 4949 2387 4993 et
2416 4941 2467 4993 in
2499 4940 2585 4995 his
2610 4940 2861 4997 omnibus
2891 4940 3101 4998 limatus
3130 4939 3290 4997 tuerit
3314 4956 3327 4993 :
3418 4992 3423 4997 .

2255 5008 2570 5083 Meminisse
2599 5011 2763 5069 debet
2785 5011 3061 5068 tenebrosi
3091 5009 3371 5083 temporis,

2328 5090 2382 5137 et
2410 5081 2624 5138 dierum
2656 5084 2951 5139 multorum
2975 5097 2990 5143 :

2256 5231 2359 5271 una
2388 5217 2657 5273 sententia
2695 5228 2785 5273 aut
2808 5218 2969 5277 unico
2999 5234 3157 5275 versu
3180 5217 3423 5290 Vulgata:
3445 5226 3691 5276 nostra}:
3722 5230 3836 5275 nam

2252 5301 2374 5363 cum
2423 5291 2563 5345 hanc
2605 5291 2940 5359 Scripturam
2994 5292 3275 5363 recitasset
3292 5288 3324 5363 f:
3370 5288 3545 5363 Labor
3571 5290 3837 5363 stituerunt

2251 5359 2455 5431 afﬂiget
2483 5376 2592 5427 eos,
2619 5363 2706 5431 qui
2735 5363 2973 5419 nesciunt
3017 5362 3091 5419 ire
3125 5362 3180 5417 in
3207 5359 3463 5423 ciuitatem
3493 5404 3512 5430 ,
3571 5359 3835 5430 snhjungit

2250 5430 2441 5514 dicens
2466 5450 2487 5514 _:
2518 5430 2651 5489 Cum
2673 5433 3024 5514 superioribus
3058 5433 3213 5514 etiam
3237 5433 3330 5488 hos
3347 5436 3518 5514 fungo
3542 5433 3833 5489 versiculos.

2251 5500 2444 5558 Plures
2465 5504 2647 5575 itaque
2681 5500 2749 5559 in'
2778 5508 2877 5560 hac
2925 5506 3188 5573 sententia
3220 5500 3518 5575 versiculos
3566 5519 3694 5559 esse
3740 5516 3835 5557 non

2253 5572 2665 5702 tiegahathide
2691 5576 2761 5632 de
2781 5575 2866 5631 his
2895 5587 3110 5633 nostras
3129 5572 3470 5647 conjecturas
3502 5579 3555 5631 in
3580 5574 3836 5646 Protega-

2253 5660 2450 5701 mems.
2536 5662 2664 5702 sar.

2251 5660 2450 5701 ments.
2483 5660 2664 5703 MART.

2321 5715 2348 5755 ι’
2387 5714 2641 5794 Plerique
2682 5732 2814 5793 mss.
2849 5717 2974 5777 libri
3013 5728 3174 5792 atque
3203 5716 3333 5779 editi
3367 5716 3597 5777 bibentes
3623 5718 3723 5794 pro
3760 5718 3833 5776 tti-

2246 5796 2418 5845 rentes
2450 5789 2660 5863 legunt.
