4124 6360
295 349 438 430 1283
460 370 466 378 ’
1501 363 1855 423 CANTICUM
1893 363 2354 424 CANTICORUM.
3445 366 3584 435 l286

364 487 453 557 qui
485 501 607 544 cum
633 485 904 552 venerint,
937 483 1193 557 vanitatis
1224 489 1522 557 urguentur
1551 482 1847 554 praeterita.
1916 483 1966 545 Α
2009 554 2025 557 _
2069 495 2117 539 et
2149 483 2500 557 dissipabitur
2528 485 2778 557 capparis
2805 501 2818 539 :

293 553 506 615 Lmtare
531 573 685 630 ergo,
716 559 952 628 juvenis,
983 555 1035 612 in
1069 553 1450 630 adolescentia
1475 553 1597 620 tua,
1686 627 1697 630 _
1994 554 2261 630 Quoniam
2290 553 2388 630 ibit
2418 553 2666 630 homo'in
2698 557 2919 630 domum
2953 553 3271 614 aeternitatis
3299 569 3434 624 suae,

366 641 422 686 et
446 631 495 684 in
529 625 669 684 bono
694 625 767 684 sit
794 645 888 685 cor
917 625 1066 684 tuum
1111 631 1162 684 in
1202 627 1396 684 diebus
1430 626 1730 699 juventutis
1759 637 1885 696 tum,
2007 695 2015 699 7
2061 635 2118 680 et
2143 625 2454 682 circuibunt
2477 629 2528 682 in
2564 629 2744 697 platea
2776 629 3115 699 plangentes.

293 702 361 760 Et
392 703 610 757 ambula
642 703 695 756 in
724 702 826 758 viis
858 701 1038 756 cordis
1068 701 1178 767 tui,
1432 695 1445 699 ⁷
1655 697 1664 707 ’
1872 695 1875 696 ⁷
1991 695 2297 768 Antequam
2330 695 2612 767 rumpatur
2640 695 3229 770 funiculus'argenteus
3255 717 3272 768 ;

365 775 496 829 etin
530 773 755 829 introitu
787 773 1066 828 oculorum
1094 783 1308 827 tuorum
1337 785 1352 826 :
2065 779 2117 822 ct
2145 780 2388 824 recurrat
2419 773 2547 825 vitta
2578 788 2738 826 aurea
2767 790 2781 828 :

293 844 361 901 Et
389 845 530 898 scito
560 844 702 913 quod
731 858 825 910 pro
852 845 1104 898 omnibus
1134 843 1219 908 his
1993 840 2062 899 Et
2089 851 2401 914 conteratur
2432 841 2623 914 hydria
2654 857 2818 913 super
2849 843 3050 901 fontem
3071 886 3087 910 ,

366 914 605 971 adducet
631 924 681 971 te
714 915 855 970 Deus
881 915 934 970 in
957 915 1240 984 judicium.
1992 983 2031 986 _
2061 921 2116 967 et
2143 913 2509 981 confringatur
2536 923 2644 968 tota
2677 930 2840 986 super
2866 917 3157 972 cisternam
3188 933 3204 970 :

294 987 464 1043 Aufer
494 990 626 1041 iram
655 1002 684 1040 a
715 987 882 1042 corde
911 983 1025 1054 tuo,
1991 983 2058 1038 Et
2087 997 2396 1058 revertatur
2423 986 2595 1058 pulvis
2623 986 2677 1040 in
2706 983 2908 1058 terram
2940 1003 3091 1044 suam
3127 987 3268 1041 unde
3299 995 3441 1052 erat,

365 1068 420 1112 et
443 1073 634 1113 amove
661 1058 924 1112 malitiam
955 1074 981 1110 a
1011 1071 1173 1112 carne
1201 1065 1314 1111 tua.
1995 1125 2031 1127 77
2060 1054 2358 1127 etspiritus
2388 1055 2572 1111 redeat
2602 1057 2666 1110 ad
2698 1057 2889 1124 Deum,
2921 1060 3012 1127 qui
3049 1059 3199 1114 dedit
3228 1059 3396 1114 illum.

297 1130 682 1186 Adolescentia
712 1129 856 1184 enim
886 1139 939 1184 et
963 1131 1212 1198 voluptas
1243 1143 1377 1181 vana
1403 1136 1547 1184 sunt.
1989 1125 2213 1182 Vanitas
2258 1128 2551 1183 vanitatum
2580 1170 2596 1192 ,
2651 1129 2787 1185 dixit
2830 1125 3196 1186 Ecclesiastes
3221 1171 3234 1197 ,
3280 1129 3460 1185 omnia
3487 1143 3586 1184 va-

300 1201 452 1272 [ϐαρ.
486 1200 628 1270 XII.J
661 1201 933 1255 Memento
962 1197 1239 1255 Creatoris
1278 1201 1351 1254 tui
1391 1199 1441 1254 in
1472 1199 1666 1256 diebus
1694 1197 1888 1270 juven—
2000 1267 2028 1272 _
2133 1198 2292 1252 nitas.

441 1273 570 1327 tutis
598 1267 731 1338 tum,
1696 1267 1709 1270 ⁷
1989 1267 2229 1339 Cumque
2259 1280 2402 1325 esset
2435 1271 2868 1341 sapientissimus
2895 1273 3291 1341 Ecclesiastes,

364 1351 656 1414 antequam
688 1343 872 1398 veniat
902 1353 1114 1414 tempus
1139 1342 1482 1408 afllictionis,
1612 1413 1650 1414 77
1816 1413 1821 1414 7
1872 1412 1882 1414 7
2061 1341 2246 1414 docuit
2273 1343 2559 1412 populum,
2587 1352 2641 1398 et
2667 1347 2937 1400 enarravit
2965 1361 3084 1414 qua:
3109 1344 3350 1400 fecerat:

364 1424 419 1470 et
445 1411 874 1486 appropinquent
895 1411 1042 1484 anni,
1069 1415 1136 1470 de
1164 1416 1355 1486 quibus
1382 1415 1530 1471 dicas
1567 1431 1580 1470 :
1608 1413 1726 1472 Non
1755 1412 1886 1469 mihi
2001 1483 2024 1488 _
2062 1422 2116 1467 et
2144 1411 2477 1488 investigans
2504 1417 2809 1488 composuit
2841 1411 3124 1488 parabolas
3156 1416 3376 1472 multas.

403 1483 675 1556 placent.
725 1483 740 1485 “
953 1550 958 1555 _
1068 1555 1071 1556 7
1181 1483 1196 1486 ’
1989 1483 2258 1553 Quaesivit
2285 1486 2447 1540 verba
2474 1483 2666 1553 utilia’,
2776 1485 2801 1490 ”

297 1555 599 1629 Antequam
631 1555 1112 1626 tenebrescatsol,
2061 1565 2116 1611 et
2146 1557 2468 1629 conscripsit
2508 1573 2790 1615 sermones
2850 1560 3216 1629 rectissimos,
3257 1575 3322 1614 ac
3354 1558 3580 1614 veritate

365 1637 421 1682 et
442 1628 646 1694 lumen,
682 1637 735 1683 et
766 1630 912 1696 luna,
940 1639 996 1685 et
1026 1629 1194 1684 stella:
1215 1671 1230 1698 ,
2004 1697 2031 1698 77
2132 1627 2343 1698 plenos.

364 1709 419 1755 et
446 1710 791 1756 revertantur
816 1701 987 1756 nubes
1013 1710 1135 1770 post
1173 1700 1402 1771 pluviam
1431 1718 1444 1754 :
1593 1736 1605 1753 .
1995 1697 2168 1754 Verba
2197 1699 2522 1771 sapientium
2553 1700 2694 1756 sicut
2721 1701 2967 1770 stimuli,

294 1771 526 1840 Quando
554 1773 1040 1827 comm0vebuntur
1069 1770 1321 1828 custodes
1350 1772 1568 1840 domUS,
2062 1777 2117 1824 et
2145 1773 2298 1840 quasi
2331 1771 2466 1825 ClaVi
2498 1770 2548 1826 in
2579 1773 2743 1828 altum
2780 1773 2942 1829 defixi
2970 1817 2984 1840 ,

372 1843 729 1938 et7nutabunt
754 1844 854 1938 viri
886 1844 1202 1938 fortissimi:
1255 1916 1266 1925 7
1352 1923 1364 1938 7
1913 1877 1964 1938 Β
2062 1857 2306 1938 quaenper
2339 1845 2720 1912 magistrorum
2754 1846 3041 1903 consilium
3091 1844 3215 1902 data
3265 1853 3393 1902 sunt
3433 1860 3460 1899 a
3491 1859 3590 1916 pa-

299 1915 368 1971 Et
397 1913 586 1969 otiosaa
615 1925 774 1970 erunt
803 1917 1070 1969 molcntes
1112 1917 1162 1969 in
1196 1916 1405 1970 minuto
1437 1932 1663 1973 numero
1685 1958 1700 1984 ,
1914 1913 1964 1938 ³³
2136 1921 2282 1967 slore
2307 1929 2436 1968 uno.

369 1996 423 2041 et
458 1987 845 2058 tenebrescent
873 1986 1118 2041 videntes
1145 2001 1243 2056 per
1273 1986 1537 2044 foramina
1568 2006 1582 2048 ;
1688 1983 1692 1984 ί
1991 1983 2088 2058 His
2108 1984 2364 2058 amplius,
2399 1985 2470 2038 fili
2499 1984 2595 2058 nti,
2629 2001 2696 2042 ne
2728 1987 2990 2058 requiras.

296 2057 640 2128 Etclaudent
669 2058 803 2111 ostia
834 2057 886 2111 in
916 2058 1090 2128 platea
1110 2099 1124 2123 ,
1147 2055 1161 2056 ί
1992 2055 2249 2128 Faciendi
2285 2055 2466 2124 plures
2498 2055 2664 2128 libros
2697 2055 2873 2113 nullus
2912 2069 2996 2115 est
3027 2059 3188 2114 linis:

366 2127 420 2182 in
451 2127 755 2184 humilitate
783 2127 930 2182 vocis
957 2129 1211 2196 inolentis
1237 2147 1249 2183 :
2026 2197 2029 2198 7
2063 2127 2422 2198 frequensque
2450 2127 2751 2195 meditatio,
2777 2132 2952 2185 carnis
2987 2131 3210 2186 afflictio
3239 2139 3344 2186 est.

293 2197 365 2254 Et
393 2209 722 2270 consurgent
752 2201 816 2254 ad
847 2214 1038 2254 vocem
1066 2202 1297 2255 volucris
1322 2243 1336 2267 ,
1995 2197 2185 2253 Finem
2218 2199 2472 2268 loquendi
2504 2213 2694 2255 omnes
2727 2202 2930 2268 pariter
2961 2204 3272 2257 audiamus.

369 2281 392 2304 ἰ
418 2279 473 2344 e_t
499 2270 891 2344 obsurdescent
918 2287 1105 2344 omnes
1139 2273 1262 2326 filia:
1291 2275 1568 2330 carminis.
1998 2341 2038 2344 υ
2067 2271 2236 2325 Deum
2265 2272 2415 2344 time,
2450 2279 2504 2325 et
2535 2271 2792 2344 mandata
2819 2272 2938 2344 ejus
2966 2275 3192 2330 observa
3216 2292 3228 2326 :

295 2340 522 2397 Excelsa
552 2359 764 2410 quoque
791 2342 1051 2398 timebunt
1076 2385 1090 2409 ,
1998 2341 2113 2397 [loc
2139 2351 2218 2396 est
2250 2341 2397 2395 enim
2429 2343 2607 2396 omnis
2635 2342 2839 2398 homo:

365 2421 421 2466 et
445 2413 812 2486 formidabunt
841 2414 895 2469 in
928 2414 1033 2470 via.
2065 2422 2122 2468 et
2148 2420 2344 2468 cuncta
2374 2427 2496 2482 qua:
2523 2413 2944 2486 fiunt,7adducet
2979 2415 3124 2472 Deus
3154 2416 3204 2469 in
3234 2413 3497 2486 judicium

293 2483 537 2556 Florebit
565 2485 904 2556 amygdalum
925 2526 940 2550 ,
2063 2501 2163 2555 pro
2191 2486 2338 2538 omni
2389 2495 2572 2540 errato
2595 2526 2611 2553 ,
2655 2484 2772 2542 sive
2797 2487 3002 2544 bonum
3029 2529 3045 2554 ,
3083 2488 3199 2544 sive
3229 2483 3427 2544 malum
3455 2483 3586 2542 illud

367 2563 422 2611 et
451 2553 874 2627 impinguabitur
903 2557 1109 2613 locusta
1137 2602 1152 2629 ,
2065 2553 2077 2555 ’
2135 2557 2228 2611 sit.

1559 2652 1789 2727 Explica
1814 2653 1943 2708 liber
1971 2650 2336 2707 Ecclesiastes.

366 2795 394 2826 ³
431 2785 582 2858 Legit
607 2786 733 2844 olim
763 2787 1060 2845 Alchuinus
1100 2787 1448 2844 obmutesceut
1480 2806 1494 2844 :
1530 2805 1724 2845 verum
1769 2790 1864 2855 ait,
1897 2789 2081 2843 melius
2106 2787 2323 2843 habetur
2351 2788 2404 2842 in
2429 2774 2676 2854 Hebraeo,
2707 2788 3028 2846 sordescere.

1734 3001 2181 3088 INCIPIT
3301 3050 3306 3058 ι

655 3178 1690 3332 CANTICUM
1788 3176 3210 3376 CANTICORUM,

1555 3403 1737 3480 Quod
1768 3403 2086 3469 Hebraice
2119 3403 2359 3467 dicitur

1367 3566 1659 3701 SIR
1745 3564 2520 3700 ASSIRIM.

312 3868 467 3944 [Cap.
498 3869 562 3942 l.]
589 3867 880 3944 osculetur
905 3867 1202 3944 meosculo
1232 3866 1344 3944 oris
1374 3866 1456 3928 sui
1484 3885 1499 3923 :
1931 3867 1976 3931 C
2009 3866 2289 3944 Equitatui
2319 3881 2442 3944 meo
2469 3865 2522 3922 in
2546 3865 2797 3944 curribus
2829 3867 3128 3924 Pharaonis

383 3938 507 4027 quia
543 3938 762 4024 meliora
794 3939 1240 4027 sunt7ubcra7tu7a
1269 3939 1417 4006 vino,
2018 4010 2059 4027 ﬂ
2087 3938 2381 4027 assimilavi
2406 3947 2483 4027 te,
2515 3938 2688 4027 amica
2720 3955 2862 4022 mea.

384 4010 679 4085 fragrantia
713 4011 1001 4081 unguentis
1031 4012 1270 4080 eptimis.
2018 4010 2266 4085 Pulchra:
2297 4018 2423 4064 sunt
2449 4023 2602 4085 gente
2635 4020 2740 4065 tua:
2771 4013 2911 4085 sicut
2939 4012 3163 4070 turturis
3197 4032 3216 4070 .-

313 4081 501 4142 Oleum
532 4083 758 4139 eil‘usnm
789 4097 981 4140 nomen
1010 4094 1157 4136 tuum
1191 4101 1204 4134 :
2087 4081 2290 4136 collum
2320 4090 2469 4136 tnum
2500 4081 2642 4136 sicut
2673 4083 2916 4138 monilia.

387 4158 508 4212 ideo
538 4151 959 4229 adolescentulo:
993 4153 1302 4212 dilexerunt
1334 4160 1408 4210 te.
2013 4152 2542 4229 Murenulasaureas
2571 4151 2833 4211 faciemus
2863 4157 2980 4227 tibi,

315 4227 495 4284 Tralie
524 4243 612 4282 me
637 4268 652 4292 ,
918 4224 924 4229 ⁷
1807 4277 1810 4282 ,
2022 4295 2034 4296 7
2087 4224 2468 4280 vermiculatas
2494 4235 2739 4296 argento.

392 4309 515 4369 post
541 4311 594 4354 te
621 4313 904 4354 curremus
935 4299 982 4354 α.
1045 4367 1056 4369 7
2015 4295 2152 4350 Dum
2185 4305 2331 4369 esset
2361 4311 2454 4351 rex
2485 4295 2538 4369 in
2561 4295 2825 4369 accubitu
2854 4312 2974 4365 suo,

317 4367 621 4426 Introduxit
652 4387 737 4424 me
767 4385 864 4424 rex
891 4369 945 4426 in
979 4367 1197 4425 cellaria
1227 4383 1323 4424 sua
1353 4385 1366 4424 :
2089 4368 2291 4422 nardns
2320 4382 2436 4422 mea
2471 4367 2621 4421 dedit
2649 4368 2871 4423 odorem
2905 4385 3100 4423 suum:

392 4439 810 4506 exsultabimus,
839 4452 895 4496 et
927 4441 1233 4495 ltetabiniur
1264 4440 1314 4496 in
1346 4451 1398 4495 te
1426 4457 1438 4492 :
2019 4436 2336 4494 Fasciculus
2371 4437 2606 4509 myrrhae
2636 4439 2867 4493 dilectus
2897 4455 3048 4495 meus
3079 4440 3210 4497 mihi

323 4514 592 4568 Memores
619 4513 845 4581 uberum
878 4523 1092 4568 tuorum
1125 4527 1288 4581 super
1315 4513 1496 4568 vinum
1528 4528 1544 4567 :
2016 4579 2044 4581 ᾗ
2089 4510 2234 4564 inter
2263 4509 2429 4564 ubera
2459 4523 2579 4581 mea
2611 4513 3060 4568 commorabitur.

397 4581 528 4637 recti
560 4579 789 4650 diligunt
817 4590 891 4650 te.
1196 4579 1209 4581 ἡ
1264 4649 1271 4650 7
2015 4579 2217 4635 Betrus
2246 4581 2409 4650 Cypri
2441 4579 2671 4634 dilectus
2697 4596 2851 4637 meus
2878 4582 3033 4649 mihi,

321 4653 490 4724 Nigra
515 4649 778 4724 sum,’sed
811 4649 1069 4724 formosa,
1100 4650 1223 4707 filia:
1248 4649 1550 4710 Jerusalem
1579 4696 1594 4722 ,
2018 4690 2065 4724 _.
2091 4651 2143 4705 in
2177 4651 2353 4724 vineis
2373 4649 2638 4724 Engaddi.

392 4719 534 4779 sicut
566 4723 913 4777 tabernacula
953 4719 1150 4790 Cedar,
1522 4785 1529 4790 7
1581 4719 1587 4722 ⁷
2015 4721 2158 4776 Ecce
2189 4732 2241 4774 tn
2269 4722 2495 4794 pulchra
2525 4737 2607 4786 es,
2638 4723 2810 4779 amica
2839 4739 2956 4781 mea
2979 4767 2994 4794 ,

390 4797 530 4851 sicut
555 4794 722 4864 pelles
750 4793 1076 4850 Salomonis.
1335 4849 1340 4858 ,
2087 4807 2227 4864 ecce
2248 4802 2304 4846 tu
2326 4792 2555 4864 pulchra
2586 4809 2674 4859 es,

318 4867 494 4942 Nolite
521 4861 607 4942 me
633 4866 982 4942 considerare
1011 4865 1152 4942 quod
1183 4864 1333 4921 fusca
1359 4866 1459 4922 sim
1480 4906 1496 4934 ,
2017 4934 2058 4942 _
2088 4861 2232 4918 oculi
2261 4863 2754 4942 tui7columbarum.
2918 4939 2928 4942 7
3301 4899 3313 4907 ι

392 4937 518 5009 quia
545 4937 882 4992 decoloravit
902 4953 990 4992 me
1013 4934 1092 4992 sol
1121 4955 1136 4993 :
2017 4934 2157 5010 Ecce
2187 4943 2243 5010 tu
2275 4934 2499 5004 pulcher
2523 4951 2606 5010 es,
2625 4937 2834 5010 dilecte
2858 4939 2955 5010 mi,
2983 4949 3039 4998 et
3068 4942 3321 5000 decorus.

319 5005 441 5067 Filii
475 5011 665 5064 matris
693 5024 825 5063 meae
857 5018 1226 5079 pugnaverunt
1250 5018 1441 5065 contra
1471 5023 1583 5078 me,
2015 5005 2275 5079 l_.ectulus
2303 5015 2489 5064 noster
2516 5005 2740 5064 ﬂoridus
2765 5027 2782 5066 :

390 5089 686 5156 posuerunt
713 5095 797 5135 me
825 5075 1109 5150 cusiodem
1139 5080 1192 5156 in
1223 5081 1396 5156 vineis
1424 5097 1439 5135 :
1569 5075 1576 5078 ⁷
2015 5075 2185 5156 Tigna
2215 5077 2499 5156 domorum
2531 5091 2837 5156 nostrarum
2868 5084 3095 5141 cedrina
3120 5128 3135 5156 ,

389 5150 601 5222 vineam
625 5167 800 5207 meam
835 5167 941 5218 non
974 5151 1258 5206 custodivi.
2018 5219 2032 5222 _
2052 5150 2361 5222 _laqu_ea_ri7a
2389 5159 2570 5222 nostra
2599 5155 2936 5222 cupressina.

319 5217 503 5281 Indica
537 5223 691 5289 mihi,
724 5238 884 5290 quem
915 5222 1088 5292 diligit
1117 5224 1294 5278 anima
1318 5236 1442 5294 mea
1469 5241 1484 5279 :
2017 5217 2288 5294 [Cap._7l7l.]
2316 5220 2428 5291 Ego
2459 5221 2560 5294 flos
2585 5217 2762 5294 campi
2796 5266 2814 5294 ,

386 5296 476 5351 ubi
512 5308 724 5361 pascas,
757 5294 846 5347 ubi
879 5294 1042 5348 cubes
1075 5295 1126 5348 in
1157 5293 1403 5362 meridie,
2028 5361 2031 5362 7
2086 5305 2141 5345 et
2169 5292 2339 5362 lilium
2371 5292 2721 5351 convalliqu

388 5381 458 5422 ne
488 5367 670 5437 vagari
703 5365 954 5437 incipiam
988 5375 1108 5434 post
1137 5380 1332 5436 greges
1358 5361 1625 5428 sodalium
1651 5373 1863 5424 tuorum
1888 5384 1900 5420 :
2014 5361 2172 5437 Sicut
2191 5361 2365 5418 lilimn
2399 5366 2540 5422 inter
2564 5368 2770 5435 spinas,

319 5437 380 5493 Si
411 5433 628 5509 ignoras
660 5449 730 5504 te,
761 5451 794 5490 ο
816 5433 1044 5506 pulchra
1072 5433 1517 5509 intermulieres,
2018 5433 2162 5509 _7sic
2192 5437 2363 5509 amica
2391 5452 2511 5509 mea
2541 5433 2683 5492 inter
2714 5440 2880 5495 ﬁlias.

386 5505 748 5587 egredere,_et
774 5505 863 5587 alii
895 5520 1010 5578 post
1039 5508 1280 5587 vestigia
1301 5525 1543 5587 gregum,
2014 5505 2165 5587 Sicut
2190 5506 2364 5587 malos
2389 5507 2498 5579 [ΑΙ.
2528 5509 2752 5587 malum]
2781 5510 2982 5587 b_inter
3010 5514 3154 5587 ligna
3178 5515 3472 5586 silvarum,

387 5577 445 5638 ei
470 5595 633 5652 pasce
667 5579 854 5634 bazdos
887 5577 1006 5634 tuos
1030 5577 1556 5649 juxta'taberuacula
1597 5589 1897 5652 pastorum.
2085 5577 2166 5632 sic
2192 5577 2423 5633 dilectus
2454 5594 2605 5636 meus
2637 5577 2779 5638 inter
2808 5583 2971 5640 ﬁlios.

387 5730 415 5758 ι
452 5720 579 5786 Qua:
607 5717 886 5788 subjupgit
911 5716 1160 5788 Vulgata,
1184 5714 1246 5788 in
1277 5713 1486 5788 odorem
1509 5721 1895 5786 unguentorum
2007 5712 2189 5788 editio
2210 5712 2488 5788 expungit.

316 5783 560 5857 tuorum,
605 5806 671 5844 ex
709 5783 863 5860 LXX
909 5783 1305 5860 lnterpretibus
1348 5783 1684 5860 derivant'ur,
1711 5801 1899 5860 neque
2077 5784 2104 5860 ιξ
2145 5784 2272 5839 Mss.
2313 5785 2530 5860 codices
2565 5783 2752 5860 legunt
2782 5789 3017 5860 malum,
3066 5791 3219 5858 quod
3258 5806 3368 5850 non
3400 5791 3617 5852 videtur

315 5855 577 5922 Hebraeus
625 5855 827 5926 habet;
873 5861 969 5942 sed
1016 5855 1073 5917 ei.
1105 5859 1220 5930 ipsa
1264 5855 1670 5928 Complutcnsis
1708 5855 1902 5916 Latina
2006 5857 2140 5915 satis
2165 5855 2463 5914 convenire
2489 5859 2672 5916 sensui
2700 5858 2858 5932 hujus
2887 5855 3024 5928 loci.
3050 5855 3255 5925 mm.
