4124 6360
476 284 610 346 ΙΞ9Ι

547 401 762 462 deliciis
791 400 1045 470 alfluens,
1075 399 1259 457 innixa
1287 410 1453 470 super
1481 397 1744 456 dilectum
1765 395 1961 456 suum?

477 479 590 537 Sub
618 477 811 532 arbore
837 475 980 531 malo
1005 471 1256 530 suscitavi
1285 480 1336 528 te
1365 489 1378 524 :

554 550 627 605 ibi
657 557 913 619 corrupta
941 555 1023 602 est
1052 553 1224 619 mater
1255 553 1366 610 tua,

555 622 630 676 ibi
660 616 858 677 violata
885 626 969 673 est
994 616 1228 689 genitrix
1257 625 1348 670 tua
1377 631 1391 671 :

482 694 634 751 Pone
657 708 743 748 tne
773 701 830 745 ut
854 689 1186 761 signaculum
1206 701 1496 761 supercor
1519 697 1671 743 tuum
1699 703 1715 754 ;

557 773 618 820 ut
641 759 974 834 signaculum
1016 774 1179 831 super
1206 759 1489 834 brachium
1521 770 1670 817 tuum
1701 776 1716 815 τ

483 838 619 906 Quia
648 831 804 890 fo'rtis
827 841 909 889 est
938 841 993 906 ut
1023 846 1169 887 mors
1198 831 1442 906 dilectio,

557 908 693 962 dura
717 907 856 960 sicut
882 905 1122 959 infernus
1147 905 1422 959 aemulatio
1453 919 1468 959 :

485 980 558 1036 La
567 977 787 1050 mpade_s
825 976 963 1050 ejus,

561 1047 835 1120 lampades
864 1049 1004 1120 ignis
1030 1056 1192 1118 atque
1218 1047 1582 1120 ﬂammarum.

487 1116 867 1194 Aquae'multaa
888 1116 1003 1194 non
1030 1116 1324 1194 potuerunt
1352 1119 1707 1191 exstinguere
1733 1116 2076 1181 charltatem,

559 1191 658 1249 nec
681 1191 906 1247 ﬂumina
932 1192 1167 1247 obrttent
1195 1191 1343 1246 illam
1380 1211 1394 1248 :

488 1264 544 1323 Si
573 1265 785 1322 dederit
810 1262 975 1321 homo
998 1277 1215 1321 omnem
1245 1261 1603 1320 substantiam
1631 1261 1828 1320 domus
1850 1273 1966 1318 suae
1988 1272 2086 1330 pro

632 1336 947 1399 dilectione,

559 1407 715 1480 quasi
746 1407 880 1463 nihil
910 1415 936 1444 ι
965 1406 1268 1479 despicicnt
1295 1420 1441 1464 eum.

490 1480 662 1537 Soror
688 1489 872 1535 nostra
906 1493 1094 1550 parva,

559 1561 614 1608 et
643 1552 808 1607 ubera
836 1564 941 1606 non
968 1549 1133 1607 habet
1166 1566 1181 1605 :

486 1623 627 1694 Quid
658 1623 916 1680 faciemus
945 1621 1122 1680 sorori
1148 1630 1353 1693 nostra:

1478 281 1538 340 S.
1579 276 1966 339 HIERONYMI
2004 275 2237 338 DIVINA
2275 272 2752 338 BlBLlOTHECA.

2100 399 2152 462 Α
2253 397 2306 451 in
2331 395 2420 452 die
2442 395 2660 467 quando
2689 391 3021 467 alloquenda
3052 391 3171 452 est?

3639 268 3792 330 l292

2177 468 2234 529 Si
2260 484 2445 524 murus
2467 477 2568 533 est,

2253 540 2583 597 aadilicemus
2611 554 2775 613 super
2803 554 2926 597 eum
2959 537 3364 613 propugnacula
3401 546 3655 612 argentea
3692 555 3705 592 :

2183 614 2237 673 Si
2267 613 2466 669 ostium
2496 620 2602 682 est,

2252 687 2664 754 compingamus
2693 683 2827 740 illud
2857 684 3056 740 tabulis
3083 683 3352 740 cedrinis.

2183 757 2297 829 Ego
2321 773 2513 829 murus
2544 775 2558 812 :
2582 769 2636 814 et
2665 757 2833 813 ubera
2866 772 2983 812 mea
3011 757 3154 812 sicut
3183 757 3371 829 turris,

2254 845 2318 885 ex
2347 844 2456 903 quo
2484 828 2624 903 facta
2645 845 2762 903 sum
2792 843 2975 886 coram
3001 843 3065 884 eo
3085 827 3238 902 quasi
3263 826 3452 902 paeem
3471 826 3785 903 reperiens.

2183 901 2354 958 Vinea
2383 902 2482 955 fttit
2511 901 2759 970 pacifico,

2259 973 2311 1028 in
2335 989 2420 1044 ea,
2449 990 2568 1044 qua:
2599 973 2766 1028 habet
2793 973 3022 1043 populos
3051 987 3066 1028 :

2185 1043 2431 1100 Tradidit
2459 1043 2578 1100 eam
2603 1043 2920 1100 custodibus
2945 1063 2958 1098 :

2262 1117 2343 1172 vir
2369 1115 2526 1172 affert
2549 1132 2644 1186 pro
2671 1116 2850 1172 fructu
2881 1117 2998 1184 ejus
3027 1114 3175 1175 mille
3202 1128 3514 1190 argenteos.

2189 1187 2357 1244 Vinea
2385 1205 2504 1244 mea
2535 1203 2717 1244 coram
2744 1206 2828 1244 me
2851 1199 2954 1245 est.

2191 1261 2337 1316 Mille
2370 1261 2444 1315 tui
2478 1260 2707 1330 paciﬁci,

2261 1341 2318 1388 et
2345 1333 2563 1405 ducenti
2589 1333 2679 1405 bis
2709 1332 2799 1402 qui
2828 1333 3143 1389 custodiunt
3168 1331 3374 1388 fructus
3407 1331 3550 1405 ejus.

2190 1404 2321 1473 Qua:
2349 1403 2560 1459 habitas
2585 1404 2635 1458 in
2664 1405 2864 1472 hortis,
2897 1407 3057 1461 amici
3083 1407 3433 1461 auscultant:

2263 1477 2348 1532 fac
2371 1492 2460 1532 me
2486 1477 2676 1532 audire
2697 1492 2890 1533 vocem
2923 1486 3090 1534 tuam.

2190 1547 2362 1620 Fuge,
2391 1547 2586 1604 dilecte
2613 1550 2705 1614 mi,
2735 1560 2790 1604 et
2814 1551 3119 1606 assintilarc
3143 1563 3360 1620 caprea!

2263 1619 2594 1692 binuuloque
2618 1635 2905 1680 cervorum
2930 1635 3097 1694 super
3121 1619 3335 1678 montes
3357 1626 3688 1677 aromatum.

1685 1733 1919 1804 Explicit
1947 1731 2219 1790 Canticum
2240 1730 2593 1790 Canticorum.

561 1879 588 1908 α
609 1870 688 1926 lta’
716 1869 1053 1940 exemplaria
1071 1868 1308 1926 Canonis
1330 1883 1455 1924 cum
1486 1865 1608 1924 aliis
1636 1867 2089 1940 mss.codieibus,

491 1942 583 2000 ubi
627 1939 939 1998 constanter
984 1942 1250 1997 retinetur
1293 1941 1438 2012 quod
1485 1940 1778 1997 edidimus.
1823 1939 1880 1995 lu
1924 1939 2092 1995 Hebr.

492 2029 712 2086 quoque
742 2014 968 2070 verbum
1001 2013 1228 2082 pluralis
1265 2020 1351 2068 est
1397 2012 1642 2081 numeri,
1687 2027 1752 2068 ac
1793 2027 2095 2084 pronomen

490 2106 852 2164 masculinum
877 2089 933 2166 1‘)
958 2113 1090 2166 Tt‘lni
1128 2114 1216 2166 Tt:
1237 2106 1324 2160 bos
1343 2104 1510 2178 jabnz
1540 2105 1621 2172 lo,
1653 2104 1707 2160 id
1733 2110 1848 2171 est‘,
1873 2113 2100 2160 contem.

2199 1869 2367 1942 nenda
2396 1878 2718 1942 contemnant
2767 1887 2902 1924 eum.
2955 1869 3290 1942 Augustinus
3339 1868 3565 1940 insuper
3590 1865 3800 1942 eodem

2195 1941 2358 2015 modo
2385 1942 2583 2015 legisse
2607 1941 2818 1997 videtur
2851 1961 2864 1996 :
2897 1944 3024 2015 quia
3044 1939 3388 2015 exemplaria
3416 1939 3552 2015 mss.
3583 1939 3803 2011 Speculi

2197 2012 2458 2086 scriptum
2495 2013 2699 2069 habent
2722 2012 2948 2071 verbum
2987 2016 3041 2070 in
3083 2012 3307 2086 plurali,
3356 2013 3642 2085 despiciant
3696 2025 3801 2066 non

2195 2085 2466 2154 despiciet.
2494 2086 2676 2141 MART.

512 2219 3782 2245 _—————————-—————----—-—-—-———-——————___.__—_——————

566 2333 1226 2426 ‘PIUEFATIO
1300 2328 1983 2415 HIERONYMI
2057 2327 2179 2411 IN
2252 2327 2866 2413 DANIELEM
2940 2321 3712 2418 PROPHETAM.

566 2566 841 2624 Danielem
869 2561 1188 2636 prophetam
1217 2558 1374 2630 juxta
1395 2557 1749 2629 Septuaginta
1773 2557 2104 2628 lnterprctes
2133 2562 2179 2622 B
2208 2573 2326 2631 gnat
2365 2557 2527 2628 hujus
2565 2555 2848 2628 pistrinum
2895 2554 3266 2623 reclusisscm,
3299 2564 3353 2611 et
3385 2552 3556 2610 multo
3583 2552 3805 2622 sudore,

491 2659 708 2720 Domini
729 2655 1026 2715 Salvatoris
1051 2650 1314 2709 Ecclesiae
1337 2665 1444 2706 non
1469 2649 1660 2720 legunt
1681 2651 1894 2706 utentes
1917 2649 2098 2706 Theo-

493 2753 734 2812 dotionis
774 2749 1036 2812 editione,
1067 2754 1125 2804 et
1153 2747 1256 2802 hoc
1283 2759 1379 2801 cur
1405 2743 1695 2811 acciderit,
1727 2744 1936 2800 nescio.
1971 2742 2099 2801 Sive

494 2847 639 2907 enim
666 2845 794 2917 quia
834 2856 1018 2900 sermo
1045 2838 1371 2896 Chaldaicns
1395 2845 1500 2905 est,
1530 2846 1586 2892 et
1616 2836 1942 2908 quibusdam
1972 2851 2099 2908 pro-

492 2938 819 3012 prietatibus
843 2949 875 2990 a
901 2941 1090 2990 nostro
1112 2929 1332 3002 eloquio
1357 2929 1657 3001 discrepat,
1682 2928 1976 2986 noluerunt
2002 2928 2100 3012 Se:

499 3010 1353 3104 ptuagintalnterpreteseasdem
1377 3022 1405 3062 δ
1429 3023 1624 3094 linguai
1648 3021 1820 3079 lineas
1843 3023 1897 3078 in
1919 3010 2097 3080 transl

497 3127 701 3183 latione
749 3134 975 3180 servare
1027 3136 1041 3173 :
1095 3117 1218 3173 sive
1255 3115 1356 3172 sub
1394 3117 1612 3172 nomine
1653 3129 1844 3172 eorum
1885 3115 1954 3172 ab
1991 3117 2098 3172 alio

500 3218 689 3276 nescio
733 3229 841 3287 quo
887 3228 997 3269 non
1044 3209 1177 3267 satis
1219 3207 1532 3266 Chaldteam
1578 3208 1817 3280 linguam
1865 3207 2096 3276 sciente,

495 3311 675 3368 editus
710 3307 852 3364 liber
895 3312 980 3362 εει
1022 3320 1036 3359 :
1081 3301 1196 3358 sive
1237 3299 1383 3356 aliud
1428 3298 1554 3372 quid
1595 3313 1776 3356 causa:
1818 3301 2102 3358 exstiterit

497 3398 903 3476 ignorans:boc
933 3411 1099 3452 unum
1125 3393 1400 3450 affirmare
1426 3407 1667 3462 possum,
1696 3392 1842 3465 quod
1867 3393 2097 3450 multum

495 3515 526 3555 a
568 3497 795 3553 veritate
831 3488 1129 3556 discordet,
1162 3497 1214 3544 et
1244 3493 1397 3542 recto
1421 3485 1629 3557 judicio
1655 3485 1975 3556 repudiatus
2003 3486 2096 3543 sit.

496 3590 788 3650 Sciendum
832 3586 1054 3657 quippe,
1099 3593 1121 3622 ο
1173 3580 1450 3638 Danielem
1501 3579 1736 3636 maxime
1785 3592 1839 3637 et
1883 3581 2098 3650 Ezram,

500 3683 792 3742 Hebraicis
834 3679 1054 3750 quidem
1095 3675 1328 3742 litteris;
1370 3674 1467 3732 sed
1494 3674 1807 3744 ;Chaldaico
1844 3689 2104 3736 sermone

498 3774 859 3844 conscriptos,
882 3779 939 3828 et
968 3783 1132 3824 unam
1162 3765 1412 3824 Jcremite
1438 3772 1739 3842 περικοπὴν,
1763 3765 1866 3823 Job
1886 3783 2102 3840 quoque

499 3883 624 3923 cum
669 3861 900 3921 Arabica
940 3860 1127 3931 lingua
1172 3859 1376 3914 habere
1419 3857 1710 3929 plurimam
1753 3858 2096 3918 societatem.

2202 2651 2477 2722 multoque
2509 2660 2751 2722 tempore
2781 2649 2866 2704 vix
2899 2649 3189 2720 coepissem
3215 2647 3528 2708 anbelantia
3558 2644 3802 2703 striden-

2201 2745 2381 2817 tiaque
2421 2745 2585 2800 verba
2623 2758 2910 2810 resonare,
2941 2751 2998 2799 et
3026 2742 3184 2814 quasi
3209 2757 3305 2813 per
3333 2749 3577 2814 cryptam
3607 2741 3806 2797 ambu-

2201 2840 2342 2910 lans,
2369 2855 2548 2896 rarum
2572 2837 2809 2909 desuper
2835 2838 3018 2893 lumen
3046 2838 3372 2909 aspicerem,
3404 2835 3601 2907 impegi
3627 2837 3809 2892 novis-

2200 2935 2340 2988 sime
2383 2934 2434 2987 in
2477 2931 2787 2996 Danielem,
2827 2939 2882 2986 et
2923 2938 3074 2986 tanto
3113 2929 3279 2985 trcdio
3311 2929 3539 2985 affectus
3575 2944 3718 2996 sum,
3749 2935 3811 2984 ut

2200 3023 2580 3096 desperatione
2610 3023 2785 3080 subita
2817 3037 3036 3079 omnem
3075 3033 3320 3080 veterem
3349 3021 3591 3078 laborem
3621 3021 3812 3078 volue-

2200 3121 2303 3176 rim
2337 3129 2710 3178 contemnere.
2736 3117 3286 3177 Vcrum'adbortante
3329 3133 3419 3176 me
3439 3119 3674 3191 qundam
3705 3118 3810 3174 lie-

2202 3213 2371 3279 brmo,
2415 3222 2470 3269 et
2511 3213 2645 3269 illud
2691 3212 2824 3269 mihi
2867 3214 3114 3269 crebrius
3154 3209 3180 3250 ά
3223 3214 3275 3268 in
3318 3227 3416 3268 sua
3449 3212 3627 3283 lingua
3661 3213 3811 3283 inge-

2202 3317 2358 3364 rente
2375 3319 2422 3375 ο,
2456 3307 2628 3364 Labor
2656 3309 2830 3364 omnia
2856 3308 3012 3363 uincit
3043 3305 3331 3380 improbus,
3354 3308 3445 3378 qui
3476 3304 3589 3379 [AL
3615 3315 3671 3362 et
3696 3302 3812 3376 qui]

2203 3401 2334 3458 mihi
2362 3401 2590 3458 videbar
2619 3401 2822 3458 sciolus
2845 3401 2988 3458 inter
3023 3398 3041 3438 ί
3075 3416 3194 3468 eos,
3220 3401 3360 3470 coepi
3387 3413 3606 3455 rursum
3638 3397 3808 3453 disci-

2204 3497 2360 3568 pulus
2389 3513 2510 3554 esse
2539 3497 2887 3554 Cbaldaicus.
2920 3499 2984 3553 Et
3013 3507 3070 3552 ut
3096 3511 3281 3552 verum
3313 3495 3508 3561 fatear,
3537 3507 3711 3564 usque
3738 3491 3810 3545 ad

2202 3601 2530 3661 prmsentem
2571 3589 2714 3647 diem
2758 3592 2932 3662 magis
2962 3603 3183 3662 possum
3213 3601 3526 3644 sermonem
3554 3582 3814 3642 Cbaldai-

2203 3697 2326 3738 cum
2365 3683 2544 3754 legere
2582 3692 2638 3738 et
2677 3682 2982 3754 intelligere
3003 3725 3017 3748 ,
3048 3697 3212 3753 quam
3244 3695 3462 3736 sonare.
3494 3678 3622 3733 Hac
3646 3674 3812 3732 idcir-

2204 3788 2272 3830 co
2293 3784 2344 3842 ις,
2387 3784 2441 3829 ιιι
2471 3774 2848 3832 difficultatem
2874 3774 3030 3830 vobis
3053 3773 3294 3829 Danielis
3314 3769 3684 3834 ostenderem,
3713 3765 3812 3839 qui

2203 3866 2342 3940 apud
2390 3865 2652 3923 Hebrazos
2693 3882 2794 3924 nec
2837 3867 3104 3924 Susanna:
3144 3865 3311 3922 habet
3351 3863 3665 3928 historiam,
3708 3874 3811 3924 nec

501 3958 744 4027 Denique
779 3963 834 4010 et
868 3967 970 4024 ego
1011 3947 1486 4017 adolescentulus,
1532 3957 1654 4021 post
1695 3948 2016 4017 Quintiliani
2045 3964 2100 4010 et
2128 3965 2173 4028 ρ
2203 3957 2470 4032 hymnum
2511 3963 2670 4027 trium
2712 3976 3030 4034 puerorum,
3071 3976 3172 4017 nec
3205 3957 3354 4033 Belis
3379 3999 3395 4025 ,
3441 3957 3811 4028 draconisqne

499 4049 666 4107 Tullii
692 4045 978 4104 lectionem
1007 4057 1070 4100 ac
1096 4041 1259 4098 ﬂores
1289 4039 1617 4108 rhetoricos,
1643 4057 1768 4100 cum
1797 4058 1885 4099 me
1913 4045 1966 4100 in
1991 4044 2098 4101 lin-

577 4221 604 4249 ι
622 4210 774 4264 llunc
798 4201 1112 4276 Hieronymi
1136 4200 1445 4276 prologum,
1462 4201 1743 4276 ipsamque
1769 4214 1984 4276 omnem
2005 4203 2108 4258 Da.

505 4283 666 4342 niclis
705 4272 1212 4348 interpretationem
1241 4272 1489 4348 Latinam
1522 4287 1586 4328 ex
1627 4272 1845 4348 integro
1873 4274 1939 4330 ad
1968 4276 2106 4332 duos

504 4343 880 4427 optimtecun'i
905 4347 1092 4418 primis
1118 4353 1259 4402 notae
1289 4343 1503 4427 codices
1531 4345 2000 4427 mSSL'CngiMIlS,
2021 4349 2105 4402 al-

504 4413 682 4485 terum
713 4413 1016 4478 Palatinum
1047 4431 1278 4473 numero
1304 4416 1363 4484 ’5,
1387 4417 1622 4471 alterum
1649 4413 1978 4472 Vaticanum
2003 4435 2106 4476 nu-

509 4514 659 4556 mero
689 4497 797 4552 355
824 4499 1175 4564 praenotatos.

581 4571 608 4610 δ
647 4558 839 4624 Plures
863 4579 994 4619 mss.
1022 4563 1492 4632 omittuntfﬁvocem
1520 4558 1714 4630 lingua:
1736 4601 1750 4627 ,
1813 4560 2000 4632 sicque
2028 4563 2106 4619 le-

509 4650 644 4715 gunt
692 4639 853 4694 etiam
890 4631 1966 4715 vetustiores:NolneruntSeptuagintu
2015 4635 2104 4690 lu-

513 4705 780 4783 ierpretes
835 4707 1057 4765 easdem
1101 4705 1274 4760 lineas
1335 4705 1388 4758 in
1446 4705 1801 4760 translatione
1858 4720 2104 4764 servare.

513 4789 693 4844 Mnn'r.
805 4842 810 4846 ,

586 4844 909 4912 ——Fortasse
938 4847 1120 4904 verius
1147 4846 1376 4919 Palatin.
1406 4859 1511 4900 ms.
1536 4844 1738 4919 aliique
1759 4847 1942 4919 plures
1963 4849 2107 4919 apud

513 4931 906 4990 Martianaeum,
931 4921 1142 4978 easdem
1166 4918 1356 4986 tineas,
1377 4931 1513 4974 voce
1539 4915 1888 4989 inter-media,
1911 4915 2108 4993 lingua:

512 4999 900 5075 praetermissa:

589 5085 612 5113 ο
655 5069 842 5127 Daniel
889 5063 1181 5122 Cbaldaieo
1231 5077 1515 5134 sermone,
1550 5063 1894 5134 conscriptus
1955 5073 2037 5121 est
2074 5080 2108 5121 ιι

511 5161 677 5202 versu
703 5144 740 5198 ‘2
766 5156 886 5210 cap.
920 5153 958 5194 ιι
987 5136 1055 5192 ad
1096 5151 1218 5205 cap.
1243 5149 1379 5210 ιιιιέ
1411 5133 1623 5210 Esdras
1636 5133 1783 5190 vero
1811 5150 1842 5210 ξ
1880 5151 2043 5192 versu
2073 5138 2106 5193 8

511 5232 633 5288 cap.
657 5213 805 5288 ιμιᾴ
831 5205 957 5288 cap.
992 5223 1098 5288 vn,
1133 5221 1280 5288 vers.
1308 5206 1401 5288 $7.
1424 5205 1679 5262 Jeremie
1711 5206 2106 5288 tandem_per_i-

513 5278 650 5360 cope
672 5278 967 5360 Chaldaiee
991 5278 1427 5360 scriptilegitur
1450 5291 1630 5360 eam;
1651 5321 1664 5346 ,
1695 5293 1842 5334 vers.
1880 5278 1996 5349 11⁷,
2052 5281 2104 5337 in

511 5348 695 5418 nostra
717 5357 953 5413 editione
980 5348 1124 5407 vers.
1148 5348 1239 5417 52,
1272 5351 1342 5404 55
1369 5356 1425 5404 et
1449 5349 1538 5404 54.
1572 5349 1754 5405 ΜΑιιτ.

578 5462 650 5475 —-
667 5430 783 5486 Non
806 5444 835 5482 a
849 5421 1111 5486 secundo,
1129 5431 1188 5477 ut
1206 5421 1550 5494 Martianteus
1560 5431 1740 5494 putat,
1752 5421 1851 5478 sed
1865 5438 1892 5476 a
1910 5435 2106 5494 quarto

509 5505 704 5578 capitis
747 5495 968 5578 secundi
998 5509 1366 5578 versumsque
1397 5492 2106 5578 atlninitiumoctayi'tgbal-

509 5562 665 5635 daiee
689 5573 922 5642 scriptus
946 5575 1029 5622 est
1049 5564 1263 5642 Dapiel,
1279 5562 1431 5642 quod
1457 5562 1514 5619 S.
1546 5562 1664 5634 ipse
1687 5565 1845 5642 Pater
1867 5565 1920 5622 in
1941 5565 2105 5642 Com-

509 5646 778 5707 mentario
798 5635 1068 5703 'testatur.
1104 5635 1417 5711 Isdrasab
1456 5644 1650 5692 octavo
1676 5636 1868 5711 capitis
1898 5640 2098 5711 quarti,

508 5723 575 5776 ad
606 5719 897 5788 septimum
921 5724 1144 5767 versum
1172 5707 1589 5788 ιῑιιρίιίεκξιινιιι
1596 5716 1651 5762 et
1665 5707 1930 5788 πιεζθωὶιῇ
1943 5707 2104 5788 Δπιεριέ

509 5799 637 5852 ἱοπὴ
675 5778 857 5844 ἰι-ἰὺιιε
883 5791 1140 5840 constans
1159 5778 1446 5835 versiculis
1467 5794 1499 5833 a
1522 5778 1593 5834 32
1613 5778 1682 5835 ad
1704 5781 1772 5837 54
1793 5782 1986 5853 capitis
2007 5778 2102 5843 de.

504 5868 633 5926 cim‘t
659 5857 1010 5920 Chaldaicum
1036 5865 1347 5913 sermonem
1377 5859 1592 5909 sonant.

1115 6065 1141 6078 ν.

2207 4052 2416 4110 fabulas
2443 4072 2456 4107 :
2485 4050 2512 4091 ιι
2538 4071 2672 4127 quas
2696 4070 2796 4112 nos
2812 4097 2828 4122 ,
2857 4057 2979 4127 quia
3002 4055 3058 4111 in
3081 4063 3196 4112 toto
3221 4054 3352 4110 orbe
3375 4051 3640 4124 dispersae
3661 4058 3808 4119 sunt,

2282 4207 2310 4247 (³
2343 4210 2599 4269 Voculam
2649 4215 2704 4269 in
2762 4215 3046 4272 Palatinus
3088 4230 3194 4271 ms.
3246 4223 3430 4278 tacet,
3463 4218 3602 4267 utet
3645 4208 3810 4282 paulo

2210 4285 2457 4357 antealii
2487 4286 2628 4354 apud
2661 4286 3027 4342 Martianmum
3057 4302 3253 4342 nomen
3275 4286 3520 4357 quodam.

2286 4364 2310 4430 σῖ
2341 4355 2688 4430 ergilianum
2709 4359 2837 4413 illud
2852 4368 2936 4416 est
2965 4375 3033 4414 et
3058 4359 3254 4430 Georg.
3281 4353 3600 4430 mutuatum.
3632 4353 3807 4430 Mam.

2289 4424 2542 4503 {Verius
2587 4431 2674 4503 hic
2713 4446 2929 4503 quoque
2971 4431 3184 4486 videtur
3205 4424 3277 4485 vin
3311 4429 3536 4503 l’alatin.
3570 4443 3670 4503 ius.
3706 4427 3812 4496 legi

2211 4498 2404 4554 ariolus
2445 4501 2581 4574 inter
2622 4497 2869 4558 Hebron
2900 4517 2919 4553 :
2949 4503 3090 4574 quod
3131 4517 3329 4558 nomen
3361 4497 3687 4557 luculentius
3716 4513 3812 4569 op-

2213 4580 2443 4640 ponetur
2472 4573 2748 4629 Cbaldteo.
2968 4573 2980 4574 ί
3367 4625 3374 4633 .

2285 4651 2308 4689 8
2342 4643 2472 4699 Plus
2513 4643 2717 4700 habent
2742 4645 2848 4701 duo
2880 4660 3012 4702 mss.
3049 4645 3180 4703 Han:
3208 4645 3402 4700 idcirco
3431 4642 3559 4707 dixi,
3590 4650 3668 4706 ut,
3700 4648 3808 4695 etc.

2282 4711 2310 4748 δ
2370 4715 2702 4772 Refellendis
2760 4733 2884 4773 cum
2943 4719 3183 4781 Erasmi,
3226 4727 3338 4772 tum
3379 4714 3608 4780 Clerici,
3647 4721 3812 4782 atque

2209 4783 2444 4841 aliorum
2477 4804 2544 4842 ex
2575 4788 2734 4858 hujus
2761 4791 3050 4847 occasione
3081 4792 3181 4847 loci
3212 4785 3500 4845 calumniis
3533 4786 3586 4839 in
3618 4785 3810 4858 liiero-

2211 4871 2432 4931 [tymum
2474 4862 2605 4915 satis
2641 4861 2959 4931 abundeque
2999 4864 3091 4928 sit,
3135 4863 3206 4917 ab
3245 4864 3476 4930 ipsemet
3507 4857 3811 4931 intelligere

2209 4926 2374 4984 Libro
2405 4945 2441 4984 ιι
2473 4947 2621 5006 num.
2659 4933 2730 4988 55
2757 4936 2810 4988 in
2839 4926 3090 5006 Ruﬁnum
3111 4947 3218 5006 qua
3239 4926 3354 4987 hinc
3378 4939 3559 5006 mente
3581 4926 3803 5006 dixerit.

2209 5013 2263 5055 et
2287 5015 2393 5071 quo
2423 5004 2596 5074 accipi
2628 5017 2790 5059 sensu
2817 5005 2966 5059 velit.
2999 5004 3077 5062 De
3102 5000 3348 5070 Daniele,
3377 5001 3570 5074 inquit,
3599 5000 3812 5054 breviter

2210 5073 2559 5150 τξερρηάείιοζ
2578 5092 2656 5129 me
2683 5093 2788 5150 non
2811 5092 3025 5149 negasse
3044 5094 3158 5132 eum
3180 5073 3506 5150 prephetam,
3529 5087 3680 5143 quem
3701 5081 3810 5150 sta:

2212 5145 2300 5221 (int
2322 5145 2376 5221 in
2398 5150 2568 5216 fronte
2589 5149 2790 5221 protegi
2811 5143 3119 5221 prophetam
3139 5143 3247 5205 esse
3265 5143 3529 5221 confessas
3551 5159 3698 5208 sum;
3719 5143 3811 5221 sed

2209 5216 2334 5281 quid
2364 5216 2598 5294 ειειιιιλιειξ
2614 5216 2862 5281 dicerent,
2898 5216 2944 5274 et
2987 5221 3170 5291 quibus
3198 5216 3527 5294 argumentis
3553 5231 3702 5269 suam
3731 5217 3813 5294 ni-

2210 5296 2434 5361 terentur
2474 5291 2692 5359 probare
2737 5286 3075 5361 sententiain,
3123 5286 3345 5346 voluiise
3391 5295 3702 5361 monstrare.
3745 5286 3812 5341 Et

2210 5358 2540 5436 pauloipOSI:
2569 5363 2721 5436 ρει-σά
2744 5373 2918 5416 autem
2939 5358 3104 5436 refero
3126 5365 3247 5434 quid
3271 5362 3531 5436 adversus
3551 5358 3812 5436 Susanna:

2211 5429 2571 5509 historiam,et
2606 5433 2875 5509 ymnum
2901 5429 3053 5489 trium
3081 5429 3388 5509 pnerorttqt,‘
3417 5430 3648 5509 etABelis,
3676 5429 3813 5509 Dra-

2209 5503 2452 5578 conisque
2485 5501 2711 5576 fabula},
2745 5523 2863 5578 qua:
2898 5509 2952 5560 in
2989 5501 3246 5562 volumine
3285 5505 3338 5560 11
3345 5503 3554 5578 ὠναᾷεσ
3585 5519 3688 5555 non
3717 5501 3812 5578 Ita-

2210 5572 2657 5644 benturfn'sunm
2685 5572 2881 5633 soleant
2907 5577 3095 5646 dicere,
3121 5580 3212 5651 qui
3234 5595 3310 5632 me
3330 5576 3654 5651 criminatur,
3674 5573 3810 5651 stut-

2210 5655 2319 5699 tum
2348 5663 2402 5701 se
2426 5652 2800 5723 sywphantam
2826 5651 3029 5723 probat.
3058 5650 3109 5705 Ν
3115 5646 3180 5723 on
3209 5651 3345 5705 enim
3374 5647 3500 5723 quid
3523 5646 3812 5723 ipsesenti-

2209 5732 2336 5788 rem,
2377 5716 2472 5775 sed
2535 5716 2624 5775 uid
2661 5721 2743 5776 illi
2769 5716 2946 5778 contra
2983 5739 3076 5778 nos
3105 5722 3278 5779 dicere
3307 5716 3510 5776 soleant
3537 5716 3810 5789 explicari,

2209 5798 2314 5843 etc.
2349 5739 2551 5848 Βεροῖθ
2582 5808 2705 5848 nua:
2735 5795 2799 5848 ad
2837 5795 2976 5848 hunc
3005 5809 3221 5848 uuouue
3250 5793 3429 5848 locum
3453 5789 3611 5848 nobis
3633 5803 3809 5844 anno-

2206 5798 2316 5917 ἔξιὲ
2349 5789 2551 5917 Rectole
2582 5808 2705 5864 qua:
2735 5795 2799 5852 ad
2837 5795 2976 5851 hunc
3005 5809 3221 5869 quoque
3250 5793 3429 5851 locum
3453 5789 3611 5851 nobis
3633 5803 3809 5844 anno-

2229 5875 2257 5915 a
2338 5878 2438 5917 sun
2469 5903 2484 5917 .
