2062 3180
131 152 203 183 1295

674 152 777 181 LIBER
798 152 958 182 DANIELIS
979 150 1185 181 PROPHETAE.

1710 149 1780 180 HM

132 217 146 231 ι
162 217 229 239 veru
246 217 277 238 -ιν
294 210 460 246 anteposito,
471 216 571 246 easque
579 209 732 246 jugulante,
744 211 909 247 subjecimus
923 219 930 239 :
947 212 973 243 Α
986 210 1085 247 ptulus,
1099 210 1271 239 Ezechielem
1284 208 1443 238 adduxisset
1455 208 1481 238 in
1497 205 1628 244 medium,
1643 210 1670 238 et
1682 209 1787 238 diceret

133 267 168 287 ne
184 258 338 286 videremur
353 258 422 294 apud
441 258 581 293 imperitos
598 266 722 295 magnam
738 262 842 294 partetn
856 258 932 285 volu-

135 306 215 333 tninis
230 305 418 334 detruncassc.
436 306 538 334 Audivi
552 313 603 341 ego
618 306 761 341 quemdam
777 306 812 334 de
832 313 934 341 praece-

135 353 260 389 ptoribus
270 353 423 380 Judasorum
435 372 443 386 ,
467 360 527 381 cttm
542 353 673 381 Susanna:
688 352 824 381 dcridrret
848 353 934 380 histo-

135 401 215 434 riam,
232 405 257 428 et
272 408 287 428 a
301 400 397 429 Graeco
410 401 502 428 nescio
516 408 569 435 quo
584 400 688 429 diceret
707 408 767 428 esse
781 400 934 435 conﬁctam,

136 447 203 475 illud
217 455 356 483 opponere
371 468 378 480 ,
403 447 473 484 quod
490 447 599 484 Origeui
620 456 727 484 quoque
753 446 766 466 ιι
791 447 937 475 Africanus

137 496 274 531 opposuit,
289 495 466 531 etymologias
480 495 530 523 has
541 495 593 523 ἀπὸ
605 499 651 523 τοῦ
665 497 759 531 σχίνου
775 496 882 531 σχίσαι,
896 495 938 522 καὶ

135 545 187 573 ἀπὸ
212 548 258 573 τοῦ
273 545 362 584 πρίνου
379 545 479 584 πρίσω,
497 544 531 572 de
557 544 654 573 ϐιαιςο
669 551 796 572 sermone
824 543 938 571 descen-

136 591 212 619 dere.
229 590 313 627 Cujus
327 591 367 619 rei
382 598 431 618 nos
445 591 652 626 intelligentiam
668 591 771 619 nostris
792 590 860 617 hanc
875 597 939 625 pos-

137 646 230 666 sumus
243 638 331 667 dare:
353 638 398 671 Ut,
419 638 494 666 verbi
518 638 620 673 gratia,
651 637 774 665 dicamus
787 637 822 664 ab
841 636 938 664 arbore

140 686 206 714 ilice
219 685 322 713 dixisse
337 693 397 713 eum
412 707 419 719 ,
435 684 510 712 Illico
522 692 619 720 pereas
634 692 641 711 :
666 688 693 711 et
708 692 723 712 a
747 683 879 716 lentisco,
908 681 937 711 In

138 734 238 762 lentem
256 734 282 761 te
295 732 464 761 comminuat
474 731 600 767 angelus,
615 731 655 759 vel
673 738 725 758 non
740 730 812 758 lente
827 737 936 765 pereas,

137 784 185 808 aut
199 781 303 814 lentus,
321 780 347 808 id
361 784 404 808 est
418 779 546 808 ﬂexibilis
560 779 668 806 ducaris
679 778 712 810 ad
728 781 844 805 mortem
860 787 867 805 :
882 778 939 805 sive

138 827 211 862 aliud
227 827 291 863 quid
317 827 350 854 ad
373 827 480 855 arboris
509 834 607 854 nomen
632 825 808 854 conveniens.
837 824 938 852 Deinde

139 879 243 902 tantum
259 880 269 894 π
285 874 368 902 fuisse
382 874 431 902 otii
447 874 534 902 tribtts
550 874 641 909 pueris
654 873 849 906 cavillabatur,
867 876 895 899 ut
911 872 936 899 in

986 265 1047 286 eum
1062 258 1096 285 de
1110 256 1236 286 Chaldma
1257 258 1283 285 in
1307 257 1428 286 Jttdmam
1444 256 1528 285 fuisse
1540 257 1699 284 translatum
1716 266 1722 283 :
1739 256 1787 284 de-

986 305 1047 332 risit
1069 304 1206 332 hominem
1222 326 1229 337 ,
1246 308 1273 331 et
1288 312 1320 331 ex
1344 304 1403 339 ipso
1426 303 1565 331 volumine
1590 302 1788 331 demonstravit

988 351 1157 378 Ezechielem
1178 351 1203 378 in
1220 351 1316 386 spiritu
1332 358 1361 379 se
1383 350 1483 378 vidisse
1499 350 1706 387 transpositum.
1736 349 1788 377 De-

987 397 1069 433 nique
1082 402 1109 425 et
1119 397 1278 433 Apostolum
1304 403 1427 427 nostrum
1438 418 1446 431 ,
1462 398 1588 426 videlicet
1606 403 1634 425 ut
1649 396 1785 426 eruditum

988 445 1122 478 virum,et
1133 444 1179 480 qui
1191 444 1279 480 legem
1289 444 1323 472 ab
1335 445 1457 473 Hebraais
1470 445 1609 473 didicisset
1623 464 1630 478 ,
1640 452 1692 473 non
1702 445 1786 473 fuisse

988 497 1082 518 ausum
1097 490 1233 518 afﬁrmare
1244 498 1274 519 se
1287 494 1393 526 raptum
1408 491 1433 518 in
1448 498 1563 526 corpore
1577 512 1584 525 ,
1601 491 1648 519 sed
1664 491 1766 518 dixi>se
1779 499 1786 518 :

989 537 1049 566 Sive
1060 538 1086 566 in
1099 546 1206 574 corpore
1219 559 1226 572 ,
1245 539 1297 566 sive
1317 542 1391 567 extra
1406 547 1498 575 corpus
1509 560 1517 573 ,
1542 540 1639 566 nescio.
1657 538 1726 565 Deus
1741 538 1788 574 scit

989 586 998 622 (
1013 586 1035 614 Il
1048 585 1109 615 Cor.
1125 595 1178 620 ιιιι,
1194 586 1212 614 2
1226 586 1246 623 ).
1262 587 1309 615 liis
1322 591 1350 615 et
1372 587 1470 615 talibus
1486 588 1652 623 argumentis
1675 594 1790 622 apocu-

989 635 1057 670 phas
1070 634 1095 661 in
1113 634 1182 662 libro
1196 634 1326 662 Ecclesiae
1341 634 1446 662 fabulas
1469 634 1610 670 arguebat.
1629 634 1716 669 Super
1738 639 1790 668 qua

989 688 1019 708 re
1051 680 1161 709 lectoris
1185 681 1299 708 arbitrio
1324 680 1456 716 judicium
1491 681 1700 715 derelinquens,
1724 679 1789 720 illud

989 727 1122 755 admoneo
1135 748 1141 760 ,
1157 735 1210 755 non
1227 727 1319 756 haberi
1335 727 1472 755 Danielem
1487 729 1558 763 apud
1577 728 1706 756 llcbratos
1720 720 1791 755 inter

990 769 1153 810 prophetas,
1184 774 1231 802 sed
1252 774 1325 802 inter
1351 782 1398 802 eos
1421 775 1466 810 qui
1495 774 1646 814 Ἀγιόγραφα
1672 775 1792 802 conscri-

990 826 1113 857 pserunt.
1129 821 1156 849 In
1169 826 1223 850 tres
1246 821 1379 857 siquidem
1395 825 1486 856 partes
1501 823 1590 849 omnis
1601 821 1635 849 ah
1656 821 1696 849 eis
1719 820 1793 849 Scri-

989 872 1067 904 ptura
1081 868 1091 880 '
1105 868 1233 896 dividitur
1246 877 1253 895 :
1267 869 1292 896 in
1309 868 1408 904 Legem
1419 889 1427 903 ,
1454 868 1480 896 in
1492 868 1644 904 Prophetas
1667 868 1694 896 in
1708 866 1794 905 Ἀγιόι

137 922 244 950 camino
271 921 411 949 wstttantis
436 921 554 949 incendii
584 925 671 948 ntetro
693 919 834 953 luderent,
849 923 876 946 et
891 925 938 953 per
954 918 976 948 Β
989 926 1088 955 γραφα,
1115 916 1141 943 id
1157 919 1218 950 est,
1234 916 1260 943 in
1275 917 1395 952 quinque
1406 936 1414 949 ,
1431 921 1458 943 et
1473 921 1546 949 octo,
1572 920 1599 942 ct
1625 917 1651 944 in
1666 915 1790 943 undecim

138 968 261 996 ordinem
278 967 311 995 ad
331 967 438 995 laudem
461 967 510 994 Dei
532 967 622 994 omnia
646 966 780 993 elementa
808 971 939 1000 provora-

138 1020 199 1044 rcnt
215 1025 221 1042 :
247 1019 293 1043 aut
305 1015 377 1051 quod
393 1014 574 1048 miraculum,
591 1014 744 1049 divinzeqne
763 1012 939 1048 aspirationis

138 1062 267 1090 iudicium
281 1083 289 1096 ,
315 1062 357 1090 vel
373 1061 520 1089 draconem
535 1060 707 1088 interfectum
723 1058 775 1087 oﬂ‘a
791 1059 859 1094 picis
874 1079 881 1092 ,
895 1058 939 1086 vel

138 1110 311 1143 sacerdotum
327 1109 400 1137 Belis
411 1109 550 1136 machinas
564 1108 764 1143 deprehensas:
779 1114 840 1142 qua:
855 1106 940 1141 magis

138 1157 283 1192 prudentia
297 1156 408 1184 solertis
421 1156 470 1183 viri
486 1176 493 1187 ,
504 1163 584 1191 quam
600 1153 753 1191 prophetali
766 1156 861 1181 essent
875 1152 885 1190 [_
896 1152 938 1179 Αι.

138 1211 199 1232 εεςρ
211 1202 222 1241 ]
234 1203 329 1239 spiritu
345 1202 523 1238 perpetrata?
537 1201 603 1229 Cum
621 1209 685 1228 vero
709 1199 741 1227 ad
768 1198 879 1227 Abacnc
895 1206 942 1226 ve-

138 1251 231 1283 niret,
247 1254 275 1278 et
289 1250 323 1278 de
335 1250 431 1278 Judaaa
455 1250 481 1276 in
505 1248 519 1267 ἀ
542 1247 696 1276 Chaldacam
720 1251 826 1281 raptum
851 1245 941 1272 disco-

140 1298 256 1337 phorurn
271 1297 335 1334 [AL
351 1296 588 1325 discumferenlem
603 1294 613 1331 ]
628 1293 764 1322 lectitaret
780 1301 787 1320 :
803 1292 942 1329 quterebat

140 1344 295 1380 exemplum
312 1338 328 1377 ,'
347 1343 391 1371 ubi
417 1343 577 1379 legissemus
602 1342 628 1369 in
653 1347 708 1369 toto
735 1340 819 1368 veteri
846 1339 941 1368 Testa-

141 1396 245 1425 mento,
257 1397 421 1426 queinquam
438 1394 594 1417 sanctorum
606 1387 680 1423 gravi
696 1387 803 1415 volasse
814 1393 940 1420 corpore,

142 1442 170 1465 et
184 1438 210 1464 in
227 1441 327 1473 puncto
354 1436 429 1464 horae
447 1441 520 1463 tanta
537 1440 670 1464 terrarum
687 1434 773 1469 Spatia
799 1432 940 1461 transisse.

142 1484 191 1512 Cui
206 1491 265 1512 cum
279 1482 392 1519 quidam
408 1490 422 1511 e
433 1483 533 1510 nostris
548 1482 615 1510 satis
629 1481 661 1509 ad
675 1479 840 1517 loquendum
854 1487 944 1515 prom-

991 961 1091 990 ltbros:
1103 961 1138 989 de
1149 969 1203 997 quo
1220 968 1272 989 non
1286 961 1414 996 csthnjns
1426 963 1554 998 temporis
1568 962 1712 990 disserere.
1726 961 1792 996 Qua:

991 1012 1082 1035 autent
1096 1016 1130 1036 ex
1146 1009 1196 1036 hoc
1209 1008 1340 1044 propheta
1355 1030 1362 1043 ,
1380 1008 1464 1037 immo
1474 1012 1567 1036 contra
1586 1008 1656 1036 hunc
1672 1008 1768 1036 librum
1783 1031 1791 1044 ,

993 1055 1159 1091 Porphyrius
1184 1055 1314 1091 objiciat,
1341 1060 1426 1084 testes
1453 1060 1518 1083 sunt
1542 1056 1717 1089 Methodius,
1741 1056 1794 1084 Eu-

992 1103 1103 1136 sebius,
1128 1103 1313 1138 Apollinaris:
1338 1104 1383 1139 qui
1410 1103 1504 1131 multis
1524 1110 1651 1131 versuum
1672 1102 1793 1131 millibus

992 1149 1054 1184 ejus
1077 1149 1195 1177 vesanim
1216 1150 1432 1185 respondentes,
1458 1149 1551 1178 nescio
1573 1158 1607 1178 an
1631 1150 1738 1178 curioso
1760 1150 1795 1178 le-

991 1196 1061 1225 ctori
1086 1196 1275 1225 satisfecerint.
1300 1196 1377 1225 Unde
1403 1197 1518 1225 obsecro
1530 1204 1594 1230 vos,
1620 1204 1637 1225 ο
1662 1197 1743 1225 Paula
1767 1202 1796 1226 et

993 1242 1167 1271 En=tochium
1185 1264 1192 1276 ,
1209 1243 1326 1271 fundatis
1346 1251 1452 1278 prome
1465 1243 1497 1271 ad
1516 1243 1658 1271 Dominum
1676 1250 1770 1278 preces
1785 1251 1792 1270 :

992 1295 1022 1319 ut
1036 1289 1164 1326 quamdiu
1180 1290 1206 1317 iu
1221 1290 1273 1317 hoc
1288 1290 1450 1326 corpusculo
1464 1298 1523 1317 sum
1535 1312 1542 1325 ,
1564 1289 1679 1318 scribam
1691 1289 1793 1325 aliquid

990 1344 1096 1373 gratum
1122 1336 1215 1370 Vobis,
1248 1337 1313 1364 utile
1342 1336 1487 1369 Ecclesiae,
1520 1335 1629 1371 dignum
1662 1334 1789 1371 posteris.

994 1384 1173 1413 Prtesentium
1189 1384 1288 1419 quippe
1300 1383 1410 1419 judieiis
1425 1391 1478 1411 non
1494 1383 1561 1411 satis
1577 1390 1688 1411 moveor
1713 1391 1720 1409 :
1747 1382 1794 1417 qui

995 1431 1022 1459 in
1038 1435 1181 1466 utramque
1196 1434 1300 1466 partem
1313 1450 1320 1464 ,
1336 1433 1382 1457 aut
1393 1437 1485 1457 amore
1500 1428 1627 1457 labuntur
1639 1449 1647 1463 ,
1661 1432 1706 1457 aut
1719 1428 1794 1456 odio.

180 1558 193 1573 ⁸
209 1554 330 1582 Consule
343 1552 534 1580 annotationes
554 1549 669 1578 Leandri
684 1549 716 1577 dc
738 1549 767 1577 S.
785 1548 901 1576 Martino
916 1547 942 1574 in
958 1548 981 1580 C
998 1545 1080 1574 notis.

144 1590 215 1618 hanc
229 1590 386 1625 Hieronymi
409 1589 618 1625 Prmfatiouem,
642 1586 742 1625 uhi_vir
765 1585 861 1612 doctus
880 1584 942 1618 jure

144 1627 242 1654 merito
262 1622 436 1659 reprehendit
459 1624 620 1655 Erasrnum,
650 1622 697 1656 qui
723 1627 825 1659 tcntcre
849 1624 942 1659 contra

145 1669 262 1690 mentem
278 1656 308 1689 S.
324 1661 464 1691 Doctoris.
482 1667 545 1687 usus
560 1659 689 1686 Ecclesia:
705 1657 835 1692 sugillare
850 1656 945 1683 nititur

143 1699 171 1726 in
186 1699 241 1725 suis
252 1697 374 1730 scholiis,
387 1703 590 1731 nonnumquam
603 1694 672 1722 male
687 1691 826 1731 concoctis
838 1713 846 1725 ,
864 1691 946 1731 quid-

143 1735 206 1769 quid
219 1733 304 1760 velint
314 1728 493 1760 admiratores
503 1728 578 1769 itimii
591 1730 752 1769 eruditionis
765 1728 944 1762 Erasmianze,

143 1766 175 1797 ac
192 1777 284 1804 parum
301 1769 371 1804 aequi
389 1776 477 1796 rerum
497 1768 696 1804 mstintatores;
710 1766 800 1793 Mam.

180 1802 197 1825 δ’
212 1805 275 1832 Vide
289 1802 430 1838 cpiétrilarrt
444 1804 570 1839 Origenis
593 1803 625 1829 ad
639 1802 808 1839 Africanum.
829 1806 943 1839 numero

145 1841 296 1877 prtescrtint
308 1836 339 1874 '7,
355 1845 382 1867 et
404 1847 464 1875 qua:
480 1836 530 1877 nos
553 1839 585 1877 ad
603 1837 834 1877 Commentarios
851 1836 947 1877 Hiero-

144 1871 217 1913 itymi
232 1877 258 1904 in
271 1871 392 1912 capfxtn
407 1871 438 1903 ex
453 1875 549 1904 eodem
564 1874 680 1910 Origene
705 1872 898 1901 edisseruintus
917 1871 945 1898 in

1035 1589 1045 1602 ε
1061 1583 1126 1610 Cum
1136 1581 1249 1617 negandi
1261 1580 1404 1616 particula,
1417 1580 1533 1608 secunda
1549 1584 1638 1617 tamen
1652 1579 1798 1617 addita,»ut

997 1619 1104 1646 videtur
1117 1638 1125 1651 ,
1147 1615 1244 1649 manu,
1261 1615 1361 1649 tantum
1384 1625 1435 1644 non
1450 1617 1531 1651 fuisse
1549 1616 1612 1651 otii,
1631 1615 1657 1643 in
1682 1615 1796 1643 Palatio.

1002 1637 1099 1646 nam...
1262 1637 1361 1644 ,μη-...η
1385 1637 1435 1644 ην..
1464 1637 1530 1644 me.
1549 1637 1594 1643 ν...
1682 1637 1796 1643 ..η-η...

999 1663 1050 1682 ms.
1069 1638 1178 1688 legitur.
1199 1639 1332 1681 ueterum
1348 1654 1437 1688 ipsutn
1450 1637 1543 1680 [recole
1559 1652 1587 1681 S.
1604 1637 1746 1679 Doctorem
1770 1652 1796 1679 in

999 1692 1113 1726 prologo
1128 1689 1391 1717 Commentariorum
1408 1690 1434 1715 in
1448 1688 1519 1716 hunc
1534 1688 1703 1724 prophetam.

1033 1725 1046 1744 ιι
1065 1726 1212 1753 Vaticanus
1239 1725 1341 1753 codex.
1366 1725 1444 1753 cuius
1471 1731 1554 1753 supra
1576 1731 1649 1753 szepe
1672 1722 1782 1750 tuemini

1033 1731 1046 1744 υ
1067 1731 1212 1753 Vaticanus
1239 1731 1341 1759 codex,
1366 1732 1444 1759 cuius
1471 1731 1554 1759 supra
1576 1731 1649 1759 saepe
1672 1731 1797 1750 tttcnttnt-

1000 1769 1071 1795 mus,
1085 1761 1165 1802 habet
1182 1762 1307 1802 Latinam
1329 1759 1797 1802 hujushvocisinterpretationem:

999 1804 1103 1833 raptum
1117 1798 1340 1832 distumferentem
1356 1796 1493 1824 lectitaret.
1509 1795 1597 1824 MART.

1037 1838 1049 1853 ι’
1071 1830 1179 1861 Videsis
1194 1838 1254 1861 (tua:
1275 1833 1376 1861 scribta
1392 1833 1518 1861 leguntur
1532 1833 1558 1859 in
1576 1826 1691 1861 Prologo
1706 1831 1799 1861 Scrip-

1037 1839 1049 1853 ι·
1073 1839 1179 1861 Vtuests
1194 1839 1254 1868 qua:
1275 1839 1376 1868 scripta
1392 1839 1518 1867 teguntur
1532 1840 1558 1859 tu
1576 1839 1691 1866 Prorogo
1706 1839 1776 1866 acrq

1000 1874 1122 1897 turarurn
1134 1869 1211 1897 libris
1220 1869 1330 1897 Samuel
1342 1876 1375 1896 ac
1387 1868 1521 1896 Malacliin
1534 1868 1656 1903 praeﬁxo.
1670 1865 1762 1895 MART.

147 1938 1564 1961 ______________________________..___

867 2003 1087 2050 INCIPIT

235 2106 533 2181 LIBER
580 2073 1045 2176 DANIELIS
1067 2126 1072 2129 —
1094 2092 1442 2169 PROPH
1456 2092 1689 2166 ET/E.

146 2282 156 2318 [
171 2279 376 2318 Visio‘l.]_A_nno
388 2277 469 2318 ΙΨἰο
482 2276 559 2311 regni
573 2271 872 2318 Jo'i‘acimrregisdtltda'.

275 2306 530 2344 Nabuchtmnosor'
538 2319 585 2339 rex
601 2306 745 2346 Babylonis
766 2308 793 2335 in
809 2306 872 2343 [AL
889 2310 940 2333 lac.

219 2354 243 2380 in
258 2352 267 2389 ]
284 2350 434 2389 Jerusalem
444 2370 451 2382 ,

182 2394 210 2417 et
222 2388 328 2416 obsedit
343 2394 403 2415 eam
421 2394 428 2412 :
486 2420 492 2422 _
647 2418 654 2422 _
721 2416 731 2422 '
751 2416 757 2422 ι
795 2415 800 2420 _

146 2416 193 2453 Etr
208 2424 319 2452 tradidit
343 2422 471 2451 Dominus
486 2420 513 2448 in
534 2427 614 2447 manu
630 2418 690 2454 eius
717 2416 830 2445 Juiacim
851 2420 943 2450 regem

217 2461 286 2489 .lnda
300 2480 308 2493 ,

182 2501 211 2524 et
224 2490 327 2533 partem
339 2501 468 2533 vasorum
486 2492 583 2533 do~mus
601 2490 673 2532 Deif
690 2497 714 2533 ξ.
746 2532 749 2533 ν
825 2522 871 2533 Ν,
888 2521 928 2533 ΜΔ

148 2523 343 2569 Ειὶίςῇώὶξιὴιι
360 2530 386 2569 in
402 2536 500 2569 terram
514 2528 637 2569 Senrraar
658 2523 809 2569 infirmium
825 2523 871 2551 Dei
888 2523 945 2556 sui,

184 2573 212 2597 et
225 2559 289 2596 vasa
299 2559 395 2596 intulit
407 2565 434 2594 in
450 2566 558 2593 domutn
574 2561 695 2591 thesauri
707 2559 754 2589 Dei
767 2562 820 2589 sui.

148 2595 292 2633 Etaitrrerx
306 2603 449 2639 Asphanaz
463 2599 608 2639 ιιι-θεροβίιο
622 2597 808 2639 cunuchorum
821 2595 856 2631 δ,

185 2646 214 2669 ιιι
229 2635 412 2669 introduceret
428 2635 535 2666 de’ﬁliis
550 2635 650 2670 Israel,

185 2683 212 2705 et
221 2678 255 2705 de
269 2676 372 2704 semine
384 2674 457 2710 regio
468 2677 496 2701 et
509 2677 686 2710 tyrannorum
696 2691 704 2704 ,
720 2676 821 2710 pueros
833 2689 841 2703 ,

149 2713 178 2742 in
194 2713 291 2749 quibus
306 2712 377 2739 nulla
393 2705 466 2749 esset
480 2705 598 2749 macula,
611 2705 728 2735 decoros
739 2705 825 2733 forma
837 2726 845 2739 ,

185 2744 212 2778 ei
226 2749 347 2777 eruditos
362 2746 436 2774 omni
452 2744 584 2779 sapientia
596 2765 604 2777 ,

186 2790 279 2814 cautos
289 2784 401 2811 scicntia
413 2803 420 2814 ,
435 2785 464 2810 et
476 2778 570 2809 doctos
580 2778 720 2814 disciplina
733 2799 742 2812 ,

189 2871 200 2884 η
218 2865 362 2893 Vaticanus
375 2871 426 2891 ms.
443 2861 518 2889 addit
530 2860 573 2888 hic
583 2860 714 2891 verbum,
727 2855 897 2896 cgpit_:_quod
919 2855 945 2896 in

152 2891 382 2935 liciiraiotameu,
397 2904 444 2927 aut
463 2898 575 2931 Grmco,
601 2896 718 2931 denique
739 2891 843 2927 Latinis
869 2891 948 2920 libris

155 2946 208 2967 non
224 2943 276 2966 051.
466 2947 480 2957 ι

999 2269 1032 2296 Ει
1046 2268 1091 2303 qui
1104 2270 1213 2302 possent
1229 2267 1302 2303 stare
1315 2261 1341 2288 in
1354 2259 1454 2303 palatio
1471 2261 1541 2296 regis
1555 2281 1563 2294 ,

1034 2294 1188 2331 ntidoceret
1202 2307 1250 2327 eos
1262 2294 1363 2326 litteras
1374 2318 1380 2329 .
1396 2301 1423 2323 ct
1438 2294 1555 2332 linguam
1570 2294 1770 2332 Gtaldmorum.

997 2339 1032 2367 Et
1056 2337 1197 2366 constituit
1219 2334 1259 2363 eis
1271 2342 1320 2362 rex
1334 2338 1467 2361 annonam
1483 2341 1531 2368 per
1545 2332 1665 2368 singulos
1686 2331 1743 2359 dies
1764 2332 1797 2359 de

1069 2373 1136 2401 cibis
1149 2372 1220 2404 suis,

1034 2410 1108 2439 etde
1120 2410 1182 2436 vino
1197 2407 1268 2435 unde
1284 2406 1392 2433 bibebat
1405 2406 1484 2440 ipse;

999 2448 1033 2476 Ut
1047 2446 1156 2474 enutriti
1174 2445 1265 2482 tribus
1275 2443 1353 2469 annis
1366 2462 1373 2473 ,
1514 2474 1520 2482 .

1037 2487 1128 2518 postea
1143 2485 1244 2508 starent
1260 2479 1285 2506 iu
1301 2482 1451 2518 conspectu
1465 2479 1546 2518 regis.

1002 2512 1120 2547 Fn'erunt
1135 2525 1200 2551 ergo
1212 2518 1281 2542 inter
1296 2522 1345 2551 eos
1357 2515 1390 2540 de
1407 2513 1467 2551 liliis
1481 2512 1549 2551 Juda
1565 2532 1573 2551 _,

1036 2554 1129 2582 Daniel
1143 2575 1150 2587 ,
1167 2547 1288 2580 "Annios
1301 2571 1307 2582 ,
1325 2550 1417 2577 Misael
1431 2571 1438 2583 ,
1454 2552 1481 2576 cl.
1493 2547 1615 2587 A_zarias.

1001 2593 1035 2620 Et
1051 2582 1178 2625 imposuit
1192 2591 1232 2616 eis
1249 2587 1410 2622 praepositus
1423 2584 1609 2613 cunuchorum
1622 2604 1630 2617 ,
1652 2582 1777 2612 nomina:

1037 2626 1140 2654 Danieli
1153 2645 1160 2657 ,
1178 2624 1313 2652 Baltassar
1329 2631 1337 2650 :
1782 2632 1787 2637 -

1037 2662 1147 2690 Ananiae
1160 2683 1167 2695 ,
1189 2658 1303 2687 Sidrach
1315 2667 1322 2686 :

1037 2698 1137 2726 Misaeli
1153 2718 1159 2729 ,
1176 2695 1273 2723 Misach
1286 2716 1293 2727 ,

1037 2740 1063 2762 ct
1077 2733 1181 2761 Azariae
1195 2753 1202 2764 ,
1218 2730 1374 2765 Abdcnago.

1002 2770 1150 2806 Proposuit
1161 2771 1251 2795 autent
1267 2763 1361 2794 Daniel
1376 2765 1402 2793 in
1416 2763 1498 2793 corde
1512 2768 1572 2798 suo,

1033 2851 1046 2870 ι)
1062 2850 1112 2878 liic
1134 2856 1197 2876 vero
1221 2847 1293 2883 quod
1308 2847 1371 2882 plus
1385 2846 1466 2883 habet
1483 2845 1553 2873 idem
1569 2852 1620 2872 ms.
1648 2851 1797 2879 pronomen

998 2894 1106 2915 suorum
1116 2906 1124 2919 ,
1138 2890 1165 2914 et
1178 2886 1204 2912 in
1219 2881 1336 2912 Hebraéo
1348 2881 1497 2917 archetypo
1513 2884 1622 2909 reseruat
1633 2884 1754 2915 'l‘Dt'ﬁa,
1769 2885 1799 2908 et

998 2922 1143 2952 commode
1155 2920 1274 2956 suppleri
1286 2920 1312 2948 iu
1328 2919 1425 2948 Latino
1440 2921 1538 2954 potest.
