4082 6354
520 295 664 356 1295

590 427 660 469 ne
683 407 1016 481 pollueretur
1038 406 1108 462 de
1133 418 1322 481 mensa
1351 400 1496 475 regis
1521 447 1536 473 ,

585 478 767 554 neque
790 481 860 554 de
892 479 1019 534 vino
1051 487 1210 554 potus
1238 478 1354 548 ejus
1379 519 1395 544 ,

589 567 646 613 et
675 546 883 624 rogavit
905 546 1280 608 eunuChorum
1335 548 1686 620 prarpositum
1737 563 1807 605 ne
1854 546 2122 604 contami-

665 634 908 682 naretur.

520 699 681 756 Dedit
707 706 884 753 autem
917 695 1058 750 Deus
1089 693 1297 748 Danieli
1329 693 1562 763 gratiam
1593 704 1649 748 et
1679 691 2120 750 misericordiam

595 771 648 825 in
676 777 970 838 conspectu
997 766 1259 838 principis
1285 765 1681 838 eunnrhornm.

522 842 595 898 Et
613 843 687 897 ait
717 836 966 910 princeps
991 837 1367 893 cunuchorum
1399 836 1465 890 ad
1496 837 1771 893 Danielem
1801 854 1816 893 :

596 915 786 968 Timeo
805 926 906 980 ego
931 911 1210 966 dominum
1245 925 1424 965 meum
1453 924 1632 978 regem
1667 952 1682 969 .

594 984 686 1055 qui
709 983 991 1055 constituit
1013 981 1170 1055 vobis
1193 980 1374 1036 cibum
1403 990 1458 1036 et
1484 991 1668 1055 patum
1702 997 1714 1032 :

522 1052 627 1125 Qui
653 1058 695 1112 si
722 1053 920 1110 viderit
944 1053 1125 1107 vultus
1151 1065 1364 1108 vestros
1392 1052 1794 1125 macilentiorcs
1821 1066 1933 1124 pra:
1958 1057 2124 1106 cmic-

575 1157 586 1174 ι
669 1129 743 1184 ris
773 1125 1211 1182 adolescentibus
1239 1124 1438 1180 comvis
1464 1125 1659 1179 vestris
1685 1165 1700 1191 ,

593 1197 1032 1256 condcmnabitis
1058 1206 1221 1264 caput
1249 1211 1427 1250 meum
1461 1197 1599 1267 regi.

524 1275 596 1330 Et
624 1272 761 1328 dixit
787 1269 973 1326 Daniel
1003 1267 1067 1322 ad
1099 1268 1354 1322 Malassar
1378 1309 1392 1332 ,

595 1361 756 1417 quem
793 1340 1469 1417 constituerarprinceps
1527 1335 1904 1396 cunuchorum
1956 1351 2122 1408 super

670 1415 946 1470 Danielem
974 1457 989 1479 ,
1021 1411 1287 1467 Anauiam
1315 1453 1330 1478 ,

599 1488 875 1544 Misaelem
895 1526 910 1552 ,
941 1492 998 1539 et
1028 1483 1272 1537 Azariam
1295 1526 1310 1551 ,

524 1561 696 1618 Tenta
729 1573 826 1614 nos
851 1599 866 1624 ,
894 1556 1122 1612 obsecro
1150 1597 1165 1621 ,
1195 1569 1384 1612 servos
1413 1564 1532 1611 tuos
1562 1554 1752 1611 diebus
1781 1557 1970 1612 decem
1996 1597 2012 1623 ,

597 1642 654 1689 et
682 1631 876 1686 dentur
903 1629 1056 1684 nobis
1085 1626 1354 1698 legumina
1383 1628 1449 1683 ad
1477 1628 1808 1684 vescendum
1832 1669 1846 1696 ,
1879 1638 1937 1686 et
1982 1641 2120 1700 aqua

669 1703 736 1758 ad
763 1700 1057 1758 bibendum
1087 1718 1100 1752 :

525 1777 596 1834 Et
622 1773 990 1842 contemplare
1021 1772 1197 1826 vultus
1228 1780 1442 1827 nostros
1464 1810 1479 1836 ,

595 1858 654 1905 et
680 1847 861 1902 vultus
888 1858 1183 1915 puerorum.
1208 1845 1299 1913 qui
1329 1854 1619 1900 vescuntur
1647 1844 1772 1899 cibo
1797 1843 1946 1916 regio
1974 1860 1990 1905 ;

595 1930 652 1976 et
675 1919 818 1975 sicut
846 1917 1047 1972 videris
1071 1956 1086 1981 ,
1120 1915 1284 1970 facies
1312 1930 1432 1970 cum
1465 1919 1640 1972 servis
1670 1917 1797 1972 tuis.

525 1991 628 2060 Qui
651 1989 836 2060 audito
864 2002 1120 2060 sermone
1141 1986 1540 2060 hujuscemodi,

599 2059 826 2119 tentavit
848 2075 941 2115 eos
970 2059 1160 2114 diebus
1186 2059 1398 2114 decem.

525 2134 658 2192 Post
685 2133 804 2189 dies
834 2141 1012 2186 autem
1035 2130 1224 2185 decem
1254 2171 1270 2196 ,

595 2212 966 2277 apparuerunt
993 2202 1177 2277 vultus
1205 2217 1389 2257 eorum
1419 2201 1673 2260 meliores
1719 2211 1775 2260 et
1825 2201 2118 2273 corpulen-

675 2273 842 2333 liores
871 2290 980 2347 pm
1009 2273 1269 2347 omnibus
1295 2277 1480 2344 pueris

597 2353 688 2421 qui
717 2345 1073 2421 vescebantur
1103 2345 1279 2421 {cibo
1311 2348 1485 2421 regio.

524 2415 701 2479 Porro
748 2420 1008 2476 Malassar
1057 2415 1279 2473 tollebat
1324 2416 1530 2474 cibaria
1560 2461 1575 2488 ,
1621 2428 1678 2476 et
1730 2419 1913 2473 vinum
1963 2425 2121 2489 polus

670 2507 858 2549 eorum
889 2509 904 2544 ε

599 2565 871 2634 dabatque
899 2563 979 2619 eis
1006 2561 1301 2634 legumina.

525 2638 714 2696 Pueris
739 2632 918 2691 autem
944 2633 1189 2689 hisdedit
1206 2633 1346 2689 Deus
1368 2632 1649 2691 scientiam
1678 2643 1734 2691 et
1753 2632 2118 2704 disciplinam,

525 2769 534 2779 ,
597 2711 653 2765 in
675 2708 821 2763 omni
851 2707 991 2762 libro
1019 2717 1072 2779 et
1098 2705 1370 2779 sapientia
1396 2722 1410 2759 :

597 2780 812 2838 Danieli
840 2787 1020 2834 autem
1051 2776 1464 2847 intelligentiam
1491 2777 1732 2834 omnium
1762 2776 2030 2833 visionum
2065 2782 2123 2832 et

671 2853 1026 2908 somniorum.

525 2923 1028 2996 Completis-itaque
1057 2920 1252 2979 diebus
1277 2961 1293 2990 ,
1323 2931 1447 2993 post
1488 2936 1626 2993 quos
1667 2920 1881 2978 dixerat
1926 2934 2022 2977 rex
2065 2928 2123 2974 ut

672 2992 1146 3052 introducerentur
1170 3011 1186 3050 :

595 3066 898 3126 introduxit
940 3079 1034 3122 eos
1086 3065 1412 3137 prmpositus
1461 3066 1835 3124 cunuchorum
1888 3064 1943 3121 in
1990 3077 2121 3121 con-

669 3151 856 3210 spectu
893 3137 1410 3210 Nabuchodonosor.

523 3209 764 3284 Cumque
784 3213 863 3266 eis
890 3211 1103 3266 locutus
1128 3209 1328 3284 fuisset
1351 3225 1448 3265 rex
1464 3252 1478 3276 ,

595 3280 706 3341 non
737 3291 862 3338 sunt
884 3284 1089 3338 inventi
1111 3280 1179 3337 de
1201 3281 1467 3338 universis
1498 3281 1632 3337 tales
1652 3323 1669 3349 ,

598 3365 657 3412 ut
682 3355 866 3410 Daniel
895 3396 909 3421 ,
934 3355 1169 3409 Ananias
1190 3395 1206 3421 ,
1237 3352 1418 3408 Misael
1438 3395 1452 3418 ,
1483 3364 1536 3410 et
1557 3353 1779 3410 Azarias
1813 3369 1830 3414 :

523 3427 594 3486 Et
623 3435 891 3484 steterunt
915 3425 972 3481 in
1000 3434 1297 3497 conspectu
1319 3424 1491 3494 regis:

1525 286 1585 346 S.
1625 283 2014 345 IIIEBONYMI
2051 281 2286 342 DIVINA
2326 279 2802 342 BIBLIOTIIECA.

2143 406 2199 468 Α
2292 402 2566 459 somnium
2599 403 2783 474 igitur,
2815 409 2872 458 et
2895 400 3404 474 interpretationem
3434 398 3553 474 ejus
3586 400 3817 460 indicate

2149 1817 2198 1878 B

3683 281 3818 340 1296

2366 474 2520 528 mihi.

2221 546 2645 614 Responderunt
2665 547 2930 612 secundo,
2962 555 3124 617 atque
3147 546 3407 603 dixerunt
3437 564 3450 601 :

2294 618 2406 674 Rex
2439 617 2705 674 somnium
2729 621 2876 674 dicat
2905 624 3081 675 servis
3102 618 3236 685 suis,

2291 700 2346 746 et
2384 691 2883 760 interpretationem
2923 692 3066 748 illius
3096 690 3485 748 indicabimus.

2222 761 2527 832 Respondit
2547 779 2664 823 rex,
2695 773 2752 819 et
2777 764 2851 820 ait
2876 781 2890 817 :

2293 832 2454 906 certe
2477 836 2598 889 novi
2625 837 2745 906 quia
2772 846 2983 906 tempus
3010 833 3303 902 redimitis,

2294 905 2528 961 scientes
2555 905 2699 976 quad
2729 905 3018 964 recesSerit
3039 923 3068 961 a
3093 923 3179 962 me
3210 921 3418 962 sermo.

2224 975 2285 1034 Si
2315 992 2444 1049 ergo
2465 975 2738 1035 somnium
2765 994 2871 1035 non
2896 979 3271 1036 indicaveritis
3299 978 3460 1045 mihi,
3503 993 3611 1035 una
3640 979 3811 1036 estde

2368 1050 2523 1105 vobis
2552 1053 2842 1117 sententia,

2295 1122 2438 1194 quod
2484 1123 2982 1194 interpretationem
3010 1137 3226 1194 quoque
3257 1122 3506 1179 fallacem
3550 1131 3607 1179 et
3649 1122 3808 1180 decc-

2365 1195 2549 1264 ptione
2578 1198 2789 1265 plenam
2816 1195 3259 1265 composueritis,

2295 1275 2356 1320 ut
2395 1267 2690 1337 loquamini
2717 1268 2846 1323 mihi
2885 1268 3056 1323 donec
3088 1276 3301 1338 tempus
3330 1275 3708 1338 pertranseat.

2222 1336 2507 1394 Somnium
2541 1340 2720 1410 itaque
2745 1340 2908 1396 dicite
2938 1338 3092 1403 mihi,

2302 1419 2360 1465 ut
2387 1411 2576 1484 sciam,
2607 1412 2749 1482 quod
2788 1411 3290 1482 interpretationem
3319 1426 3538 1484 quoque
3577 1411 3698 1483 ejus
3727 1427 3811 1467 ve-

2369 1497 2485 1538 ram
2513 1483 2830 1553 loquamini.

2223 1553 2642 1624 Bespondentes
2671 1571 2800 1626 ergo
2828 1555 3064 1612 Chaldaei
3094 1570 3283 1612 coram
3324 1571 3474 1627 rege,
3505 1555 3768 1612 dixerunt
3795 1572 3809 1609 :

2295 1627 2414 1682 Non
2435 1635 2519 1682 est
2540 1629 2706 1682 homo
2733 1643 2897 1695 super
2919 1636 3143 1698 terram,
3169 1632 3261 1698 qui
3289 1643 3606 1685 sermonem
3640 1638 3810 1695 tuum,

2369 1713 2486 1762 rex,
2523 1699 2691 1768 possit
2719 1699 2947 1769 implere
2978 1720 2991 1756 :

2225 1769 2332 1827 Sed
2365 1786 2540 1844 neque
2581 1786 2769 1844 regum
2797 1771 3084 1843 quisquam
3125 1786 3351 1842 magnus
3381 1779 3438 1828 et
3463 1780 3660 1844 potens
3693 1786 3812 1827 vcr-

2368 1843 2494 1916 built
2527 1842 2893 1916 hujuscemodi
2923 1842 3234 1898 Sciscitatur

2297 1913 2365 1969 ab
2392 1913 2540 1969 omni
2573 1915 2804 1982 hariolo,
2836 1925 2890 1970 et
2922 1930 3098 1985 mago,
3133 1925 3187 1970 et
3211 1914 3495 1970 Chaldreo.

2225 1985 2422 2044 Sermo
2447 1987 2614 2052 enim,
2640 2003 2799 2057 quem
2833 1998 2910 2053 tu,
2947 2003 3063 2050 rex,
3090 1988 3308 2056 qureris,
3341 1988 3522 2057 gravis
3546 1994 3634 2042 est
3658 2003 3673 2039 :

2297 2073 2399 2114 nec
2425 2059 2725 2128 reperietur
2747 2059 3051 2130 quisquam,
3082 2059 3174 2130 qui
3196 2059 3395 2114 indicet
3417 2059 3575 2115 illum
3605 2059 3665 2114 in
3685 2072 3812 2112 con-

2369 2139 2558 2201 speetu
2590 2131 2733 2202 regis
2765 2149 2779 2186 ε

2294 2200 2534 2272 exceptis
2577 2200 2713 2276 diis,
2763 2219 2994 2276 quorum
3047 2219 3155 2259 non
3193 2210 3278 2258 est
3323 2216 3446 2258 cum
3496 2200 3808 2258 hominibus

2370 2274 2735 2330 conversatio.

2236 2345 2355 2414 Quo
2381 2345 2566 2400 audito
2593 2389 2610 2414 ,
2642 2363 2736 2403 rex
2767 2347 2818 2403 in
2851 2347 3118 2404 furore-et
3147 2346 3198 2402 in
3230 2346 3307 2401 ira
3335 2362 3529 2417 magna
3561 2343 3817 2416 praecepit

2296 2426 2358 2474 ut
2387 2419 2626 2487 perirent
2657 2435 2848 2475 omnes
2875 2420 3153 2488 sapientes
3183 2418 3498 2489 Babylonis.

2224 2489 2296 2546 Et
2318 2503 2535 2558 egressa
2563 2493 2858 2559 sententia,
2886 2493 3160 2560 sapientes
3193 2491 3666 2546 interﬁciebantur
3693 2507 3708 2543 :

2295 2561 2750 2632 qtatterebaturque
2789 2563 2975 2618 Daniel
3022 2576 3076 2618 et
3120 2562 3254 2617 socii
3286 2562 3424 2630 ejus,
3458 2571 3520 2617 ut
3548 2561 3810 2633 perirent.

2222 2633 2378 2690 Tunc
2410 2633 2596 2705 Daniel
2629 2634 2914 2705 requisivit
2941 2634 3009 2690 de
3036 2635 3153 2705 lege
3181 2644 3344 2704 atque
3373 2635 3673 2701 sententia,

2296 2704 2592 2776 abArioch
2624 2704 2866 2776 principe
2888 2704 3110 2762 militiae
3123 2709 3289 2773 regis,

2295 2775 2660 2902 quIiJegressus
2682 2775 2856 2836 fuerat
2877 2779 2944 2834 ad
2969 2776 3378 2834 interficiendos
3410 2777 3690 2848 sapientes
3716 2776 3810 2831 Ba-

2405 2863 2436 2902 v
2461 2863 2600 2902 oms.

2461 2863 2528 2904 οη
2536 2865 2600 2904 IS.

2367 2863 2401 2902 ι)
2443 2863 2600 2904 tonis.

2226 2919 2299 2977 Et
2339 2863 2694 2992 intyerrogavit
2741 2937 2888 2991 eum,
2918 2923 3067 2995 quia
3123 2937 3251 2995 rege
3290 2929 3617 2992 potestatem
3662 2934 3814 2976 acce-

2401 3002 2578 3062 perat,

2295 3078 2455 3137 quam
2478 3065 2549 3121 ob
2577 3080 2797 3122 causam
2824 3074 2933 3122 tam
2963 3065 3200 3124 crudelis
3227 3067 3501 3124 sententia
3519 3081 3552 3123 a
3571 3062 3713 3136 facie
3735 3079 3815 3121 re-

2368 3137 2451 3207 gis
2471 3145 2618 3194 esset
2641 3153 2887 3210 egressa.

2148 3221 2195 3285 ο
2225 3206 2360 3285 Cum
2379 3206 2659 3285 ergorem
2677 3206 3212 3285 indicasset‘Arioeh
3243 3210 3479 3278 Danieli,

2299 3279 2488 3336 Daniel
2521 3282 2797 3353 ingressus
2825 3282 3034 3353 regavit
3067 3299 3274 3354 regem,

2297 3362 2353 3408 ut
2399 3352 2611 3436 tempus
2638 3355 2792 3411 daret
2839 3352 2946 3412 sibi
2984 3355 3052 3412 ad
3094 3352 3424 3414 solutionem
3467 3352 3812 3410 indicandam

2367 3440 2504 3496 regi.

593 3509 651 3557 et
675 3514 835 3555 omne
883 3498 1112 3554 verbum
1137 3494 1441 3571 sapientia:
1481 3504 1536 3553 et
1581 3494 1924 3568 intellectus,
1973 3497 2118 3571 quod
2225 3497 2291 3553 Et
2312 3494 2594 3571 ingressus
2620 3498 2950 3571 estdomnm
2972 3514 3151 3567 suam,

669 3571 978 3628 sciscitatus
1001 3578 1086 3626 est
1111 3569 1179 3624 ab
1203 3567 1284 3624 eis
1306 3582 1400 3624 rex
1419 3613 1433 3638 ,

595 3645 804 3702 invenit
850 3641 909 3697 in
950 3642 1030 3698 eis
1055 3640 1341 3712 deeuplum
1365 3685 1379 3712 ,
1411 3654 1576 3713 super
1610 3648 1838 3698 cunctos
1873 3641 2120 3700 hariolos

671 3722 727 3771 ct
753 3727 940 3785 magos
963 3753 980 3781 ,

596 3787 688 3860 qui
719 3783 875 3841 eran‘t
898 3785 955 3860 in
977 3784 1237 3860 universo
1268 3798 1442 3860 regno
1465 3783 1605 3854 ejus.

524 3854 656 3916 Fuit
697 3867 878 3931 autem
922 3855 1116 3913 Daniel
1163 3854 1447 3926 usquead
1476 3871 1676 3913 annum
1723 3857 1956 3929 primum
1989 3857 2120 3931 Cyri

671 3943 833 3998 regis.

524 4001 703 4076 [Visio
725 4000 810 4076 ll_.]
844 3999 907 4076 _ln
935 4013 1076 4076 anno
1120 3998 1361 4054 secundo
1390 4001 1544 4076 regni
1588 4000 2114 4072 Nabuchodonosor,

598 4075 732 4131 vidit
761 4070 1260 4129 Nabuchodonosor
1289 4073 1584 4140 somnium,
1901 4089 1910 4095 ’

596 4157 654 4204 et
681 4143 1011 4203 conterritus
1037 4149 1124 4199 est
1153 4142 1376 4212 spiritus
1407 4143 1549 4211 ejus,

597 4228 656 4277 ct
679 4219 948 4275 somnium
980 4214 1100 4286 ejus
1129 4211 1264 4284 fugit
1293 4213 1362 4267 ab
1388 4228 1476 4268 eo.

2293 3567 2649 3652 Ananiazque,
2687 3569 2894 3627 Misaeli
2933 3580 2989 3627 et
3017 3572 3230 3628 Azaria:
3257 3569 3423 3629 sociis
3454 3570 3574 3628 suis
3607 3567 3811 3625 indica-

2371 3643 2444 3696 vit
2471 3643 2748 3714 negotium
2780 3661 2794 3697 :

2222 3712 2294 3771 Ut
2319 3712 2623 3785 quzererent
2654 3713 3093 3796 misericordiam
3123 3731 3156 3772 a
3183 3715 3321 3772 facie
3346 3714 3448 3771 Dei
3481 3713 3613 3772 cceli
3647 3725 3804 3783 super

2362 3795 2702 3842 sacramento
2729 3795 2854 3852 isto,
2991 3799 2995 3801 ’

2295 3867 2350 3913 et
2379 3874 2485 3930 non
2528 3859 2772 3927 perirent
2809 3859 2995 3916 Daniel
3027 3868 3082 3916 et
3127 3858 3266 3917 socii
3288 3859 3418 3930 ejus
3442 3873 3571 3914 cum
3604 3855 3812 3912 caeteris

2365 3929 2702 4000 sapientibus
2725 3931 3036 4002 Babylonis.

2220 3999 2374 4058 Tunc
2401 3998 2613 4057 Danieli
2644 4017 2741 4074 per
2767 3998 3033 4060 visionem
3061 4011 3220 4060 nocte
3250 4001 3576 4076 mysterium
3607 3998 3810 4057 revela-

2365 4083 2476 4128 tuut
2506 4083 2590 4129 est
2615 4091 2628 4129 :

2291 4153 2349 4201 et
2376 4145 2561 4201 Daniel
2589 4145 2866 4203 benedixit
2895 4145 3009 4202 Deo
3038 4147 3188 4214 caeli,

2290 4229 2345 4274 et
2372 4217 2584 4273 locutus
2618 4219 2695 4274 ait
2724 4237 2737 4273 :

526 4291 795 4361 Praecepit
835 4299 1178 4362 autemArex,
1231 4295 1287 4340 ut
1317 4294 1764 4362 _c‘0n_v_ocarentur
1803 4288 2020 4360 harioli,
2062 4298 2119 4348 et
2217 4289 2302 4349 Sit
2321 4303 2522 4347 nomen
2551 4289 2648 4346 Dei
2672 4288 3018 4348 benedictum
3043 4307 3074 4347 a
3103 4290 3304 4348 saeculo
3333 4299 3392 4348 et
3413 4305 3590 4362 usque
3619 4290 3674 4346 in
3701 4302 3796 4344 sm-

668 4357 830 4432 ntagi,
859 4368 914 4416 et
941 4358 1197 4432 malefici.
1229 4365 1283 4412 et
1308 4357 1574 4432 Chaldaei,

596 4445 657 4491 ut
687 4430 986 4490 indicarent
1017 4430 1128 4501 regi
1161 4430 1369 4484 somnia
1403 4443 1500 4483 sua
1527 4447 1540 4484 :

597 4506 690 4578 qui
720 4521 849 4578 eum
873 4503 1683 4578 vertissettt,_ste_teruntieoratn
1716 4519 1867 4578 rege.

526 4578 597 4636 Et
615 4571 759 4634 dixit
787 4575 855 4632 ad
881 4590 976 4630 eos
1005 4589 1098 4629 rex
1132 4589 1148 4628 :
1181 4571 1302 4628 Vidi
1327 4573 1597 4628 somnium
1631 4593 1646 4632 :

597 4659 654 4707 et
681 4657 861 4705 mente
899 4644 1157 4702 confusus
1187 4644 1378 4714 ignoro
1408 4645 1538 4714 quid
1567 4646 1823 4703 viderim.

523 4720 1052 4798 Responderuntque
1081 4714 1320 4798 Chaldaei
1343 4715 1458 4788 regi
1487 4715 1714 4788 Syriaco
1747 4739 1758 4774 ;

600 4795 736 4860 ltex,
763 4793 814 4846 in
838 4799 1099 4846 ccternum
1129 4793 1249 4860 vive
1273 4802 1288 4840 :

524 4865 623 4922 Dic
645 4859 915 4921 somnium
943 4860 1114 4916 servis
1147 4859 1276 4923 tuis,

597 4947 653 4992 et
680 4932 1188 5005 interpretationem
1203 4930 1330 5005 Lej_us
1361 4930 1750 5005 indicabimus.

524 5008 594 5064 Et
623 5001 959 5078 respondens
985 5018 1109 5078 rex,
1142 5003 1216 5057 ait
1241 5001 1513 5058 Chaldaeis
1539 5022 1552 5060 :

595 5076 788 5136 Sermo
820 5076 1048 5134 recessit
1073 5091 1102 5130 a
1133 5091 1219 5130 me
1245 5092 1258 5126 :

523 5149 642 5207 Nisi
681 5148 1051 5233 indicaveritis
1097 5146 1230 5203 mihi
1267 5143 1580 5220 somnium,
1644 5156 1700 5205 et
1739 5147 2110 5220 conjecturam

667 5236 714 5285 θ]
725 5237 806 5285 US,

594 5238 846 5366 pegilgft’is
869 5304 989 5358 vos,
1010 5299 1075 5366 et
1103 5289 1296 5347 domus
1329 5298 1528 5366 vestrae
1557 5291 2001 5362 publicabuntur.

523 5365 584 5424 Si
604 5363 806 5438 autem
849 5363 1142 5430 somnium,
1172 5372 1230 5420 et
1267 5364 1647 5435 conjecturam
1694 5365 1814 5438 ejus
1837 5383 2113 5434 narrave-

666 5436 806 5501 ritis,

591 5509 839 5586 praemia,
868 5514 923 5566 et
967 5505 1132 5577 dona,
1175 5514 1233 5565 et
1268 5506 1535 5567 honorem
1571 5509 1799 5568 multum
1831 5511 2114 5585 accipietis

663 5595 850 5639 ame:

587 5796 615 5827 ιι
639 5785 758 5842 Duo
786 5783 902 5841 haac
927 5781 1092 5856 verba
1118 5779 1230 5836 cibo
1267 5782 1438 5854 regio,
1475 5781 1719 5840 Vatican.
1761 5800 1868 5844 ms.
1921 5794 2062 5846 tacet
2087 5825 2103 5856 ,

512 5874 635 5939 qua:
665 5867 845 5917 tamen
872 5854 1162 5930 originales
1190 5860 1370 5912 textus
1395 5866 1712 5928 agnoscunt.

2140 4621 2196 4683 D

2291 4362 2707 4506 quiaﬂslatgientia
2735 4443 2788 4490 et
2816 4434 3080 4492 fortitudo
3111 4436 3229 4508 ejus
3259 4445 3406 4493 sunt.

2218 4507 2290 4564 Et
2319 4509 2434 4576 ipse
2466 4515 2636 4562 mutat
2661 4513 2928 4578 tempora,
2964 4519 3020 4564 et
3049 4507 3236 4564 mtates
3268 4527 3282 4563 :

2297 4578 2554 4650 transfert
2576 4593 2763 4650 regna,
2787 4589 2950 4649 atque
2976 4581 3298 4637 constituit:

2292 4649 2386 4707 dat
2431 4643 2771 4722 sapientiam,
2799 4643 3153 4722 sapientibus,
3199 4663 3254 4709 et
3298 4649 3591 4708 scientiam
3617 4643 3805 4704 intelli-

2367 4723 2617 4792 gentibus
2645 4721 2986 4793 disciplinam
3013 4741 3027 4777 :

2221 4794 2344 4868 Ipse
2366 4794 2570 4868 revelat
2596 4793 2883 4868 profunda,
2911 4805 2966 4851 et
2995 4795 3340 4866 abscondita,
3396 4811 3398 4813 '

2294 4873 2352 4922 et
2375 4868 2527 4921 novit
2551 4866 2606 4920 in
2635 4866 2877 4921 tenebris
2902 4869 3197 4924 constituta
3222 4885 3237 4923 :

2293 4945 2350 4993 et
2371 4937 2460 4992 lux
2489 4953 2614 4993 cum
2644 4953 2710 4993 eo
2740 4947 2846 4994 est.

2221 5009 2365 5077 Tibi,
2393 5009 2536 5066 Deus
2556 5009 2812 5078 patrumb
2828 5024 3097 5078 meorum,
3121 5009 3408 5078 confiteor,
3432 5018 3597 5080 teque
3617 5002 3802 5064 laudo:

2294 5083 2420 5152 quia
2446 5082 2767 5152 sapientiam
2796 5093 2849 5138 et
2878 5083 3246 5138 fortitudinem
3269 5081 3468 5138 dedisti
3495 5079 3632 5136 mihi
3662 5096 3676 5133 :

2229 5153 2301 5210 Et
2321 5168 2462 5226 nunc
2491 5152 2779 5210 ostendisti
2810 5153 2941 5209 mihi
2971 5171 3093 5226 quae
3125 5154 3432 5226 rogavimus
3455 5164 3532 5222 te,

2298 5225 2425 5296 quia
2452 5239 2759 5296 sermonem
2785 5225 2930 5296 regis
2955 5227 3215 5296 aperuisti
3247 5225 3426 5282 nobis.

2225 5295 2357 5354 Post
2378 5297 2497 5353 hare
2519 5296 2710 5353 Daniel
2739 5295 3020 5368 ingressus
3046 5297 3112 5353 ad
3135 5296 3361 5360 Al‘iOCh,

2297 5385 2460 5440 quem
2505 5361 2862 5426 constituerat
2889 5383 2986 5426 rex
3018 5377 3078 5425 ut
3120 5369 3372 5441 perderet
3403 5367 3680 5439 sapientes
3711 5361 3804 5419 Ba-

2367 5441 2601 5512 bylonis,

2296 5511 2374 5568 sic
2403 5511 2452 5568 ei
2479 5513 2690 5568 locutus
2717 5520 2799 5568 est
2824 5530 2839 5568 :

2222 5584 2510 5657 Sapientes
2530 5583 2823 5657 Babylonis
2843 5600 2912 5642 ne
2937 5583 3134 5657 perdas
3155 5600 3172 5653 ;

2292 5785 2322 5825 ι)
2351 5785 2644 5843 Vaticanus
2684 5802 2788 5850 ms.
2845 5797 2903 5842 ut
2958 5795 3013 5843 et
3057 5783 3449 5849 Memmianus,
3503 5781 3806 5836 Martianmo

2227 5867 2385 5932 teste,
2420 5871 2475 5920 et
2505 5859 2732 5934 Vulgata
2761 5870 3054 5919 nostrorum
3086 5871 3186 5933 pro
3217 5872 3445 5915 meorum
3485 5853 3690 5928 legunt.
