2062 3180
174 182 243 211 1297
656 181 670 196 λ

209 240 333 268 introduc
348 247 391 268 me
405 239 434 267 in
455 242 604 276 conspectu
624 239 706 275 regis,

208 282 235 305 et
247 277 409 305 solutionem
422 277 479 312 regi
491 277 618 305 narrabo.

171 313 249 341 Tunc
261 312 362 376 Αιὲρςὴ
372 310 486 355 festinus
501 312 651 340 introduxit
663 311 805 340 Danielem
817 310 850 338 ad
864 318 967 347 regem,

245 354 272 376 EI.
307 354 355 376 lxii.
366 357 391 376 Cl
403 357 410 376 Ξ

245 354 272 377 et
287 349 355 377 dixit
366 349 391 376 ei
403 357 410 376 :

209 385 301 414 iuveni
328 385 464 413 hominem
480 384 514 413 de
535 384 596 412 ﬁliis
619 382 870 419 transmigrationis
885 382 966 417 Juda,

243 422 288 456 qui
307 421 474 449 solutionem
493 421 549 456 regi
564 420 718 448 annuntiet.

172 457 325 492 Respondit
340 465 397 490 rex,
411 462 438 484 et
451 456 519 484 dixit
535 456 649 488 Danieli,

208 493 286 528 cujus
300 500 399 521 nomen
413 497 472 521 erat
484 493 621 520 Baltassar
637 501 642 518 :

172 526 297 593 Ρυωὲιιὲ
310 537 375 557 vere
396 534 472 565 potes
493 528 615 556 iudicare
638 527 705 555 mihi
725 526 871 562 sontnium,
895 526 967 562 quod

243 574 270 592 Vl
292 575 308 593 l.

243 574 308 599 vtut,

207 607 235 629 ct
249 601 505 635 interpretationem
521 600 599 636 ejus?

171 637 206 664 Et
219 637 387 673 respondens
399 637 492 665 Daniel
504 635 594 664 coram
609 643 681 671 rege,
696 635 735 662 ait
749 644 756 664 :

208 673 378 711 Mysterium,
394 673 465 711 quod
478 680 526 700 rex
541 672 703 711 interrogat,
820 705 825 711 _

206 710 359 744 sapientes,
386 709 473 745 magi,
497 714 523 736 et
548 709 658 742 harioli,
686 712 713 735 et
736 709 889 743 aruspisces
913 713 965 734 non

241 749 344 780 queunt
355 744 475 772 indicare
491 746 559 780 regi.

169 780 223 809 Sed
236 786 277 808 est
291 781 364 809 Deus
379 781 406 808 iu
422 781 492 809 ccelo
507 779 631 808 revolans
647 779 789 816 mysteria,

205 818 250 852 qui
267 817 396 844 indicavit
409 817 471 850 tibi,
488 823 535 844 rex
545 815 810 847 Nabuchodonosor,

204 850 266 887 qua:
280 858 393 880 ventura
408 857 471 880 suttt
485 852 511 879 in
529 852 685 879 novissimis
700 850 878 886 temporibus.

168 886 310 916 Somnium
334 893 409 916 tuum
432 893 460 916 et
478 888 597 916 visiones
609 888 707 923 capitis
720 887 758 915 tui
774 889 800 915 in
814 886 894 915 cubili
908 890 964 919 tuo,

206 924 392 959 hujuscemodi
412 929 476 951 sunt
491 931 498 950 :

169 959 220 992 Tu,
236 968 295 993 rex,
310 961 430 995 cogitare
443 959 549 995 empisti
566 960 592 987 in
608 964 694 987 stratu
709 963 766 993 tuo,

202 996 268 1031 quid
280 1001 353 1024 esset
365 996 483 1024 futurum
502 1001 565 1031 post
578 997 637 1023 htcc
653 1004 659 1022 τ

168 1032 203 1059 Ει
216 1033 260 1066 qui
274 1033 378 1060 revelat
392 1033 519 1068 mysteria
526 1053 532 1064 ,

202 1068 321 1095 ostendit
335 1067 382 1095 tibi
395 1067 456 1102 quae
472 1072 586 1096 ventura
599 1071 673 1095 sunt.

168 1103 233 1131 Mihi
249 1112 356 1139 quoque
373 1101 427 1131 non
444 1104 470 1130 in
495 1104 639 1139 sapientia,
661 1111 722 1139 qum
737 1106 780 1132 est
799 1102 828 1131 in
844 1109 888 1130 mc
903 1101 964 1138 plus

237 1147 317 1174 quam
330 1141 437 1167 cunctis
446 1140 613 1173 viventibus,

201 1180 406 1203 sacramentum
423 1176 474 1202 hoc
490 1176 641 1203 revelatum
657 1179 699 1203 est
714 1184 720 1202 :

166 1210 220 1238 Sed
235 1217 265 1239 ut
280 1211 470 1247 interpretatio
482 1212 540 1246 regi
555 1210 697 1238 manifesta
716 1211 804 1246 lierct,

202 1251 230 1274 et
244 1248 426 1283 cogitationes
439 1249 539 1275 mentis
556 1251 609 1274 ture
623 1248 719 1283 scires.

166 1281 218 1316 Tu,
233 1281 292 1316 rex,
308 1283 431 1314 videbas.
448 1288 476 1310 et
488 1290 551 1311 cccc
564 1282 642 1317 quasi
658 1287 747 1310 statua
763 1289 814 1310 una
831 1281 961 1316 grandis:

201 1323 289 1346 statua
310 1319 357 1346 illa
371 1327 477 1355 magna,
493 1323 522 1346 ct
535 1323 637 1346 statura
653 1318 778 1346 sublimis
792 1318 881 1346 stabat
898 1325 964 1346 con-

240 1360 280 1381 tra
296 1359 333 1389 te,

202 1395 228 1417 ct
243 1391 358 1418 intuitus
373 1390 433 1426 ejus
447 1394 507 1417 erat
523 1389 665 1418 terribilis.

166 1426 251 1459 llnjus
265 1431 361 1454 statuae
375 1431 456 1461 caput
468 1434 500 1453 ex
515 1434 582 1453 auro
596 1426 699 1460 optimo
713 1429 782 1460 erat,

203 1467 299 1497 pectus
313 1466 404 1490 autem
418 1467 446 1489 et
460 1462 571 1489 brachia
583 1461 617 1489 de
631 1466 758 1497 argento,

202 1506 283 1532 porro
298 1503 395 1526 venter
407 1503 435 1525 et
449 1497 554 1525 femora
567 1505 600 1525 cx
614 1505 677 1526 mre.

166 1534 251 1562 Tibiae
262 1538 352 1562 autern
369 1533 476 1566 ferreas,

203 1570 303 1604 pedum
317 1570 440 1606 quaedam
456 1576 519 1604 pars
534 1574 593 1597 erat
608 1569 710 1604 ferrea,

202 1606 323 1640 qttardam
341 1606 437 1634 lictilis.

168 1641 286 1669 Videbas
300 1643 347 1675 ita,
364 1642 450 1670 donec
464 1642 587 1670 abscisus
601 1646 644 1671 est
657 1640 729 1677 lapis
744 1643 778 1671 de
794 1647 888 1671 monte
902 1642 962 1670 sine
976 1643 999 1676 C

238 1678 361 1705 inanibus
373 1686 380 1705 :

202 1718 230 1741 et
245 1714 379 1750 percussit
393 1718 509 1741 statuam
524 1714 550 1743 in
566 1714 680 1750 pedibus
702 1714 762 1750 ejus
777 1715 877 1743 ferreis
892 1719 919 1743 et
934 1715 964 1743 ti-

238 1749 357 1783 ctilibus,

202 1789 230 1812 et
243 1786 404 1813 comminuit
416 1794 475 1814 eos.

167 1820 243 1848 Tunc
255 1823 370 1848 contrita
382 1827 445 1849 sunt
460 1823 564 1858 pariter
580 1821 694 1857 ferrum,

205 1862 284 1889 testa,
300 1864 348 1890 tes,
363 1863 516 1892 argentum,
531 1864 557 1886 et
568 1866 665 1886 aurum
680 1867 687 1885 :

168 1891 203 1920 Et
214 1892 322 1920 redacta
339 1891 416 1927 quasi
428 1894 456 1921 in
471 1894 590 1921 favillam
601 1894 703 1922 aestiva:
717 1901 801 1928 areae,

204 1936 265 1962 qua!
281 1933 356 1962 rapta
370 1935 433 1956 sunt
448 1934 528 1957 vento
543 1938 550 1957 :

204 1963 346 1999 nullusque
361 1964 438 1993 locus
452 1965 577 1995 inventus
591 1969 633 1993 est
643 1965 683 1993 eis
697 1974 702 1992 :

168 1999 252 2036 Lapis
273 2004 376 2034 autem,
401 2002 446 2036 qui
464 2006 637 2036 percusserat
654 2005 783 2036 Statuam,

241 2035 330 2063 factus
345 2041 387 2063 est
406 2035 484 2064 monis
498 2044 622 2072 magnus,

204 2075 233 2099 et
247 2072 369 2106 implevit
382 2073 535 2101 universam
552 2079 663 2101 terram.

169 2107 227 2143 ll_oc
240 2113 281 2135 est
291 2109 447 2136 somnium:

205 2143 458 2207 Int‘et‘plg'xtat'tonem
492 2152 599 2182 quoque
625 2145 685 2182 ejus
715 2146 841 2176 dicemus
872 2153 964 2175 coram

253 2187 305 2207 e.r
343 2200 349 2206 .

253 2187 278 2212 e,
292 2187 349 2207 rex.

169 2215 210 2242 Tu
224 2222 271 2242 rex
283 2222 375 2250 regum
388 2224 418 2245 es
433 2226 441 2246 :

205 2254 233 2276 ct
248 2250 318 2290 Deus
335 2252 407 2291 cmli,
432 2261 567 2291 regnum,
579 2258 607 2282 et
623 2255 820 2289 fortitudinem,
836 2261 863 2283 et
879 2255 966 2291 impe-

241 2288 331 2326 riu_m,_
341 2292 368 2314 et
381 2288 494 2326 gloriam
507 2290 582 2316 dedit
593 2291 663 2326 tibi:

170 2320 205 2349 Et
220 2321 309 2359 omnia
320 2321 350 2359 _in
367 2320 465 2359 quibus
481 2325 603 2358 habitant
617 2325 663 2352 lilii
679 2326 841 2353 hominum:

206 2361 234 2385 et
257 2357 358 2387 bestias
377 2357 448 2395 agri,
470 2360 597 2388 volucres
620 2368 728 2397 quoque
755 2361 818 2389 coeli
840 2360 915 2389 dedit
937 2360 965 2389 in

240 2400 322 2421 manu
338 2398 392 2427 tua,

205 2433 232 2457 et
244 2428 294 2456 sub
304 2430 408 2459 ditione
419 2436 463 2459 tua
479 2433 604 2460 universa
617 2432 768 2467 constituit;

206 2470 233 2492 tu
248 2472 279 2492 es
292 2473 356 2502 ergo
368 2473 450 2502 caput
464 2475 588 2496 aureum.

170 2500 206 2528 Et
220 2505 281 2542 post
291 2500 612 2542 te‘consurgetrcgnum
630 2504 702 2532 aliud
725 2504 815 2533 minus
832 2508 859 2533 te
870 2504 964 2542 [Vulg.

243 2537 305 2565 add.
318 2537 488 2577 argenteum]
501 2548 508 2567 :

205 2577 234 2601 et
247 2580 359 2608 regnum
373 2575 487 2604 tertium
502 2576 574 2604 aliud
591 2583 704 2610 aereum,

186 2609 280 2651 “quod
293 2610 439 2646 imperabit
452 2612 593 2651 universte
603 2618 692 2651 terrae.

171 2644 205 2673 Et
220 2644 470 2682 regnum'quartum
484 2649 537 2676 erit
552 2649 629 2676 velut
641 2648 742 2676 ferrum
757 2657 764 2677 :

206 2682 454 2722 quomodot‘errum
471 2685 630 2722 comminuit
646 2689 673 2712 et
684 2685 777 2712 domat
787 2686 889 2719 omnia,

207 2719 247 2744 sic
259 2719 423 2747 comminuet
438 2720 528 2748 omnia
541 2721 610 2754 haec,
625 2726 651 2748 et
665 2724 798 2749 conteret.

172 2751 330 2817 Porrpigu'ia
346 2755 435 2783 vidisti
447 2757 545 2792 pedum
560 2761 588 2784 et
596 2751 744 2792 digitorum
757 2762 860 2793 partem
885 2762 963 2787 testae

282 2798 297 2816 u
312 2799 330 2817 1.

253 2796 330 2824 rguit,

209 2828 236 2851 ct
250 2830 353 2859 partem
368 2827 485 2855 ferream
499 2837 507 2856 :

174 2858 297 2897 Regnum
313 2862 429 2891 divisum
445 2865 507 2897 erit,

210 2896 281 2937 quod
297 2902 387 2927 tamen
400 2899 435 2937 de
449 2896 584 2937 plantario
599 2901 664 2929 ferri
679 2902 792 2937 orietur,

174 2932 323 2994 sempodum
342 2935 414 2970 quod
442 2932 548 2973 vidisti,
573 2937 675 2967 ferrum
695 2932 810 2969 mixtum
835 2944 911 2970 testa:
932 2947 966 2969 cx

743 180 847 209 LIBER
867 180 1025 210 DANIELIS
1044 177 1255 210 PROPIIETXE.

982 240 1009 271 Α
1022 238 1057 267 Ει
1070 239 1168 275 digitos
1186 240 1284 276 pedum
1309 246 1342 268 ex
1359 243 1436 276 parte
1456 239 1573 275 ferreos,
1598 244 1627 269 et
1640 247 1675 269 ex
1694 245 1772 277 parte
1790 242 1822 269 ﬁ-

1749 184 1822 214 1298

1095 276 1172 304 ctilcs
1186 285 1192 304 :

1057 319 1092 340 ex
1106 317 1182 346 parte
1195 320 1309 349 regnum
1323 313 1374 341 erit
1389 312 1519 348 solidum,
1536 317 1564 342 et
1577 321 1610 341 ex
1630 318 1706 349 parte
1717 314 1819 342 contri-

1093 353 1160 376 tum.

1020 383 1097 418 Quod
1113 390 1203 413 autem
1217 384 1311 413 vidisti
1325 385 1428 413 ferrum
1442 386 1556 413 mixtum
1572 390 1649 414 testa:
1664 393 1696 413 cx
1711 385 1781 420 luto,

1055 421 1305 457 commiscebuntur
1316 421 1425 457 quidem
1441 422 1562 450 humano
1576 422 1682 450 semine
1695 430 1701 448 :

1020 455 1072 484 Sed
1092 464 1144 483 non
1159 455 1338 484 adhterebunt
1349 457 1412 492 sibi,

1056 492 1128 520 sicut
1142 492 1244 521 ferrum
1260 493 1369 521 misceri
1381 500 1434 521 non
1451 498 1540 526 potest
1554 498 1641 522 testae.

1019 527 1049 555 In
1062 528 1158 556 diebus
1173 534 1263 556 autem
1274 537 1421 565 regnorum
1437 529 1557 565 illorum,

1053 565 1197 602 suscitabit
1217 565 1366 602 Deuﬁsrcmli
1387 572 1511 602 regnum,
1534 565 1606 601 quod
1629 566 1657 594 itt
1681 569 1815 595 teter-num

1090 608 1145 628 non
1163 600 1352 643 dissipabitur,

1055 641 1082 664 et
1092 644 1205 672 regnum
1216 637 1274 673 ejus
1285 637 1386 673 populo
1400 637 1478 665 alteri
1490 644 1545 665 non
1556 637 1688 666 tradetur.

1018 670 1201 706 Comminuet,
1214 670 1241 701 et
1255 670 1399 701 cohsittiiet
1414 674 1542 701 universa
1557 681 1638 709 regna
1653 673 1733 702 haec:

1054 713 1082 736 et
1097 710 1183 743 ipsum
1199 710 1282 736 stabit
1295 709 1322 736 in
1338 713 1481 737 aeternum.

1018 743 1173 773 Secundum
1190 745 1263 779 quod
1278 745 1382 779 vidisti,
1399 745 1471 781 quod
1484 745 1518 774 de
1530 749 1623 774 monte
1636 745 1760 774 abscisus
1774 750 1816 774 est

1089 781 1169 816 lapis,
1186 782 1244 808 sine
1261 780 1395 814 manibus.
1408 780 1415 781 7
1705 788 1710 793 '

1054 817 1252 845 ctcumminttit
1271 821 1380 851 testam,
1400 821 1428 845 et
1447 816 1560 851 ferrum,
1573 821 1600 845 et
1613 824 1661 851 ms,
1678 821 1705 845 et
1718 824 1815 853 argen-

1091 858 1157 886 tum,
1170 858 1197 879 ct
1212 860 1320 881 aurum.
1342 872 1343 876 η

1018 888 1089 916 Deus
1103 895 1216 923 magnus
1229 889 1346 917 ostendit
1364 889 1432 925 regi,
1448 897 1510 925 qua:
1523 889 1613 917 futura
1627 894 1691 918 sunt
1706 893 1810 925 postea,

1053 929 1082 952 et
1092 932 1185 952 verum
1201 928 1242 952 est
1253 925 1400 959 somnium,

1054 966 1081 987 et
1094 960 1379 996 ﬁdelisinterpretatio
1395 962 1465 996 ejus.
1836 990 1839 994 .

1017 995 1095 1024 Tunc
1109 1003 1156 1023 rex
1173 995 1424 1025 Nabuchodonosor
1440 998 1539 1026 cecidit
1559 998 1586 1026 in
1606 997 1702 1026 faciem
1721 1004 1811 1031 suam,

1089 1037 1116 1058 et
1129 1031 1264 1059 Danielem
1280 1031 1403 1060 adorat-it
1416 1043 1423 1061 :

1053 1071 1081 1095 et
1092 1067 1195 1095 hostias
1206 1072 1232 1095 et
1243 1068 1383 1105 incensum
1399 1069 1528 1105 prarcepit
1539 1073 1568 1097 ut
1578 1068 1765 1097 sacriﬁcarent
1774 1068 1811 1096 ei.

1015 1103 1142 1139 Loquens
1156 1111 1220 1138 ergo
1236 1111 1295 1136 rex,
1310 1104 1346 1131 ait
1363 1103 1465 1133 Danieli
1481 1114 1487 1132 :

1054 1139 1125 1167 Vere
1149 1139 1220 1167 Deus
1238 1143 1329 1167 vester
1347 1140 1419 1168 Deus
1432 1141 1544 1169 deorttm
1568 1146 1620 1171 est.

1087 1181 1115 1203 et
1134 1175 1266 1212 Dominus
1277 1182 1381 1212 regum,
1398 1181 1424 1204 et
1444 1177 1571 1205 revelans
1585 1175 1712 1212 mysteria
1729 1184 1737 1205 :

1051 1212 1181 1247 queniatu
1195 1211 1306 1247 potuisti
1322 1212 1428 1245 aperire
1442 1211 1643 1239 sacramentum
1661 1213 1722 1239 ltoc.

1015 1246 1093 1276 Tunc
1107 1255 1154 1275 rex
1167 1246 1307 1274 Danielem
1322 1247 1347 1273 in
1363 1247 1481 1275 sublime
1495 1248 1600 1281 extulit,

1052 1290 1167 1311 munera
1181 1283 1265 1310 multa
1281 1287 1306 1309 et
1320 1290 1414 1318 magna
1429 1283 1504 1312 dedit
1518 1284 1542 1311 ei
1557 1291 1564 1311 :

1015 1319 1049 1348 Et
1071 1318 1212 1347 constituit
1227 1325 1288 1345 eum
1310 1318 1460 1354 principem
1486 1326 1568 1354 super
1591 1325 1685 1347 omnes
1700 1318 1809 1354 provin-

1086 1356 1142 1383 cias
1155 1353 1311 1390 Babylonis,

1050 1395 1078 1419 ct
1093 1392 1246 1426 praelectum
1264 1389 1468 1425 magistratuum
1479 1397 1561 1426 super
1571 1394 1684 1419 cunctos
1699 1389 1815 1425 sapien-

1088 1431 1127 1454 tes
1143 1426 1297 1461 Babylonis.

1014 1462 1109 1490 Daniel
1126 1466 1224 1499 autem
1236 1463 1380 1496 postulavit
1392 1471 1407 1490 a
1423 1471 1499 1499 rege,

1050 1503 1078 1526 ct
1092 1497 1343 1535 iconstituitﬁsuper
1367 1496 1620 1535 opera'provinciat
1644 1496 1808 1534 Babylonis,

1086 1534 1211 1565 Sidrach,
1226 1534 1338 1569 Misach,
1352 1539 1380 1563 et
1394 1535 1541 1570 Abdcuago
1556 1543 1562 1561 ε

1050 1570 1108 1605 ipse
1123 1574 1212 1598 autem
1230 1570 1324 1598 Daniel
1338 1570 1433 1598 eratin
1446 1569 1547 1598 foribus
1563 1569 1644 1605 regis.

1014 1605 1099 1642 [Visio
1108 1605 1163 1640 lll.]
1175 1605 1422 1642 Nabuchodonosor
1433 1614 1480 1634 rex
1491 1606 1553 1634 fecit
1562 1610 1677 1634 statuam
1686 1611 1806 1639 auream,

1049 1642 1190 1670 altitudine
1204 1641 1355 1670 cubitorum
1371 1643 1527 1678 sexaginta,

1051 1678 1190 1705 latitudine
1201 1678 1351 1705 cubitorum
1365 1685 1428 1711 sex.
1736 1687 1738 1689 '

1052 1713 1188 1776 etlstatttit
1210 1721 1269 1741 eam
1285 1714 1311 1741 in
1335 1721 1430 1750 campo
1446 1715 1517 1743 Dura
1543 1712 1691 1749 pr0vinciae
1716 1711 1806 1749 Baby-

1098 1757 1173 1776 OIIISZ

1098 1757 1173 1781 ouis;

1015 1785 1105 1821 Itaque
1119 1785 1367 1813 Nabuchodonosor
1381 1794 1428 1814 rex

1051 1819 1170 1857 titisitad
1187 1822 1390 1857 congregandos
1413 1826 1551 1857 satrapas,
1568 1819 1759 1857 magistratus,
1780 1823 1808 1848 et

1087 1856 1204 1891 judices,
1220 1855 1315 1898 duces,
1331 1862 1358 1885 ct
1373 1855 1515 1899 tyrannos,
1531 1861 1559 1886 et
1572 1855 1734 1893 prtcfectos,

1051 1900 1201 1927 omnesque
1215 1900 1350 1929 principes
1364 1901 1520 1929 regionum;

1015 1927 1050 1955 Ut
1065 1929 1243 1956 convenirent
1259 1928 1291 1955 ad
1304 1927 1505 1956 dedicationem
1518 1932 1630 1963 statuae,

1052 1972 1131 1999 quam
1149 1968 1273 1991 erexerat
1288 1964 1538 1993 Nabuchodonosor
1551 1971 1610 1991 rex.

1015 1997 1093 2028 Tunc
1108 2001 1263 2035 congregati
1278 2006 1340 2027 sunt
1355 2005 1486 2036 salrapm,
1498 1999 1682 2035 magistratus,
1698 1997 1807 2034 etjudi-

1087 2043 1146 2072 ccs,
1155 2040 1182 2063 et
1195 2035 1289 2069 duces,
1306 2041 1333 2063 et
1346 2035 1468 2072 tyranni,

1052 2076 1079 2099 et
1093 2071 1237 2105 optimates
1251 2073 1296 2107 qui
1315 2068 1393 2099 era'nt
1415 2072 1442 2100 in
1456 2068 1636 2106 potestatibus
1651 2068 1807 2103 constituti,

1052 2112 1080 2135 et
1095 2107 1213 2134 universi
1229 2108 1364 2142 principes
1382 2108 1539 2143 regionum;

1017 2143 1053 2172 Ut
1066 2143 1243 2171 convenirent
1257 2144 1290 2170 ad
1305 2143 1503 2171 dedicationem
1517 2146 1625 2174 stature,

1052 2187 1131 2214 quam
1145 2183 1269 2206 erexerat
1280 2178 1529 2206 Nabuchodonosor
1544 2184 1605 2205 rex.

1017 2216 1133 2244 Stabant
1150 2219 1239 2241 atttem
1256 2215 1281 2241 in
1299 2220 1445 2249 conspectu
1464 2219 1575 2246 statum,

1054 2258 1132 2286 quam
1148 2256 1276 2285 posuerat
1289 2249 1538 2286 Nabuchodonosor
1550 2255 1617 2276 rex:

1017 2287 1053 2315 Et
1063 2285 1155 2321 praeco
1170 2286 1304 2312 elatnabat
1317 2285 1441 2313 valenter
1454 2293 1460 2312 :

1056 2318 1138 2349 Vobis
1150 2321 1250 2348 dicitur
1265 2320 1380 2356 populis,
1399 2321 1535 2355 tribubus,
1552 2324 1580 2348 et
1592 2318 1694 2356 linguis
1708 2328 1716 2348 :

979 2343 1006 2373 Ῑ)
1018 2358 1046 2386 tn
1060 2343 1138 2390 ιιῦἧὶζ
1151 2343 1577 2391 aat'adtgaa's'zotiitaista;

1053 2398 1081 2421 et
1095 2393 1201 2427 iistuhc,
1217 2396 1244 2420 et
1257 2392 1378 2425 citharae,

1053 2429 1202 2461 sambucat,
1217 2434 1244 2456 et
1257 2428 1388 2464 psalterii,
1404 2434 1431 2456 et
1446 2428 1630 2464 symphonias,
1658 2436 1661 2439 λ

1053 2471 1080 2493 et
1092 2465 1211 2493 universi
1226 2465 1333 2500 generis
1348 2465 1512 2492 musicorum
1521 2486 1528 2498 ,

1016 2501 1151 2530 Cadentcs
1165 2501 1276 2528 adorate
1288 2505 1403 2528 statuam
1415 2507 1541 2534 auream,

1052 2537 1131 2573 quam
1147 2536 1288 2564 constituit
1299 2536 1547 2573 Nabuchodonosor
1559 2544 1618 2564 rex.

1018 2573 1046 2602 Si
1062 2572 1122 2609 quis
1136 2579 1225 2602 autem
1241 2579 1294 2609 non
1311 2576 1461 2609 prostratus
1475 2572 1644 2605 adoraverit,

1050 2606 1146 2647 eadem
1164 2610 1232 2637 hora
1248 2606 1371 2637 mittetur
1386 2610 1412 2637 in
1424 2608 1560 2647 fornacem
1576 2609 1644 2643 ignis
1658 2606 1808 2647 ardentis."

1015 2645 1081 2674 Post
1095 2646 1155 2674 htcc
1170 2646 1252 2682 igitur
1273 2647 1374 2680 statim,
1397 2651 1425 2674 ut
1445 2641 1596 2674 audierunt
1610 2650 1704 2672 omnes
1718 2641 1810 2678 populi

1087 2684 1204 2712 sonitum
1220 2684 1302 2717 tubae,

1051 2720 1158 2753 ﬁstulae,
1171 2725 1196 2747 et
1211 2720 1333 2753 citharae,

1050 2756 1187 2783 sambucas
1201 2762 1228 2783 et
1242 2755 1373 2791 psalterii,
1388 2760 1416 2783 et
1428 2753 1611 2791 symphoniae,

1056 2797 1083 2820 et
1095 2792 1182 2819 omnis
1195 2792 1302 2827 generis
1317 2793 1481 2827 musicorum
1498 2799 1504 2817 :

1019 2828 1154 2856 Cadentes
1167 2823 1261 2855 omnes
1274 2827 1374 2862 populi,
1388 2833 1414 2855 et
1430 2826 1515 2855 tribus
1530 2830 1556 2853 et
1569 2825 1666 2861 linguae
1680 2823 1810 2853 adoravc-

1091 2870 1153 2892 l‘lllll
1165 2869 1280 2891 statuam
1295 2871 1402 2890 auream
1413 2885 1420 2894 ,

1056 2908 1135 2937 quam
1149 2900 1324 2937 constituerat
1341 2899 1590 2937 Nabuchodonosor
1605 2904 1667 2937 rex.

1020 2931 1173 2972 Statimque
1188 2937 1213 2963 in
1227 2936 1286 2971 ipso
1301 2938 1425 2972 tempore
1445 2934 1606 2963 accedentes
1626 2933 1678 2961 viri
1693 2931 1812 2962 (llialdtri

1091 2971 1290 3000 aeuusaverunt
1303 2971 1410 3000 Judtcos
1424 2983 1428 3000 :
