4082 6354
354 307 507 369 1301

281 452 348 493 ,μ
447 424 710 491 naphtha,
742 434 798 483 et
825 432 1042 497 stuppa,
1070 432 1125 482 et
1155 424 1296 495 pice,
1324 432 1379 497 et
1403 423 1702 483 malleolis:

281 524 345 564 ἦ,
377 500 448 555 Et
476 498 863 554 effundebatur
887 496 1103 553 ﬂamma
1131 512 1293 568 super
1317 496 1595 554 fornacem

280 596 345 636 ,ει
448 572 645 626 cubitis
677 570 1031 643 quadraginta
1059 578 1115 626 et
1144 584 1338 626 novem
1365 585 1381 624 :

280 666 346 699 .:—
380 644 447 699 Et
475 643 686 699 erupit.

280 682 349 780 ’.ξ-
380 660 785 839 ωθῗΐξιιξὲἒῖιάἱι
810 728 946 787 quos
973 713 1182 786 reperit
1213 712 1367 786 juxta
1408 712 1684 771 fornacem
1717 710 1971 771 deClial-

521 803 677 839 cans.

521 803 550 839 ιι
607 804 625 841 ι
662 828 677 843 .

284 884 352 924 .εη
383 803 834 928 Αηεειῗεεθυιθω
865 858 1075 914 Domini
1104 856 1389 915 descendit
1418 872 1544 915 cum
1574 855 1793 923 Azaria,

457 942 512 987 et
538 932 703 989 sociis
731 932 871 998 ejus,
895 931 948 985 in
982 932 1255 985 fornacem
1286 948 1301 983 :

279 1026 343 1066 οξ
388 1005 453 1059 Ει
478 1005 720 1059 excussit
748 1003 1022 1059 ﬂammam
1054 1001 1190 1072 ignis
1220 1000 1286 1055 de
1320 999 1560 1071 fornace,

284 1098 339 1139 .ε-
386 1148 419 1156 κ
453 1084 508 1131 et
528 1075 905 1156 fecitmedium
923 1073 1558 1156 fornacisquasiventum
1577 1074 1714 1130 roris
1730 1073 1970 1156 flantem;

284 1168 351 1210 ar
384 1148 447 1203 Et
475 1163 581 1204 non
608 1148 779 1218 tetigit
806 1163 901 1203 eos
930 1148 1154 1202 omnino
1188 1148 1355 1218 ignis,
1387 1161 1563 1218 neque
1593 1148 1969 1216 contristavit,

454 1236 553 1275 nec
581 1216 871 1291 quidquam
903 1218 1165 1279 ntolcsn'a:
1195 1216 1400 1291 intulit.

285 1313 349 1353 -:~
381 1290 534 1349 Tune
562 1288 619 1348 hi
648 1288 762 1349 tres
786 1292 939 1362 quasi
967 1307 1032 1345 ex
1058 1304 1165 1362 uno
1191 1304 1286 1362 ore
1312 1288 1625 1362 laudabam,

284 1383 355 1425 -ε-
453 1371 510 1421 et
524 1360 937 1491 ἓὲἓὲεὲιίξὲἒιξξιιιι,
971 1369 1025 1419 et
1064 1360 1460 1418 benedicebant
1488 1363 1600 1419 Deo
1636 1360 1691 1417 in
1719 1360 1971 1430 fornace,

281 738 349 780 4—

284 970 353 995 ,³,

284 1241 351 1282 ’ἓ

284 1539 353 1580 ..ξ-
385 1507 711 1563 Benedictus
735 1522 817 1580 es,
848 1504 1078 1561 Domine
1104 1504 1247 1580 Deus
1277 1513 1488 1580 patrum
1510 1516 1862 1574 nostrorum:

284 1577 354 1651 .i.
387 1649 423 1651 η
453 1589 509 1651 et
538 1578 849 1643 laudabilis,
870 1588 926 1632 et
950 1577 1393 1651 superexaltatus
1419 1577 1473 1635 in
1497 1580 1719 1635 saecula.

286 1647 355 1724 .g.
384 1649 455 1706 Et
481 1650 823 1724 benedictum
850 1664 1045 1706 nomen
1078 1647 1269 1724 gloriae
1300 1656 1403 1724 tua;
1429 1662 1678 1724 sanctum
1704 1664 1719 1704 :

285 1715 355 1795 ,ξ-
387 1793 413 1795 _
453 1732 507 1780 et
521 1722 881 1795 laudabile.et
896 1715 1358 1795 superexrtltatum
1382 1721 1433 1795 in
1456 1722 1710 1795 omnibus
1730 1715 1965 1777 seculis.

286 1792 350 1866 ,ἐρ
384 1793 709 1850 Benedictus
733 1810 793 1851 es
820 1795 871 1849 in
902 1792 1100 1866 templo
1140 1803 1326 1847 sancto
1357 1793 1545 1861 glorise
1574 1801 1718 1866 ture:

287 1859 355 1937 4.
394 1936 415 1938 ξ
457 1876 514 1922 et
538 1859 1148 1938 superlaudabilis,'etﬂ
1195 1859 1634 1938 superexaltatus
1663 1862 1717 1923 in
1748 1859 1972 1919 sarcula.

288 1935 345 2008 ,ξ
392 1935 718 1995 Benedictus
744 1953 804 1995 es
827 1938 879 1993 in
913 1936 1110 1990 throno
1132 1938 1282 2006 regni
1312 1935 1389 1991 tni
1424 1955 1435 1992 :

288 2004 355 2080 .5.
456 2019 512 2066 et
540 2009 1019 2081 superlaudabilis,
1049 2016 1104 2062 et
1132 2004 1569 2081 superexaltatus
1593 2007 1648 2065 in
1680 2004 1898 2066 saecula.

288 2112 355 2152 ἡ
387 2080 709 2138 Benedictus
739 2096 819 2146 es,
853 2082 939 2152 qui
965 2080 1195 2152 intueris
1223 2080 1472 2150 abyssos,

459 2164 515 2209 et
535 2154 695 2209 sedes
726 2150 889 2224 super
926 2150 1206 2206 cherubim
1238 2167 1255 2224 _:

290 2221 353 2295 ,ξ-
458 2234 513 2282 et
544 2221 853 2290 laudabilis,
885 2233 942 2281 et
968 2221 1403 2293 superexaltatus
1432 2225 1485 2278 in
1513 2221 1734 2280 szecula.

291 2327 347 2366 ,θ
386 2297 711 2353 Benedictus
749 2313 809 2354 es
839 2299 891 2353 in
936 2296 1279 2351 firmamento
1310 2297 1434 2355 ρωΙί
1463 2312 1479 2351 :

459 2379 512 2425 et
541 2370 827 2425 laudabilis
853 2376 910 2425 et
936 2368 1208 2438 gloriosus
1238 2368 1290 2422 in
1318 2367 1538 2423 Siccula.

292 2470 351 2509 ,ξ
387 2440 699 2499 Benedicite
728 2442 909 2500 omnia
940 2454 1105 2509 opera
1134 2438 1348 2495 Domini
1373 2439 1608 2509 Domino
1639 2454 1654 2494 :

293 2508 349 2582 ,ἀρ
458 2513 673 2569 laudate
694 2522 749 2568 et
775 2508 1325 2584 superesaltatgeum
1356 2513 1409 2566 in
1441 2508 1658 2567 sarcula.

292 2580 356 2653 ,έ-
389 2585 700 2641 Benedicite
723 2580 897 2656 angeli
922 2582 1134 2656 Domini
1162 2580 1392 2656 Domino
1419 2600 1434 2636 :

291 2652 353 2724 ,ἐκ
465 2657 682 2713 laudate
711 2665 765 2711 ct
792 2652 1197 2727 superexaltate
1226 2671 1351 2713 eum
1380 2654 1432 2710 in
1459 2652 1679 2711 sarcula.

288 2755 351 2795 ὴ
386 2730 701 2785 Benedicite
732 2729 855 2784 (ιωιί
887 2728 1118 2783 Domino
1146 2742 1157 2779 :

290 2826 353 2866 +
457 2801 672 2856 laudate
699 2810 754 2856 et
784 2799 1188 2867 superexaltate
1214 2814 1337 2853 eum
1368 2798 1421 2853 in
1450 2797 1670 2853 sarcula.

288 2898 347 2937 ἦ
386 2874 703 2957 Benedicite
728 2887 881 2943 aqua:
908 2885 1121 2940 omnes,
1147 2885 1269 2942 qua:
1300 2885 1463 2943 super
1493 2870 1665 2927 coelos
1689 2876 1839 2939 sunt,
1873 2867 1977 2927 Do-

527 2961 676 3001 ﬂHﬂO
709 2962 726 3001 ἓ
1746 2980 1749 2985 ·

291 3048 353 3090 .or
457 3018 675 3073 laudate
702 3025 757 3072 et
784 3014 1185 3090 superexaltate
1210 3013 1427 3090 eumin
1456 3012 1682 3090 saecula.

390 3090 705 3147 Benedicite
735 3085 925 3145 omnes
952 3088 1181 3161 virtutes
1208 3085 1421 3161 Domini
1456 3085 1689 3161 Domino
1722 3102 1734 3138 :

295 3156 357 3231 ,ξ
464 3162 679 3217 laudate
717 3171 771 3217 et
801 3159 1198 3231 superexaltate
1224 3173 1348 3231 eum
1385 3158 1437 3215 in
1470 3156 1692 3215 saecula.

297 3230 361 3305 .g.
398 3232 711 3290 Benedicite
737 3234 819 3289 sol
849 3241 906 3288 et
938 3232 1063 3305 luna
1085 3230 1319 3293 Domino
1349 3247 1363 3285 :

297 3298 362 3375 .Q-
468 3305 683 3360 laudate
698 3316 757 3361 et
782 3302 1181 3375 superexaltate
1211 3317 1333 3357 eum
1365 3301 1419 3358 in
1447 3298 1667 3359 smcula.

299 3374 361 3446 ,έ-
396 3376 711 3433 Benedicite
737 3377 909 3433 stellae
938 3374 1066 3431 cmli
1090 3374 1319 3431 Domino
1356 3392 1365 3427 :

301 3444 364 3518 ,ξ
399 3523 433 3527 _
469 3449 685 3527 laudate
710 3458 765 3505 et
790 3447 1193 3527 superexaltate
1236 3444 1446 3527 eumﬁin
1475 3444 1694 3527 saecula.

302 3516 367 3589 ,ξ
399 3521 716 3579 Benedicite
742 3516 916 3575 omnis
945 3516 1200 3575 imber'et
1229 3534 1320 3574 ros
1352 3516 1579 3573 Domino
1611 3536 1624 3572 :

471 3592 687 3647 laudate
726 3602 779 3646 et
803 3589 1205 3661 superexaltate
1235 3606 1355 3645 eum
1394 3588 1451 3643 in
1482 3590 1705 3661 sarcula.

304 3692 367 3732 ,ξε
400 3663 711 3721 Benedicite
740 3660 935 3718 omnes
977 3662 1198 3731 spiritus
1228 3663 1321 3718 Dei
1354 3660 1584 3717 Domino
1613 3679 1627 3714 :

304 3763 371 3804 4.
472 3735 689 3791 laudate
707 3742 764 3791 et
785 3734 1185 3805 superexaltate
1214 3750 1336 3789 eum
1360 3734 1415 3788 in
1447 3748 1503 3788 sa
1523 3733 1665 3791 cula.

306 3835 370 3875 εκ
405 3807 717 3863 Benedicite
748 3806 774 3845 ιι
806 3806 943 3876 ignis
979 3814 1034 3861 et
1060 3814 1225 3861 aestus
1254 3805 1480 3861 Domino
1512 3818 1525 3861 :

479 3879 691 3935 laudate
717 3889 772 3935 et
802 3874 1198 3948 superexaltate
1223 3893 1345 3932 eum
1369 3878 1420 3930 in
1447 3874 1674 3937 szccula.

312 3978 373 4019 ,θ
407 3950 717 4006 Benedicite
745 3951 910 4019 frigus
941 3958 997 4005 et
1022 3961 1185 4004 acSIus
1212 3949 1442 4004 Domino
1477 3967 1491 4003 :

481 4022 696 4077 laudate
727 4032 778 4077 et
800 4017 1202 4091 superexaltate
1226 4035 1349 4076 eum
1378 4020 1430 4074 in
1456 4017 1673 4076 saecula.

314 4120 375 4160 4
408 4094 718 4150 Benedicite
747 4108 897 4149 rores
925 4104 975 4147 et
1008 4092 1195 4161 pruina
1224 4091 1453 4148 Domino
1480 4109 1492 4145 ε

484 4165 697 4222 laudate
725 4176 779 4221 et
808 4164 1211 4235 superexaltate
1240 4181 1363 4220 eum
1396 4166 1448 4220 in
1472 4164 1693 4222 saecula.

316 4263 373 4304 ,ξ
410 4236 723 4293 Benedicite
759 4236 886 4308 gelu
913 4246 970 4291 et
1007 4237 1176 4305 frigus
1218 4237 1446 4292 Domino
1485 4254 1498 4290 :

484 4310 703 4367 laudate
723 4320 779 4366 et
807 4311 1211 4379 superexattate
1233 4324 1356 4363 eum
1386 4309 1439 4363 in
1470 4310 1690 4367 saecula.

318 4408 379 4447 ε-
414 4381 728 4457 Benedicite
757 4378 958 4457 glacies
983 4388 1039 4436 et
1066 4378 1223 4457 nives
1262 4382 1494 4457 Domino
1526 4400 1539 4437 :

321 4479 384 4519 ,ε-
489 4453 706 4509 laudate
733 4451 788 4508 et
812 4451 1217 4522 superexaltate
1242 4467 1366 4507 eum
1414 4453 1469 4507 in
1500 4451 1724 4509 saecula.

323 4550 378 4591 ,ξ
418 4523 728 4583 Benedicite
760 4520 946 4580 noctes
979 4532 1032 4579 ct
1061 4520 1178 4577 dics
1206 4522 1434 4579 Domino
1468 4540 1479 4575 :

325 4621 390 4662 ,ει
492 4596 709 4652 laudate
737 4606 793 4651 et
818 4594 1220 4664 superexaltate
1248 4610 1370 4649 eum
1396 4596 1448 4648 in
1481 4593 1701 4653 saecula.

327 4693 375 4734 4
422 4668 735 4724 Benedicite
762 4668 851 4723 lux
878 4678 933 4723 et
973 4664 1212 4722 tenebrat:
1238 4666 1471 4721 Domino
1501 4684 1514 4719 :

494 4740 709 4796 laudate
730 4748 785 4795 et
814 4737 1215 4809 superexaltate
1242 4753 1367 4793 eum
1394 4738 1447 4792 in
1474 4736 1695 4793 saecula.

330 4836 393 4877 .5—
424 4812 740 4869 Benedicite
762 4808 976 4883 fulgura
1004 4819 1059 4866 et
1087 4808 1257 4883 nubes
1291 4809 1549 4883 Domino:

331 4907 397 4949 ,ξ-
498 4883 716 4940 laudate
742 4892 797 4940 et
816 4879 1216 4952 superexaltate
1243 4896 1367 4938 eum
1396 4880 1449 4938 in
1474 4879 1698 4938 saacula.

331 4979 391 5020 -ε-
428 4954 723 5013 Benedicat
763 4951 905 5010 terra
937 4951 1265 5009 Dominum:

330 5050 396 5091 ἦ.
500 5026 682 5082 laudet
712 5036 767 5084 et
790 5024 1157 5096 superexaltet
1189 5041 1310 5082 eum
1340 5025 1395 5082 in
1439 5024 1661 5083 saecula.

332 5122 390 5162 σι-
430 5099 743 5155 Benedicite
775 5106 987 5153 montes
1012 5106 1064 5153 et
1092 5097 1262 5152 colles
1295 5098 1524 5161 Domino
1552 5114 1568 5154 :

335 5193 401 5234 ,ξ-
506 5172 721 5226 laudate
750 5181 806 5225 et
830 5169 1241 5238 superexaltate
1266 5185 1389 5225 eum
1421 5169 1474 5226 in
1504 5170 1726 5226 saecula.

336 5264 399 5305 —:—
432 5240 742 5298 Benedicite
791 5241 1039 5297 universa
1068 5242 1427 5311 germinantia
1460 5243 1514 5297 in
1549 5253 1695 5299 terra
1744 5240 2016 5299 Domino:

333 5335 401 5377 οξ-
503 5314 713 5369 laudate
742 5322 796 5369 et
824 5313 1229 5385 superexaltate
1254 5328 1379 5369 eum
1411 5313 1467 5370 in
1502 5312 1719 5370 sarcula.

289 2184 356 2224 σξιο

303 3619 369 3660 ’ἒ

308 3906 369 3946 ’ἒ

314 4049 377 4089 οξ-

315 4192 378 4232 ἐν

317 4335 382 4376 οὲ

328 4764 391 4804 ’ὲ

1525 305 1728 367 LIBER
1767 305 2087 367 DANIELIS
2124 308 2544 371 PROPllETE.

1997 428 2047 488 Α
2077 426 2392 486 Benedicite
2422 431 2600 489 fontes
2637 433 2869 492 Domino
2900 454 2912 491 :

2026 980 2029 985 .
2079 930 2387 990 Benedicite
2406 930 2598 991 omnes
2626 939 2879 993 volucres
2904 940 3025 996 coeli
3064 940 3296 996 Domino
3332 961 3345 997 :

2005 1829 2055 1894 B

2008 2234 2021 2239 ‘
2080 2221 2211 2287 Quia
2251 2224 2393 2277 eruit
2423 2238 2523 2278 nos
2545 2221 2614 2281 de
2642 2224 2880 2291 inferno,

2005 3217 2054 3285 C

2039 4608 2092 4671 D

511 5467 539 5496 ει
565 5456 666 5513 Hic
694 5472 913 5527 quoque
966 5471 1089 5511 cum
1124 5454 1398 5525 plerisque
1446 5454 1567 5509 aliis
1607 5456 1748 5526 apud
1776 5456 2022 5513 Martian.

439 5544 585 5609 ms_s._
596 5530 767 5609 nostri
786 5530 903 5609 lego
904 5536 995 5609 nt,
1020 5527 1435 5609 supergloriosus
1472 5540 1567 5597 pro
1593 5531 2027 5609 superexaltatus.

511 5601 537 5639 ι)
568 5600 665 5656 Ms.
699 5601 871 5656 codex
904 5600 1122 5669 Regius,
1148 5600 1279 5668 ignis
1306 5608 1353 5652 et
1397 5615 1603 5651 cauma.
1636 5600 1810 5655 MART.

517 5684 538 5711 ο
572 5672 676 5726 Pro
704 5671 965 5726 saraballa
994 5668 1123 5725 mss.
1145 5669 1261 5725 fere
1285 5685 1472 5725 omnes
1503 5671 1687 5739 legunt
1711 5676 1843 5727 utin
1864 5668 2034 5739 LXX,

441 5744 707 5812 sarabara,
738 5744 924 5799 Canon
957 5742 1311 5798 Memmianus
1340 5741 1390 5796 in
1418 5756 1647 5809 corpore
1695 5743 1858 5799 habet
1884 5761 2035 5801 sara-

446 5817 599 5884 b'tra,
636 5817 689 5869 in
736 5816 979 5886 margine
1008 5830 1144 5869 vero
1196 5812 1335 5868 hanc
1366 5814 1670 5886 varianteut
1709 5816 1999 5871 lectionem

442 5888 569 5943 alibi
599 5884 881 5943 sarabaric.
918 5888 1029 5945 llos
1054 5901 1271 5945 errores
1313 5884 1586 5956 redarguit
1620 5887 1677 5944 S.
1716 5888 1935 5946 Hieron.
1966 5887 2006 5945 ι.

2025 5856 2040 5877 1

3526 323 3669 383 1302

2153 500 2369 556 laudate
2394 514 2450 560 et
2480 507 2886 571 superexaltate
2914 522 3039 564 eum
3070 508 3124 565 in
3156 509 3380 567 saecula.

2078 569 2390 630 Benedicite
2413 569 2582 632 maria
2607 588 2662 633 et
2690 577 2911 635 ﬂumina
2942 580 3170 637 Domino
3187 599 3216 639 -:

2148 644 2364 719 laudate
2394 658 2446 703 et
2476 651 2876 719 superexaltate
2900 668 3021 707 Clllll
3055 654 3109 709 in
3157 654 3373 710 saecula.

2077 714 2389 843 Benegicite
2437 714 2574 788 cete,
2608 735 2661 780 et
2690 714 2871 779 omnia
2897 739 3019 795 qua:
3047 736 3336 783 moventur
3383 727 3436 784 in
3488 728 3661 801 aquis,
3693 726 3756 768 *i‘

2267 805 2493 843 ODNDOZ

2267 805 2493 846 οοηηοε

2150 859 2363 918 laudate
2386 872 2440 919 et
2468 867 2872 933 superexaltate
2903 882 3025 923 cum
3061 868 3113 923 in
3149 869 3372 925 sa'cula.

3693 442 3759 485 ἢκ

3690 514 3755 554 .μ

3694 584 3759 625 4.

3693 655 3756 696 4.

2150 1004 2366 1061 laudate
2394 1015 2447 1062 et
2478 1010 2883 1076 superexaltate
2913 1028 3037 1066 eum
3064 1013 3115 1066 in
3147 1012 3373 1067 siccula.

2077 1074 2390 1153 Benedicite
2416 1074 2607 1137 omnes
2639 1082 2829 1137 bestia:
2864 1092 2919 1139 et
2947 1098 3145 1153 pecora
3175 1084 3405 1140 Domino
3436 1100 3453 1142 :

2151 1147 2365 1220 laudate
2410 1154 2881 1220 etsuperexaltale
2911 1147 3033 1210 eum
3066 1155 3120 1211 in
3159 1156 3380 1211 smcula.

2078 1217 2391 1277 Benedicite
2423 1223 2513 1277 lilii
2544 1217 2822 1279 hominum
2855 1226 3083 1281 Domino
3113 1243 3128 1280 :

2151 1291 2365 1349 laudate
2395 1303 2451 1349 et
2486 1297 2890 1357 superexaltate
2916 1296 3040 1355 eum
3072 1297 3129 1353 in
3159 1297 3383 1357 smcula.

2077 1361 2371 1418 Benedicat
2409 1361 2577 1423 Israel
2620 1368 2906 1423 Dominum
2941 1386 2955 1425 :

2151 1434 2332 1509 laudet
2351 1445 2408 1492 et
2436 1441 2804 1509 soperexaltet
2830 1456 2951 1496 eum
2986 1440 3039 1497 in
3070 1439 3292 1501 sarcula.

2079 1505 2396 1564 Benedicite
2423 1505 2737 1567 sacerdotes
2765 1512 2980 1569 Domini
3010 1513 3242 1570 Domino
3269 1531 3283 1567 :

2150 1576 2366 1651 laudate
2393 1591 2444 1636 et
2468 1582 2879 1651 superexaltate
2908 1600 3034 1640 eum
3074 1584 3131 1642 in
3160 1583 3382 1642 saecula.

2079 1646 2391 1705 Benedicite
2418 1646 2560 1708 servi
2594 1654 2800 1709 Domini
2832 1654 3061 1711 Domino
3092 1674 3105 1710 :

2151 1720 2363 1777 laudate
2392 1733 2448 1780 et
2471 1726 2868 1793 supercxaltate
2895 1742 3019 1783 eum
3047 1729 3098 1783 in
3128 1728 3351 1785 smcula.

2082 1790 2392 1867 Benedicite
2424 1790 2650 1863 spiritus
2678 1808 2729 1851 et
2757 1797 2953 1853 anima:
2980 1798 3254 1867 justorum
3289 1797 3524 1857 Domino
3550 1815 3565 1853 :

2154 1864 2371 1938 laudate
2399 1875 2456 1922 et
2482 1870 2882 1938 superexaltate
2908 1864 3032 1925 eum
3074 1870 3125 1927 in
3162 1870 3383 1931 szccola.

2082 1934 2396 1993 Benedicite
2424 1934 2600 1993 sauc'ti
2628 1949 2682 1994 et
2712 1939 2944 1995 humiles
2974 1942 3142 1998 corde
3180 1942 3409 1999 Domino
3440 1958 3455 1997 :

2154 2006 2371 2083 laudate
2403 2018 2457 2083 et
2484 2011 2885 2083 superexaltate
2912 2026 3035 2066 eum
3083 2012 3134 2066 in
3165 2013 3387 2069 saecula.

2080 2078 2393 2151 Benedicite
2431 2078 2666 2143 Anania.
2697 2078 2917 2151 Azaria,
2952 2084 3140 2143 Misael
3186 2085 3416 2140 Domino
3445 2101 3461 2139 :

2152 2149 2369 2223 laudate
2401 2162 2455 2207 et
2480 2149 3044 2223 superexaltate'eum
3072 2155 3126 2212 in
3165 2155 3387 2213 saecula.

2152 2302 2207 2347 et
2235 2294 2415 2351 salvos
2442 2294 2572 2351 fecit
2602 2296 2669 2352 de
2697 2313 2858 2354 manu
2889 2299 3102 2364 mortis,

2114 2382 2119 2387 ί
2150 2373 2204 2418 et
2231 2365 2477 2437 liberavit
2499 2383 2599 2423 nos
2622 2368 2689 2424 de
2720 2369 2901 2425 medio
2930 2368 3178 2431 ardentis
3208 2369 3464 2437 flammae,

2150 2436 2300 2510 etde
2324 2437 2509 2510 medio
2536 2439 2672 2510 ignis
2701 2440 2845 2495 eruit
2872 2457 2992 2498 nos.

2082 2507 2694 2581 ConliteminiiDomino
2721 2511 2977 2581 quoniam
3007 2514 3221 2579 bonus;

2156 2582 2411 2654 quoniam
2442 2580 2497 2637 in
2541 2580 2800 2638 saeculum
2832 2583 3210 2641 misericordia
3240 2583 3385 2654 ejus.

2083 2650 2402 2725 Benedicite
2439 2668 2629 2708 omnes
2660 2655 2895 2725 religiosi
2925 2656 3157 2713 Domino
3198 2650 3312 2713 Deo
3343 2653 3610 2711 deorum:

2152 2722 2369 2778 laudate
2395 2734 2446 2779 et
2469 2722 2798 2781 conﬁtemini
2821 2725 2895 2792 ei,

2150 2796 2272 2865 quia
2302 2795 2355 2849 in
2385 2797 2564 2853 omnia
2593 2799 2793 2855 saecula
2833 2798 3209 2856 misericordia
3238 2798 3382 2871 eius.

3698 877 3757 918 μμ

3698 948 3762 989 4.

3700 1020 3762 1060 ..ξ-

3699 1091 3764 1131 ἆο

3700 1233 3764 1273 4.

3698 1303 3765 1344 4.

3698 1375 3765 1416 .p

3700 1446 3766 1486 ..ίο

3699 1516 3766 1557 4.

3702 1587 3768 1627 4.

3703 1658 3768 1698 4.

3702 1729 3767 1769 4.

3704 1799 3768 1841 4.

3702 1870 3769 1911 4.

3704 1940 3771 1983 4.

3704 2011 3771 2054 4.

3704 2083 3772 2123 4.

3705 2152 3773 2195 4.

3708 2224 3773 2265 ἑο

3707 2296 3774 2336 4.

3706 2366 3773 2406 4.

3705 2436 3772 2477 -μ

3709 2507 3775 2548 4.

3709 2578 3775 2619 4.

3710 2648 3775 2689 4.

3708 2719 3776 2760 4.

3710 2790 3777 2832 4.

2153 2915 2436 2985 [lucusque
2464 2932 2567 2970 non
2599 2916 2853 2972 habentur
2888 2918 2940 2972 in
2972 2915 3229 2983 Hebraeo,
3260 2924 3306 2971 et
3344 2929 3461 2984 qua:
3498 2910 3679 2985 posui-

2078 3004 2214 3053 mus,
2244 2989 2306 3042 de
2331 2986 2702 3044 Theodotionis
2734 2989 2961 3045 editione
2998 2987 3253 3044 translata
3282 2994 3421 3042 sunt.

2078 3092 2233 3148 Tunc
2289 3090 2787 3151 Nabuchodonosor
2836 3106 2933 3150 rex
2969 3091 3271 3162 obstupuit,
3326 3096 3383 3147 et
3436 3085 3681 3149 surrexit

2233 3178 2488 3236 prepere,

2159 3246 2213 3293 et
2234 3234 2323 3290 'ait
2352 3234 2701 3311 optimatibus
2721 3235 2879 3311 suis:
2998 3304 3032 3311 __
3154 3306 3167 3311 _
3248 3304 3261 3311 _
3524 3299 3558 3311 ..

2082 3308 2270 3365 Nonne
2283 3298 2548 3365 tresviros
2560 3308 2802 3364 misimus
2819 3308 2872 3363 in
2891 3304 3132 3365 medium
3153 3304 3293 3378 ignis
3312 3298 3683 3373 compeditos?

2085 3381 2183 3449 Qui
2214 3379 2603 3447 respondentes
2624 3379 2881 3437 dixerunt
2914 3379 3026 3451 regi
3057 3396 3070 3433 :

2159 3451 2322 3516 Vere,
2363 3466 2486 3506 rex.

2089 3520 2415 3592 Respondit.
2444 3534 2497 3575 et
2523 3521 2629 3575 ait:

2161 3591 2303 3650 Ecce
2328 3608 2430 3662 ego
2459 3592 2620 3649 video
2649 3592 2795 3648 viros
2822 3600 3053 3661 quatuor
3099 3591 3330 3659 solutos,

2162 3676 2218 3722 et
2247 3664 2588 3721 ambulantes
2618 3665 2671 3721 in
2703 3664 2885 3719 medio
2916 3663 3078 3733 ignis,

2166 3746 2220 3793 et
2251 3736 2381 3791 nihil
2410 3734 2776 3806 corruptionis
2806 3736 2857 3789 in
2888 3736 2966 3791 eis
2992 3746 3075 3792 est
3095 3776 3110 3799 .

2165 3816 2222 3864 et
2251 3808 2461 3878 species
2492 3805 2670 3882 quarti
2703 3806 2897 3882 similis
2932 3805 3046 3862 filio
3079 3806 3195 3882 Dei.
3300 3875 3310 3882 _
3461 3872 3481 3882 η
3649 3870 3663 3882 ν

2097 3882 2250 3938 Tunc
2282 3872 2523 3935 accessit
2560 3878 3067 3935 Nabuchodonosor
3112 3878 3179 3934 ad
3209 3875 3408 3933 ostium
3456 3872 3696 3930 fornacis

2247 3954 2386 4024 ignis
2412 3951 2678 4024 ardentis,
2713 3962 2768 4005 et
2797 3953 2915 4024 ait;
3289 4018 3301 4024 _
3336 4018 3366 4024 _
3417 4018 3428 4024 _
3593 4014 3606 4024 ,
3645 4013 3658 4024 ,

2173 4014 2428 4087 Sidrach,
2462 4014 2691 4088 Misach,
2717 4030 2773 4077 et
2802 4022 3128 4093 Abdenago,
3161 4018 3305 4077 servi
3335 4018 3431 4075 Dei
3454 4014 3688 4082 excelsi,

2176 4095 2528 4165 egredimini,
2563 4103 2618 4149 et
2647 4093 2826 4149 venite
2859 4112 2872 4146 :

2105 4156 2411 4237 Statimque
2439 4156 2640 4236 egressi
2665 4175 2788 4221 sunt
2808 4164 3060 4229 Sidrach,
3086 4161 3311 4229 Misach,
3337 4156 3703 4227 etAbdenago

2254 4243 2320 4294 de
2361 4239 2539 4294 medio
2579 4239 2737 4309 ignis.
2956 4307 2966 4312 _
3303 4308 3311 4312 Α
3365 4300 3377 4312 ,
3438 4298 3471 4312 ,,

2113 4312 2182 4368 Ει
2211 4311 2523 4383 congregati
2552 4298 2803 4392 satrapae,
2827 4307 3213 4377 magistratus,
3263 4308 3319 4358 et
3360 4298 3570 4372 iudices
3597 4338 3613 4366 ,
3651 4304 3709 4355 et

2257 4392 2505 4452 potentes
2532 4395 2696 4451 1'6ng,

2186 4448 2694 4526 contemplaban'tur
2718 4448 3059 4526 virosjllos,
3212 4517 3223 4526 θ
3303 4514 3315 4526 ⁶
3379 4514 3391 4525 ε
3667 4509 3680 4522 ,

2117 4525 2384 4594 Quoniam
2409 4517 2543 4583 nihil
2574 4523 2862 4591 potestatis
2892 4520 3171 4576 habuisset
3211 4517 3349 4589 ignis
3378 4517 3434 4573 in
3463 4517 3713 4584 corpori-

2264 4596 2363 4651 bus
2394 4610 2607 4659 eorum,

2194 4677 2249 4725 et
2272 4666 2501 4735 capillus
2530 4656 2727 4735 capitis
2755 4677 2944 4721 eorum
2976 4676 3085 4735 non
3114 4667 3262 4735 esset
3291 4656 3544 4722 adustus,

2194 4749 2248 4793 et
2281 4749 2303 4777 ο
2336 4732 2614 4793 saraballa
2639 4751 2827 4793 eorum
2861 4749 2968 4790 non
3000 4732 3193 4789 fuisset
3220 4732 3535 4798 immutata,

2194 4818 2247 4866 et
2270 4808 2404 4866 odor
2428 4809 2579 4881 ignis
2598 4824 2703 4865 non
2735 4808 3022 4881 transisset
3054 4820 3151 4881 per
3174 4818 3294 4859 eos.

2128 4876 2508 4950 Eterumpehs
2537 4878 3061 4945 Nabuchodonosor,
3097 4876 3210 4942 ait;
3266 4940 3277 4951 α

2126 4952 2455 5010 Benedictus
2482 4952 2626 5009 Deus
2663 4966 2853 5008 eorum
2877 4992 2892 5015 ,

2202 5025 2429 5083 Sidrach
2448 5024 2723 5091 videlicet,
2753 5020 2959 5079 Misach
2990 5029 3047 5077 et
3071 5017 3394 5091 Abdenago,

2199 5098 2291 5169 qui
2321 5096 2468 5152 misit
2496 5096 2748 5166 angelum
2762 5108 2923 5151 suum
2951 5110 2965 5149 :

2128 5170 2197 5225 Et
2225 5170 2367 5224 eruit
2393 5182 2583 5224 servos
2607 5182 2759 5233 suos,

2200 5240 2291 5311 qui
2324 5238 2675 5296 crediderunt
2705 5240 2761 5293 in
2799 5251 2925 5293 eum
2960 5255 2971 5290 :

2133 5312 2205 5368 Et
2228 5312 2456 5369 verbum
2487 5312 2635 5383 regis
2666 5311 3125 5375 immolaverunt,

2135 5454 2441 5511 Comment.
2486 5454 2537 5508 in
2570 5452 2846 5507 Danielem
2886 5468 2899 5505 :
2944 5448 3053 5505 Pro
3087 5447 3281 5503 braccis
3303 5486 3321 5515 ,
3356 5441 3561 5521 inquit,
3594 5454 3737 5521 quas

2140 5525 2489 5603 ._S_ymntac_hus
2526 5522 2806 5603 avaiopida
2831 5545 2856 5585 ς
2896 5522 3266 5592 interpretatus
3306 5512 3379 5603 est
3406 5512 3741 5603 (Aquilae!

2140 5584 2430 5654 Theodotio
2460 5584 2723 5652 sarabafl'a
2750 5584 3013 5657 dixerunt,
3033 5584 3083 5648 et
3112 5609 3233 5653 non,
3267 5596 3321 5643 ut
3351 5592 3591 5653 corrupte
3614 5584 3742 5657 legi-

2145 5680 2258 5735 tnr,
2289 5670 2559 5724 sarabara.
2600 5667 2806 5738 Lingua
2846 5654 3017 5721 autem
3056 5662 3437 5738 AChaldteorunt
3483 5654 3744 5738 saraballa

2147 5726 2300 5796 crura
2320 5740 2585 5795 hominum
2614 5726 2858 5795 vocantur
2901 5750 2946 5793 et
2976 5736 3111 5792 tibia:
3139 5751 3156 5788 :
3183 5743 3238 5787 et
3265 5726 3549 5811 ὀμωνῇμως
3588 5726 3747 5806 etiam

2151 5815 2345 5869 bracae
2371 5829 2567 5877 eorum,
2601 5811 2783 5877 quibus
2811 5828 2968 5866 crura
3008 5815 3247 5877 teguntur
3295 5801 3345 5856 et
3379 5801 3546 5869 tibus,
3598 5801 3747 5870 quasi

2151 5884 2378 5943 crurum
2408 5894 2453 5941 et
2480 5876 2679 5942 tibiales
2701 5884 2975 5955 appellata:
2997 5876 3139 5936 sunt.
3180 5876 3355 5942 Mam.
