4124 6360
437 304 576 367 1505

507 425 576 480 Ει
600 421 942 482 tradiderunt
967 433 1198 492 corpora
1223 429 1320 476 sua
1347 432 1416 474 ne
1454 417 1745 492 servirent2

511 506 564 552 ct
591 514 659 553 ne
686 497 978 553 adorarent
1004 487 1218 549 omnem
1251 493 1442 556 Deum,
1469 498 1698 560 excepto
1730 487 1844 543 Deo
1881 499 1980 542 suo
2015 503 2029 542 :

440 567 486 626 A
511 585 597 625 me
625 585 754 640 ergo
786 568 1018 640 positum
1049 566 1267 640 esthoc
1297 563 1599 640 decretum,

509 651 566 696 ut
597 635 1056 710 ornnis'populus,
1086 636 1280 710 tribus,
1318 635 1600 710 etl‘ingua,

512 703 1308 784 qumcumqi'teflocutau-fuerit
1367 703 1785 784 blasphemiam.
1842 711 2034 784 contra

585 785 754 839 Deum
780 774 1035 849 Sidracb,
1061 779 1290 846 Misach,
1314 786 1367 833 et
1389 776 1707 848 Abdenago,
1735 774 2030 846 dispereat,

512 865 568 911 ct
594 855 787 911 domus
814 853 932 924 ejus
957 858 1200 906 vastetur
1227 869 1238 903 :

437 925 631 997 Neque
651 928 794 982 enim
821 935 906 981 est
934 924 1077 979 Deus
1097 924 1257 991 alius,

509 999 599 1068 qui
629 998 802 1069 possit
829 997 902 1052 ita
934 997 1173 1069 salvare.

436 1061 592 1126 Tunc
618 1061 719 1126 rex
755 1068 1025 1140 promovit
1066 1064 1317 1140 Sidrach,
1363 1063 1590 1132 Misach,
1632 1069 1689 1120 et
1711 1061 2031 1134 Abdenago,

511 1143 565 1196 in
595 1139 871 1210 provincia
903 1139 1214 1209 Babylonis.

438 1213 932 1270 Nanucuoooncson
959 1227 1076 1280 rex,

508 1285 761 1359 omnibus
791 1283 1003 1359 populis
1027 1325 1042 1350 ,
1061 1276 1070 1280 ⁷
1091 1280 1363 1359 gentibus,
1395 1287 1449 1337 ct
1478 1279 1698 1352 linguis,
1747 1277 1839 1350 qui
1872 1276 2030 1334 habi-

583 1364 700 1411 tant
725 1355 780 1411 in
799 1357 1047 1410 universa
1083 1355 1249 1419 terra,

520 1441 627 1496 pax
656 1428 810 1484 vobis
832 1425 1242 1496 multiplicetur.

441 1495 605 1569 Signa
635 1507 690 1556 et
713 1495 1138 1569 mirabilia’fecit
1161 1496 1301 1568 apud
1330 1510 1417 1569 me
1444 1495 1591 1569 Deus
1613 1495 1885 1569 excelsus.

417 1567 648 1626 ~Placuit
676 1586 807 1642 ergo
827 1569 962 1626 mihi
989 1568 1297 1640 praedicare
1326 1568 1479 1639 signa
1511 1567 1652 1638 ejus,
1683 1567 1811 1640 quia
1841 1581 2035 1640 magna

582 1653 707 1698 sunt
729 1659 744 1709 ;

511 1722 568 1769 et
591 1713 861 1769 mirabilia
894 1711 1034 1783 ejus,
1063 1713 1187 1783 quia
1214 1710 1368 1766 fortia
1396 1729 1410 1766 :

438 1783 511 1839 Et
533 1799 758 1856 regnum
788 1784 906 1855 ejus
938 1799 1158 1854 regnum
1187 1786 1601 1852 sempiternum;

511 1866 565 1911 ct
593 1851 834 1926 potestas
860 1851 1060 1927 ejus—iu
1091 1851 1496 1927 generationem
1528 1851 2032 1927 etgenerationem.

441 1924 616 2001 [Visio
643 1928 757 2000 1v.1|
789 1924 904 1998 Ego
953 1924 1458 1982 Nabuchodonosor
1505 1925 1721 1996 quietus
1776 1939 1925 1981 eram
1979 1924 2035 1981 in

585 2000 750 2054 domo
777 2014 921 2066 mea,

514 2077 571 2126 et
595 2070 796 2126 ﬂorens
825 2070 879 2142 in
911 2072 1111 2142 palatio
1141 2084 1261 2124 meo
1295 2087 1309 2123 :

439 2140 724 2198 Somnium
751 2141 882 2214 vidi,
912 2140 1058 2214 quod
1088 2141 1382 2214 perterruit
1409 2154 1497 2195 me
1530 2158 1544 2195 :

511 2222 567 2268 et
587 2212 946 2284 cogitationes
967 2229 1101 2269 meae
1129 2213 1186 2267 in
1209 2221 1383 2266 stratu
1416 2226 1560 2277 meo,

516 2294 572 2339 et
595 2285 832 2340 visiones
854 2285 1047 2355 capitis
1076 2284 1180 2340 mei
1210 2285 1672 2338 conturbaverunt
1703 2285 1819 2338 "me.

442 2353 512 2409 Et
538 2370 634 2424 per
659 2370 746 2410 me
774 2353 1112 2427 propositum
1141 2365 1226 2410 est
1257 2355 1566 2420 decretum,

516 2435 578 2481 ut
603 2425 1075 2484 introducerentur
1128 2427 1183 2481 in
1223 2436 1520 2496 conspectu
1571 2439 1695 2481 meo
1728 2425 1910 2481 cuncti
1949 2439 2035 2482 sa-

583 2499 795 2572 pientes
825 2499 1136 2572 Babylonis,

513 2577 569 2624 et
586 2566 647 2624 ut
672 2566 997 2641 solutionem
1031 2568 1227 2641 somnii
1254 2566 1743 2641 indicarentrmihi.

435 2637 592 2695 Tunc
622 2637 1064 2725 ingrediebantur
1085 2640 1299 2708 harioli,
1337 2640 1498 2712 magi,
1525 2637 1784 2725 Chaldaei,
1812 2647 1868 2697 et
1905 2656 2036 2699 aru-

581 2721 783 2782 spices,
1761 2721 1784 2728 ‘

513 2791 572 2840 et
598 2785 870 2839 somnium
895 2784 1108 2840 narravi
1142 2784 1194 2838 in
1218 2790 1515 2852 conSpectu
1545 2798 1730 2839 eorum
1763 2800 1776 2837 :

511 2863 569 2910 et
597 2856 927 2910 solutionem
953 2856 1073 2926 ejus
1095 2870 1206 2909 non
1230 2854 1611 2910 indicaverunt
1639 2856 1771 2914 mihi
1801 2879 1816 2916 ;

514 2934 542 2963 ει
567 2926 981 3054 Ιέιηεξοιροιιεεςι
1024 2927 1304 2998 ingressus
1353 2934 1439 2981 est
1484 2926 1541 2981 in
1571 2940 1865 3003 conSpeciu
1910 2946 2032 2989 meo

635 3013 757 3054 ante
790 3041 806 3054 .

635 3013 806 3065 amet,
1364 3053 1366 3055 ,

511 3071 598 3143 cui
630 3085 825 3143 nomen
857 3071 1129 3143 Baltassar
1152 3069 1451 3124 secundum
1481 3085 1680 3127 nomen
1703 3073 1799 3132 Dei
1827 3075 1956 3143 mei,

510 3141 603 3224 qui
632 3141 795 3197 habet
823 3143 1074 3212 spiritum
1098 3142 1324 3196 deorum
1371 3151 1684 3199 sanctorum
1727 3149 1785 3203 in
1829 3141 2031 3204 semet-

583 3227 705 3282 ipso
737 3229 752 3270 :

511 3292 566 3339 et
592 3285 863 3340 somnium
893 3299 1075 3341 coram
1108 3284 1226 3354 ipso
1252 3285 1467 3341 locutus
1493 3299 1632 3342 sum.

438 3355 712 3410 Baltassar
736 3397 751 3422 ,
779 3357 1030 3427 princeps
1055 3357 1386 3412 hariolorum
1408 3400 1424 3426 ,

511 3443 670 3498 quem
699 3443 800 3498 ego
826 3429 941 3484 scio
970 3427 1116 3498 quod
1157 3427 1409 3498 spiritum
1463 3440 1778 3488 sanctorum
1805 3434 2031 3491 deorum

583 3498 785 3556 habeas
813 3500 864 3554 in
897 3508 970 3564 te,

509 3578 566 3644 et
592 3585 754 3626 omne
778 3578 1178 3644 sacramentum
1206 3587 1312 3627 non
1343 3581 1426 3628 est
1448 3573 1781 3644 impossibile
1814 3576 1908 3631 tibi
1943 3595 1956 3633 :

439 3641 692 3697 Visiones
721 3643 1058 3697 somniorum
1088 3658 1357 3713 meorum,
1389 3641 1682 3715 quas—vidi,
1712 3657 1765 3703 et
1804 3650 2030 3707 solutio-

583 3728 707 3768 nem
733 3728 922 3768 eorum
951 3729 1130 3771 narra.

436 3783 589 3839 Visio
615 3785 810 3855 capitis
849 3787 952 3842 mei
985 3786 1037 3841 in
1063 3786 1229 3842 cubili
1260 3800 1383 3842 meo
1416 3805 1431 3843 :

515 3855 800 3931 Videbam,
825 3867 876 3931 et
897 3871 1023 3913 ecce
1054 3859 1218 3912 arbor
1238 3858 1291 3913 iu
1318 3857 1500 3916 medio
1520 3866 1702 3931 terrm,

505 3938 560 3983 et
586 3928 812 3984 altitudo
831 3929 949 3998 ejus
975 3931 1162 3985 nimia.

435 3999 625 4070 Magna
657 3999 840 4065 arbor,
874 4011 931 4056 et
961 4000 1117 4056 fortis
1151 4019 1163 4054 :

506 4082 561 4126 ct
593 4073 892 4140 proceritas
923 4073 1039 4141 ejus
1064 4072 1383 4141 contingens
1414 4073 1611 4129 caelum
1649 4093 1662 4130 :

505 4152 757 4213 aSpectus
802 4144 946 4198 illius
975 4153 1090 4198 erat
1118 4158 1289 4215 usque
1312 4144 1378 4199 ad
1433 4147 1699 4202 terminos
1751 4147 2021 4205 universtc

557 4225 758 4269 'lCI‘l‘ID.

427 4284 579 4368 Folia
609 4286 726 4354 ejus
746 4285 1224 4368 pu_lcherrima,_et
1250 4287 1458 4345 fructus
1487 4287 1602 4360 ejus
1630 4289 1826 4348 nimius
1860 4309 1873 4347 :

502 4367 556 4412 ct
584 4372 707 4412 esca
735 4358 1109 4413 universorum
1153 4358 1206 4413 in
1237 4376 1322 4416 ea.
1519 4358 1533 4403 '-

425 4427 628 4484 Subter
655 4443 775 4483 eam
809 4429 1127 4485 habitabant
1161 4431 1411 4486 animalia
1440 4440 1494 4486 et
1521 4432 1732 4500 bestiae,

495 4509 553 4555 et
582 4501 635 4554 in
663 4501 826 4555 ramis
849 4501 966 4570 ejus
995 4503 1462 4558 conversabantur
1487 4505 1735 4560 volucres
1766 4503 1889 4562 cceli
1924 4523 1939 4564 :

497 4580 552 4626 et
579 4587 640 4625 ex
672 4586 735 4626 ea
768 4574 1090 4628 vescebatur
1118 4576 1295 4628 omnis
1324 4589 1474 4630 caro.

424 4642 687 4699 Videbam
737 4643 794 4699 in
855 4645 1066 4700 visione
1117 4646 1306 4716 capitis
1364 4648 1471 4702 mei
1540 4660 1708 4717 super
1778 4655 2011 4707 stratum

418 4746 454 4779 ςιι
565 4729 768 4783 meum,

491 4797 548 4842 et
577 4802 704 4843 ecce
725 4785 853 4856 vigil
885 4795 940 4842 et
966 4797 1185 4844 sanctus
1209 4789 1277 4844 de
1305 4789 1448 4845 coelo
1473 4789 1777 4846 descendit.

419 4856 689 4914 Clamavit
717 4858 952 4927 fortiter,
985 4869 1039 4914 et
1065 4861 1144 4916 sic
1176 4861 1286 4914 ait:

413 4928 692 5005 §uccidite
712 4931 993 5005 arborem,
1017 4941 1072 4987 et
1102 4931 1381 5003 praecidite
1427 4947 1609 4989 ramos
1633 4933 1751 5005 ejus
1780 4953 1792 4990 :

417 5001 674 5059 Excutite
700 5001 826 5056 folia
856 5001 996 5072 ejus,
1103 5001 1115 5003 ⁷
1345 5033 1351 5038 -
1383 5038 1385 5040 .

488 5085 545 5148 et
573 5075 868 5148 dispergite
895 5075 1130 5131 fructum
1161 5075 1280 5148 ejus
1313 5093 1328 5131 :

414 5143 648 5215 Fugiant
673 5143 865 5202 bestiae
893 5162 1015 5217 qua:
1041 5143 1228 5203 subter
1255 5162 1374 5203 eam
1408 5155 1552 5214 sunt,

485 5225 541 5271 et
562 5218 811 5273 volucres
834 5218 902 5274 de
923 5222 1087 5274 ramis
1109 5222 1252 5291 ejus.

410 5288 800 5345 Verumtamen
830 5305 1051 5361 germen
1082 5288 1325 5346 radicum
1361 5291 1480 5361 ejus
1503 5292 1556 5347 in
1585 5302 1724 5349 terra
1747 5293 1931 5362 sinite,

481 5371 536 5416 et
558 5362 808 5438 alligetur
841 5362 1265 5420 vinculo-ferreo
1297 5373 1350 5420 et
1376 5379 1551 5435 azrco,
1585 5367 1638 5422 in
1668 5365 1850 5422 herbis
1884 5382 2005 5438 qua:

553 5435 688 5491 foris
710 5443 856 5502 sunt,

479 5515 536 5565 et
559 5522 685 5564 rore
713 5509 840 5565 caeli
877 5508 1134 5580 tingatur,

475 5657 500 5686 ’⁸
527 5649 731 5705 'Iextus
761 5645 1017 5702 Hebrmus
1058 5644 1221 5699 habet
1265 5651 1464 5708 vernn,
1520 5654 1642 5709 quas
1688 5640 1982 5701 Chaldaica

405 5733 510 5776 vox
541 5719 757 5790 prOprie
785 5719 1048 5790 significat
1089 5717 1275 5790 qlium.
1312 5714 1676 5790 Quamobrem
1713 5718 1860 5790 visus
1910 5729 1994 5772 est

404 5786 577 5847 doctis
615 5786 749 5844 viris
792 5786 857 5844 SI
888 5789 1046 5843 Pater
1090 5788 1338 5843 Graecum
1389 5786 1690 5859 exemplar,
1746 5787 1834 5842 hic
1879 5804 1991 5859 prae

405 5864 576 5922 oculis
622 5862 903 5930 habuisse,
949 5869 1112 5931 atque
1142 5863 1318 5930 ipsum
1372 5857 1587 5928 quidem
1634 5857 1985 5926 mendosum,

1439 301 1497 359 S.
1549 297 1924 358 IIIERONYMI
1962 296 2198 357 DIVINA
2234 293 2754 356 BIBLIOTHECA.’

2062 1821 2113 1882 B

2040 4606 2095 4668 D

3594 287 3745 351 15οι

2208 421 2263 470 et
2291 409 2413 469 cum
2437 413 2566 470 feris
2595 427 2720 484 pars
2749 409 2868 483 ejus
2899 410 2953 468 in
2986 409 3156 468 herba
3192 417 3374 470 terrm.

2138 485 2246 542 Cor
2275 485 2395 556 ejus
2421 486 2488 541 ab
2512 485 2752 540 humano
2772 493 3163 550 commutetur,

2208 565 2264 614 et
2292 573 2388 613 cor
2417 556 2549 614 fera:
2589 557 2749 614 detur
2779 557 2826 612 ei
2853 573 2866 609 :

2210 639 2265 686 et
2293 641 2503 699 septem
2533 637 2779 698 tempora
2813 637 3091 683 mutentur
3115 642 3281 698 super
3312 642 3458 683 cum.

2141 699 2200 756 In
2241 703 2516 757 sententia
2544 699 2765 771 vigilum
2796 699 3074 756 decretum
3104 709 3209 767 est,

2210 780 2266 828 et
2292 787 2473 830 sermo
2500 783 2833 836 sanctorum,
2874 781 2926 826 et
2959 772 3149 844 petitio
3185 790 3198 826 :

2146 845 2329 901 Donec
2357 853 2687 916 cognoscant
2712 844 2982 910 viventes,

2208 913 2464 988 quoniam
2497 916 2812 972 dominatur
2841 915 3385 988 Excelsusin‘regno
3407 913 3691 970 hominum
3721 930 3736 978 ;

2138 985 2556 1058 Et'cuicumque
2585 989 2853 1052 voluerit,
2888 987 3044 1042 dabit
3073 985 3228 1051 illud,

2209 1071 2264 1116 et
2292 1060 2654 1115 humillimum
2689 1060 2962 1116 hominem
2987 1059 3280 1116 constituet
3309 1072 3476 1130 super
3505 1073 3650 1114 eum.

2139 1129 2253 1187 Hoc
2283 1133 2552 1188 somnium
2577 1132 2684 1187 vidi

2211 1218 2315 1272 ego
2342 1220 2435 1259 rex
2464 1203 2968 1260 Nabuchodonosor
2997 1219 3013 1256 :

2141 1273 2222 1330 Tu
2246 1289 2398 1346 ergo,
2431 1275 2725 1342 Baltassar,
2750 1273 3253 1345 interpretationem
3285 1288 3448 1329 narra
3464 1272 3692 1329 festinus
3718 1290 3733 1328 ε

2209 1347 2336 1418 quia
2367 1363 2556 1402 omnes
2587 1348 2860 1418 sapientes
2882 1346 3035 1418 regni
3063 1347 3169 1402 mei
3210 1361 3316 1402 non
3346 1355 3555 1418 queunt
3589 1347 3734 1401 solu-

2280 1419 2482 1474 tionem
2515 1419 2733 1476 edicere
2757 1418 2886 1474 mihi
2917 1436 2928 1471 :

2139 1488 2220 1545 Tu
2251 1500 2431 1547 autem
2459 1500 2648 1561 potes.

2209 1561 2337 1632 quia
2369 1560 2591 1632 spiritus
2621 1564 2846 1618 deorum
2877 1569 3188 1617 sanctorum
3221 1560 3276 1616 in
3303 1567 3357 1616 te
3377 1568 3483 1616 est.

2140 1633 2293 1689 Tunc
2326 1634 2532 1706 Daniel,
2566 1636 2722 1706 cujus
2751 1649 2947 1690 nomen
2987 1633 3283 1706 Baltassar,

2211 1705 2375 1775 cmpit
2404 1705 2544 1762 intra
2562 1702 2917 1780 semetipsum
2948 1705 3148 1762 tacitus
3169 1705 3410 1776 cogitare
3422 1703 3580 1776 quasi
3601 1702 3738 1760 hora

2283 1793 2386 1832 una
2415 1795 2429 1830 ε

2211 1859 2266 1904 et
2293 1849 2650 1918 cogitationes
2677 1851 2798 1922 ejus
2825 1847 3227 1907 conturbabant
3255 1861 3402 1905 eum.

2139 1919 2505 1988 Respondcns
2533 1919 2718 1980 autem
2745 1939 2840 1979 rex
2870 1922 2945 1978 ait
2978 1939 2992 1976 :

2211 1993 2504 2060 Baltassar,
2527 1996 2800 2051 somnium
2828 2004 2884 2052 ct
2915 1991 3302 2065 interpretatio
3319 1990 3438 2064 ejus
3464 2004 3575 2048 non
3603 2005 3737 2048 con-

2283 2065 2503 2122 turbent
2546 2076 2618 2125 te.

2139 2134 2442 2206 Respondit
2466 2139 2758 2204 Baltassar,
2794 2149 2850 2196 et
2875 2139 3013 2194 dixit
3048 2156 3061 2192 :

2211 2208 2437 2280 Domine
2466 2209 2557 2277 mi,
2575 2213 2847 2266 somnium
2866 2211 2949 2266 his
2973 2211 3062 2280 qui
3086 2215 3139 2264 te
3154 2207 3407 2276 oderunt,

2211 2289 2264 2352 et
2296 2279 2674 2352 interpretatio
2701 2283 2820 2349 ejus
2851 2279 3098 2337 hostibus
3124 2281 3234 2336 tuis
3261 2281 3355 2338 sit.

2137 2349 2406 2423 Arborem
2431 2349 2590 2423 quam
2635 2353 2817 2409 vidisti
2848 2353 3136 2408 sublimem
3168 2364 3330 2421 atque
3357 2351 3660 2418 robustam,

2207 2422 2361 2496 Cujus
2411 2422 2640 2480 altitudo
2672 2428 2931 2496 pertingit
2980 2424 3048 2480 ad
3099 2424 3322 2492 malum,
3369 2433 3426 2480 ct
3471 2431 3735 2494 aspectus

2281 2493 2428 2551 illius
2459 2499 2512 2551 in
2535 2493 2754 2553 omnem
2787 2493 2988 2552 terram
3022 2515 3036 2553 :

2138 2564 2205 2620 Et
2228 2567 2363 2639 rami
2388 2567 2508 2638 ejus
2550 2569 2925 2639 pulcherrimi,

2208 2645 2264 2692 et
2285 2637 2491 2694 fructus
2520 2637 2638 2709 ejus
2667 2641 2896 2707 nimius;

2137 2706 2207 2762 Et
2236 2724 2358 2764 esca
2385 2706 2626 2766 omnium
2666 2713 2720 2767 in
2745 2727 2832 2779 ea,

2205 2788 2262 2836 et
2283 2781 2468 2854 subter
2489 2798 2608 2838 eam
2639 2784 2944 2840 habitantes
2967 2781 3158 2839 bestia:
3179 2781 3316 2854 agri,

2205 2852 2337 2908 etin
2365 2853 2533 2910 ramis
2558 2855 2675 2926 ejus
2702 2866 3107 2911 cummorantes
3136 2851 3262 2909 aves
3304 2851 3433 2926 coeli
3466 2871 3481 2908 :

2135 2921 2217 2979 Tu
2255 2939 2314 2980 es
2346 2940 2464 2992 rex,
2489 2921 2987 2998 qui'magniticatus
3020 2941 3102 2991 es,
3134 2933 3190 2981 et
3221 2925 3498 2998 itivaluisti
3533 2941 3545 2978 :

2206 3005 2260 3051 et
2291 2995 2604 3123 malgnitudo
2661 2995 2754 3053 tua
2795 2999 2990 3068 crevit,
3035 3008 3092 3054 et
3145 2996 3394 3068 pervenit
3450 3009 3624 3067 usque
3661 2995 3734 3051 ad

2279 3083 2363 3123 cce
2389 3085 2497 3123 um-

2279 3083 2497 3138 emtum,

2206 3148 2264 3195 et
2291 3153 2534 3210 potestas
2560 3151 2646 3197 tua
2677 3141 2730 3197 in
2764 3142 3028 3198 terminos
3056 3144 3326 3196 universae
3352 3147 3538 3195 terrae.

2061 3217 2106 3280 C
2137 3209 2309 3285 Quod:
2322 3223 2501 3268 autem
2529 3213 2667 3269 vidit
2688 3230 2781 3270 rex
2806 3215 3019 3285 vigilem
3041 3223 3094 3269 et
3121 3220 3366 3268 sanctum
3395 3210 3732 3269 descendere

2281 3283 2348 3338 de
2378 3285 2538 3347 coelo,
2571 3295 2625 3340 et
2653 3283 2872 3341 dicere:

2137 3352 2410 3411 Succidite
2441 3357 2709 3426 arborem,
2740 3366 2795 3412 et
2823 3357 3086 3424 dissipate
3115 3356 3257 3410 illam
3284 3371 3300 3422 ;

2133 3426 2387 3482 Attamen
2416 3443 2638 3497 germen
2669 3429 2914 3484 radicum
2944 3429 3062 3493 ejus
3091 3427 3143 3483 in
3170 3439 3313 3500 terra
3341 3428 3618 3500 dimittite,

2206 3507 2264 3554 et
2292 3500 2561 3555 vinciatur
2592 3501 2738 3556 ferro
2759 3514 2813 3556 ct
2839 3517 2948 3556 mre
2969 3499 3023 3554 iu
3057 3498 3242 3554 herbis
3269 3497 3426 3570 foris,

2204 3577 2260 3625 et
2285 3585 2410 3625 rore
2435 3573 2560 3643 caeli
2588 3582 3006 3643 conspergatur,

2203 3651 2258 3695 et
2285 3658 2407 3697 cum
2441 3642 2573 3697 feris
2597 3645 2667 3697 sit
2697 3642 2952 3713 pabulum
2981 3643 3122 3713 ejus,

2202 3713 2376 3768 donec
2401 3724 2608 3784 septem
2641 3725 2882 3786 tempora
2913 3724 3383 3786 mutentursuper
3408 3730 3531 3774 eum
3563 3734 3577 3773 :

2131 3783 2256 3840 l-lmc
2277 3796 2361 3840 est
2391 3783 2769 3855 interpretatio
2799 3787 3086 3843 sententiae
3107 3783 3370 3842 Altissimi
3388 3833 3403 3858 ,

2199 3872 2320 3933 qum
2348 3859 2595 3933 pervenit
2615 3875 2780 3933 super
2805 3859 3087 3914 dominum
3118 3872 3296 3914 mcum
3327 3874 3507 3933 regem
3532 3873 3548 3916 :

2127 3925 2364 3998 EjiCient
2385 3939 2438 3984 te
2459 3929 2528 3985 ab
2547 3925 2876 3998 hominibus,

2198 4008 2396 4055 etcum
2423 4002 2609 4056 bestiis
2642 4001 2773 4058 feris
2803 4007 2907 4058 erit
2935 4000 3193 4057 habitatio
3214 4008 3330 4070 tua,
3351 4052 3368 4067 ,

2196 4081 2250 4125 ct
2274 4072 2456 4128 fenum
2484 4084 2540 4126 ut
2570 4076 2667 4127 bos
2696 4074 2984 4140 comedes,

2195 4153 2249 4198 et
2281 4159 2406 4199 rore
2431 4147 2552 4202 caeli
2583 4145 2886 4201 infunderis
2915 4162 2929 4198 :

2124 4213 2345 4289 Septem
2374 4232 2588 4288 quoque
2619 4228 2861 4286 tempora
2894 4217 3247 4289 mutabuntur
3289 4229 3453 4289 super
3498 4226 3573 4284 te,

2193 4288 2368 4362 donec
2387 4287 2529 4345 scias
2547 4290 2688 4360 quod
2712 4289 3023 4345 dominetur
3038 4287 3299 4344 Excelsus
3312 4287 3476 4361 super
3488 4304 3717 4362 regnum

2265 4359 2568 4429 hominum,

2191 4441 2246 4486 et
2260 4433 2596 4504 cuicumque
2621 4431 2881 4498 voluerit,
2911 4431 3006 4488 det
3029 4431 3184 4489 illud.

2119 4501 2486 4577 Quod__autem
2511 4501 2795 4577 praecepit,
2827 4517 2885 4560 ut
2919 4505 3319 4576 relinqueretur
3357 4518 3582 4577 germen
3627 4519 3719 4562 ra-

2261 4573 2440 4631 dicum
2471 4573 2611 4646 ejus,

2189 4646 2240 4701 id
2269 4655 2372 4716 est,
2405 4649 2620 4705 arboris
2645 4667 2658 4704 :

2115 4717 2364 4789 Regnum
2393 4731 2540 4774 tuum
2571 4722 2664 4778 tibi
2692 4721 2962 4790 manebit,

2189 4799 2474 4861 postquam
2503 4796 2824 4863 cognoveris
2859 4800 3187 4864 potestatem
3235 4806 3358 4850 esse
3397 4794 3700 4853 cmlestem.

2112 4861 2501 4931 Quamobrem,
2535 4861 2657 4936 rex,
2687 4861 2972 4922 consilium
2996 4881 3176 4921 meum
3206 4865 3413 4936 placeat
3437 4867 3555 4936 tibi,

2183 4945 2239 4990 et
2263 4946 2483 5004 peccata
2513 4945 2608 4992 tua
2635 4939 3001 5008 eleemosyois
3031 4939 3259 5002 redime,

2183 5016 2240 5080 et
2270 5008 2578 5078 iniquitates
2607 5019 2723 5065 tuas
2754 5008 3143 5065 misericordiis
3159 5024 3456 5080 pauperum
3488 5028 3502 5067 :

2185 5078 2412 5133 forsitan
2438 5080 2682 5150 ignoscet
2711 5081 2928 5136 delictis
2961 5083 3089 5136 tuis.

2111 5148 2302 5224 Omnia
2334 5148 2601 5206 venerunt
2626 5169 2792 5224 super
2817 5152 3324 5209 Nabuchodonosor
3345 5166 3558 5223 regem.

2110 5223 2241 5277 Post
2264 5223 2425 5277 tinem
2451 5223 2719 5281 mensium
2750 5225 3062 5292 duodecim,

2182 5294 2237 5348 in
2267 5295 2390 5368 aula
2421 5295 2714 5368 Babylonis
2743 5298 3152 5353 deambulabat.

2108 5364 2516 5434 Responditque
2538 5364 2664 5435 rex,
2697 5377 2754 5424 ct
2795 5373 2908 5424 ait:

2177 5437 2369 5514 Nonne
2392 5437 2511 5514 hair;
2559 5451 2644 5496 est
2689 5441 2930 5514 Babylon
2963 5455 3176 5514 magna,
3211 5455 3373 5512 quam
3404 5454 3507 5512 ego
3534 5439 3706 5495 aedili-

2251 5510 2366 5565 cavi
2390 5511 2444 5565 in
2475 5511 2696 5569 domum
2730 5510 2905 5586 regni,

2094 5657 2283 5717 υίβοῑθ
2313 5663 2420 5720 quo
2446 5653 2732 5730 Qt‘o‘é'rspov
2754 5655 2956 5726 legeret
2981 5654 3358 5730 ἑταῖρονηῐιυω
3398 5669 3499 5730 vox
3532 5652 3694 5730 calle-

2099 5732 2408 5807 grzmsonat.
2449 5724 2669 5807 .Yidesis
2731 5724 2910 5782 tamen
2949 5724 3163 5798 quaead
3216 5724 3360 5783 hunc
3413 5726 3594 5782 locum
3645 5726 3696 5783 in

2098 5802 2512 5852 commentariis
2551 5806 2897 5854 annotamus.
3769 5810 3772 5814 '
