4124 6360
290 391 432 451 1505

1430 388 1997 479 LIBERTDANIELis
2037 388 2448 449 PROPHETZE.

3455 402 3594 459 1506

362 517 417 572 in
444 516 646 575 robore
698 516 1039 580 fortitudinis
1084 534 1242 587 more,
1275 526 1328 575 et
1374 518 1427 573 in
1469 514 1639 589 gloria
1677 513 1891 571 decoris
1920 514 1968 575 A
1998 514 2063 570 Et
2082 516 2541 589 proloquensirex
2567 516 2645 572 ait
2670 515 3019 589 sapientibus
3035 514 3369 589 Babylonis:

438 590 587 645 mei?

290 660 423 717 Cum
457 662 637 717 adhuc
669 678 850 718 sermo
878 672 1026 719 esset
1054 663 1227 719 inore
1262 660 1431 733 regis,

363 749 465 788 vox
491 733 557 788 de
584 735 727 790 etnlo
758 735 864 790 ruit
895 754 907 788 :

292 804 417 860 Tibi
443 807 661 869 dicitur,
693 806 1195 864 Nabuchodonosor
1234 822 1335 863 rex
1370 822 1383 861 :

362 876 609 946 Regnum
632 879 849 933 transiit
877 889 1021 934 ate:

292 948 362 1003 Et
384 949 452 1001 ab
483 950 790 1023 hominibus
810 960 877 1023 _te
899 952 1138 1023 ejicient,

359 1031 410 1073 et
436 1036 556 1075 cum
582 1021 769 1076 bestiis
802 1021 938 1077 feris
958 1024 1064 1078 erit
1097 1023 1358 1080 habitatio
1390 1032 1478 1079 tua
1514 1038 1528 1075 :

287 1090 498 1146 Fenum
520 1092 677 1162 quasi
701 1094 796 1148 bos
820 1095 1095 1153 comedes.

360 1174 414 1218 et
434 1173 639 1232 septem
668 1173 907 1234 tempora
943 1167 1294 1222 mutabuntur
1318 1183 1484 1236 super
1508 1174 1557 1222 te
1588 1182 1604 1222 :

288 1234 472 1291 Donec
495 1236 641 1319 scias
666 1239 807 1308 quod
835 1237 1144 1293 dominetur
1173 1234 1441 1294 Excelsus
1498 1239 1553 1293 in
1582 1252 1749 1309 regno
1794 1235 1892 1291 lto--

435 1323 665 1373 mtuum,

360 1387 417 1435 et
464 1380 788 1450 cuicumque
818 1380 1069 1448 voluerit,
1096 1380 1181 1436 det
1213 1381 1362 1438 illud.

292 1451 497 1507 Eadem
520 1450 654 1505 hora
679 1466 864 1508 sermo
892 1454 1196 1522 completus
1225 1464 1306 1509 est
1332 1469 1496 1526 super
1524 1451 1890 1509 Nabuchodo-

435 1537 599 1578 nosor
613 1563 628 1589 ,

364 1603 419 1667 et
447 1610 510 1651 ex
544 1594 852 1651 hominibus
882 1596 1088 1667 ejectus
1115 1605 1231 1662 est;

292 1666 358 1721 Et
390 1666 568 1722 fenum
590 1677 646 1721 ut
669 1667 769 1722 bos
798 1666 1058 1737 comedit,

360 1746 415 1792 et
442 1753 565 1793 rore
600 1739 722 1795 coeli
748 1754 946 1809 corpus
974 1741 1089 1810 ejus
1122 1740 1381 1795 infectum
1416 1748 1498 1795 est
1530 1757 1543 1794 :

294 1809 481 1865 Donec
505 1811 683 1879 capilli
714 1810 832 1881 ejus
862 1816 912 1866 in
959 1809 1375 1869 similitudinem
1408 1811 1711 1884 aquilarum
1744 1825 1893 1867 cres-

433 1892 643 1950 cercnt,

362 1960 418 2007 et
439 1969 643 2022 llllglles
671 1953 787 2023 ejus
810 1956 968 2026 quasi
994 1956 1198 2013 avium.

292 2023 460 2095 Igitur
481 2034 605 2095 post
631 2026 790 2080 finem
821 2023 1051 2094 dierum,

363 2111 463 2167 ego
514 2097 1012 2181 Nabuchodonosor
1059 2097 1246 2154 oculos
1288 2113 1440 2155 meos
1488 2096 1555 2153 ad
1587 2096 1785 2155 coelum
1814 2096 1892 2153 le-

434 2184 579 2234 vavn,

362 2248 419 2296 et
442 2256 634 2296 sensus
666 2257 816 2297 meus
844 2242 1089 2299 redditus
1119 2250 1202 2297 est
1241 2241 1370 2297 mihi
1405 2259 1419 2298 :

293 2311 363 2366 Et
392 2314 670 2385 Altissimo
698 2315 971 2385 benedixi,

363 2393 420 2439 et
471 2384 739 2441 viventem
794 2388 845 2441 in
902 2383 1296 2457 sempiternum
1347 2384 1561 2442 laudavi
1608 2394 1665 2443 et
1719 2383 1890 2457 glori-

436 2457 591 2511 ficavi
624 2476 636 2511 :

293 2526 427 2596 Quia
461 2538 701 2597 potestas
730 2527 852 2601 ejus
880 2537 1121 2599 potestas
1151 2532 1505 2601 sempiterna,

364 2608 419 2652 et
447 2615 669 2670 regnum
698 2600 815 2668 ejus
864 2601 915 2654 in
943 2604 1350 2671 generationem
1381 2613 1431 2656 et
1456 2601 1885 2671 generationem.

292 2669 359 2726 Et
393 2669 580 2726 omnes
629 2669 966 2747 habitatores
996 2684 1154 2729 terrae
1196 2674 1339 2747 apud
1385 2669 1508 2730 eum
1563 2674 1616 2728 in
1662 2672 1889 2728 nihilum

434 2746 666 2813 reputati
696 2753 824 2797 sunt
850 2761 864 2802 :

358 2812 510 2884 juxta
536 2816 864 2871 voluntatem
891 2812 1035 2869 enim
1058 2830 1209 2871 suam
1245 2816 1369 2872 facit
1394 2827 1500 2871 tam
1524 2814 1577 2871 in
1596 2814 1891 2873 virtutibus

439 2887 585 2953 εαξη,
619 2902 777 2955 quam
808 2889 861 2941 in
889 2886 1282 2943 habitatoribus
1314 2898 1472 2944 terra:
1501 2905 1515 2943 :

295 2955 363 3012 Et
393 2973 502 3031 non
533 2968 615 3014 est
637 2959 725 3029 qni
747 2960 965 3013 resistat
994 2959 1177 3013 manui
1200 2962 1336 3031 ejus,

365 3038 420 3083 et
450 3030 597 3085 dicat
625 3033 674 3085 ei
710 3048 723 3084 :
751 3032 930 3096 Quare
958 3030 1172 3085 fecisti?

294 3100 351 3155 In
389 3100 508 3169 ipso
529 3111 774 3169 tempore
796 3116 988 3156 sensus
1004 3116 1155 3157 meus
1184 3117 1439 3158 reversus
1468 3109 1551 3157 cst
1576 3101 1641 3155 ad
1674 3116 1783 3167 me,

364 3180 420 3225 et
448 3173 514 3226 ad
540 3174 799 3228 honorem
824 3176 973 3242 regni
1008 3174 1113 3229 mei
1141 3174 1505 3246 decoremque
1534 3174 1779 3245 perveni,

364 3251 419 3297 et
449 3246 621 3313 figura
644 3260 760 3300 mea
787 3260 1004 3300 reversa
1033 3254 1119 3300 est
1147 3246 1214 3299 ad
1238 3260 1353 3301 me:

293 3314 363 3370 Et
415 3303 705 3386 optimates
761 3317 899 3383 mei,
959 3326 1015 3372 et
1064 3319 1415 3389 magistratus
1470 3316 1575 3372 mei
1626 3313 1888 3388 requisic—
1918 3303 1963 3368 C

437 3397 562 3441 rttut
594 3403 700 3451 me,

363 3464 419 3511 et
459 3458 512 3512 in
541 3473 710 3533 regno
740 3473 863 3533 meo
884 3457 1164 3533 rcsritutns
1194 3473 1310 3515 sum
1348 3477 1361 3515 :
1539 3530 1572 3533 Α
1599 3526 1615 3533 Δ

365 3536 421 3582 et
451 3530 851 3599 magnificentia
881 3531 1115 3600 amplior
1153 3533 1333 3587 addita
1366 3541 1448 3587 est
1480 3530 1635 3586 mihi.

293 3599 638 3726 Nuncfigitur
686 3617 787 3673 ego
837 3599 1335 3661 Nabuchodonosor
1362 3602 1544 3675 laudo,
1595 3610 1651 3659 et
1681 3602 1890 3676 magni-

458 3688 576 3726 ICO.

458 3688 541 3728 ICO
562 3715 576 3739 ,

363 3750 421 3818 et
445 3745 690 3814 glorifico
717 3760 900 3818 regem
930 3746 1051 3803 coeli
1085 3763 1100 3801 :

292 3816 428 3883 Quia
456 3819 635 3873 omnia
659 3816 822 3889 opera
854 3819 972 3886 ejus
1002 3832 1151 3888 vera,

364 3896 419 3941 et
447 3888 548 3943 via:
575 3888 951 3960 ejusjudicia:

365 3968 419 4013 et
450 3961 767 4029 gradientes
796 3962 846 4014 in
876 3960 1129 4031 superbia
1162 3968 1335 4031 potest
1360 3961 1669 4021 humiliarc.

292 4029 465 4103 [Visio
498 4031 583 4104 \'.]
616 4029 1002 4106 Baltassarrex
1034 4029 1388 4103 fecit‘grande
1410 4034 1718 4089 convivium
1744 4035 1886 4106 opti-

434 4105 665 4160 matibus
695 4105 810 4160 suis
844 4104 989 4159 Inille
1022 4122 1035 4158 :

362 4184 416 4227 et
440 4176 811 4247 unusquisque
840 4179 1139 4231 secundum
1168 4192 1321 4232 suam
1348 4177 1812 4233 bibebatzrtatem.

294 4243 560 4316 Prmecpit
599 4243 736 4318 ergo
760 4248 873 4318 jam
906 4250 1255 4319 temulentus,
1313 4261 1371 4305 ut
1400 4250 1728 4306 atferrentur
1757 4263 1889 4305 vasa

434 4334 597 4374 aurea
628 4331 683 4375 et
708 4330 986 4389 argentea,

361 4404 481 4457 qua:
511 4391 1427 4467 asportaveratNabuchodonosor
1455 4402 1615 4465 pater
1659 4394 1777 4467 ejus
1820 4393 1888 4450 de

364 4462 587 4534 templo,
612 4463 755 4534 quod
779 4461 956 4534 fuitin
988 4464 1309 4534 Jerusalem,

297 4529 369 4585 Ut
392 4529 641 4584 biberent
659 4532 712 4585 in
737 4532 823 4608 .eis
846 4548 940 4588 rex
963 4545 1018 4589 et
1045 4529 1338 4603 optimates
1363 4538 1503 4608 ejus,

364 4616 670 4672 uxoresque
700 4601 840 4670 ejus,
869 4612 926 4658 et
945 4601 1282 4663 concubinae.

292 4671 444 4727 Tunc
472 4671 632 4728 allata
651 4683 778 4728 sunt
799 4687 927 4729 vasa
955 4690 1141 4742 aurea,

362 4754 887 4869 qurelaSportaverat
914 4746 983 4802 de
1014 4750 1239 4820 templo,
1269 4748 1412 4821 quod
1438 4748 1613 4806 fuerat
1638 4750 1692 4806 in
1720 4750 1884 4807 Jeru-

429 4831 487 4869 sa
512 4833 595 4869 em
622 4832 638 4869 :

429 4831 595 4872 salem
622 4832 638 4873 2

291 4887 360 4943 Ει
385 4886 641 4945 biberunt
665 4889 717 4945 in
745 4890 943 4965 eis_r_ex
966 4892 1327 4965 etioptimates
1352 4892 1490 4965 ejus,

360 4976 557 5033 uxores
577 4973 633 5018 et
658 4961 975 5019 concubina:
996 4961 1134 5033 ejus.
1204 5018 1205 5021 η

289 5030 555 5088 Bibebant
584 5035 793 5101 vinum,
822 5045 877 5088 et
908 5030 1351 5090 laudabantdebs
1377 5050 1504 5092 suos
1536 5051 1754 5105 aureos,

359 5112 417 5158 et
442 5117 749 5181 argenteos,
802 5113 858 5160 et
883 5120 1079 5175 aereos,
1125 5107 1354 5175 ferreos,
1388 5108 1707 5181 ligucosque
1734 5119 1789 5167 et
1813 5109 1883 5167 la-

433 5176 644 5243 pideos.

288 5245 344 5302 In
371 5247 559 5322 eadem
585 5249 717 5305 hora
748 5258 1115 5322 apparuerunt
1135 5250 1312 5322 digiti,

358 5321 512 5445 quasi
544 5335 705 5376 manu
761 5321 998 5378 hominis
1046 5321 1337 5380 scribentis
1380 5331 1568 5379 contra
1619 5324 1877 5382 candela-

470 5407 591 5445 rum

470 5407 591 5447 rum

360 5462 412 5517 in
444 5462 735 5539 superﬁcie
764 5464 991 5539 parietis
1018 5467 1156 5539 aula:
1182 5468 1347 5539 regiae
1372 5485 1385 5522 :

359 5545 412 5589 et
434 5550 528 5591 rex
555 5537 849 5606 aspiciebat
874 5538 1131 5593 articulos
1162 5537 1353 5596 manus
1382 5540 1694 5599 scribentis.

286 5605 437 5662 Tune
460 5610 599 5677 regis
621 5605 797 5664 facies
834 5619 1167 5665 commutata
1195 5622 1299 5679 est,

359 5687 415 5732 et
442 5681 796 5750 cogitationes
822 5682 939 5751 ejus
961 5682 1494 5752 perturbabantIeum
1519 5702 1535 5753 ;

288 5749 355 5805 Et
393 5749 681 5824 compages
704 5749 896 5807 renum
921 5749 1039 5824 ejus
1068 5749 1440 5822 solvebantur,

358 5831 409 5874 et
436 5836 607 5891 genua
631 5823 747 5893 ejus
774 5825 839 5879 ad
869 5838 929 5880 se
957 5823 1187 5881 invicem
1217 5827 1631 5888 collidebantur.

288 5892 625 5951 Exclamavit
654 5898 835 5963 itaque
860 5911 956 5952 rex
987 5895 1224 5961 fortiter,

365 5971 423 6019 ut
465 5964 870 6023 introducerent
914 5983 1119 6041 magos,
1150 5969 1454 6043 Chaldaeos,
1484 5983 1540 6032 et
1568 5973 1871 6047 aruspices.

1920 1916 1968 1975 Β

1907 4655 1963 4718 D

2066 588 2403 658 Quicumque
2429 588 2625 658 legerit
2650 590 2974 659 scripturam
3008 588 3169 658 hanc,

2065 670 2119 713 ct
2152 660 2652 730 interpretationem
2696 661 2817 731 ejus
2845 660 3187 715 manifestam
3222 662 3351 716 mihi
3380 662 3590 730 fecerit,

1994 729 2245 856 I‘urpuriil
2274 729 2557 802 vestietur,
2613 744 2663 789 et
2702 729 2949 804 terquem
3001 748 3222 815 auream
3266 735 3489 793 habebit
3534 739 3589 793 in

2140 819 2204 856 eo
2252 817 2305 856 ο.

2140 804 2305 871 collo,
3184 812 3187 815 λ

2028 876 2035 947 ξ
2065 883 2123 929 et
2153 876 2348 930 tertius
2380 874 2433 930 in
2462 891 2629 947 regno
2654 892 2777 931 meo
2807 878 2932 932 erit.

1995 946 2149 1002 Tunc
2170 947 2396 1027 ingressi
2439 946 2630 1027 omnes
2660 950 2934 1019 sapientes
2964 948 3129 1020 regis,
3161 964 3270 1027 non
3295 958 3589 1021 potuerunt

2119 1018 2441 1087 scripturam
2482 1020 2695 1091 legere,
2728 1018 2733 1019 ί
2861 1080 2865 1084 .

2066 1101 2165 1165 nec
2191 1091 2691 1165 interpretationem
2718 1091 2956 1165 indicare
2988 1094 3123 1165 regi.

1994 1154 2147 1215 Unde
2179 1178 2272 1217 rex
2298 1154 2567 1219 Baltassar
2594 1166 2726 1220 satis
2748 1154 3098 1222 conturbatus
3121 1176 3227 1236 est,

2067 1241 2123 1287 et
2146 1236 2322 1289 vultus
2353 1236 2494 1291 illius
2536 1236 2853 1292 immutatus
2884 1243 2971 1290 e~t
3000 1253 3013 1289 :

2065 1304 2160 1377 sed
2189 1317 2243 1362 et
2271 1310 2560 1377 optimates
2589 1309 2707 1377 ejus
2745 1306 3120 1364 turbabantur.

1996 1372 2427 1504 ltcgitli_:i)aut'em,
2460 1395 2559 1452 pro
2590 1372 2648 1436 re
2669 1395 2789 1452 quae
2814 1379 3085 1437 acciderat
3106 1380 3241 1453 regi,
3271 1388 3323 1437 ct
3350 1381 3590 1453 optima-

2166 1467 2173 1500 l
2219 1465 2280 1504 US
2298 1466 2415 1504 ClllS
2433 1493 2448 1504 .

2140 1450 2280 1505 tibus
2298 1450 2415 1520 ejus
2433 1493 2448 1517 ,

2065 1518 2284 1596 domum
2313 1518 2551 1581 convivii
2578 1525 2820 1596 ingressa
2849 1530 2932 1579 est
2965 1541 2980 1579 :

1996 1588 2065 1646 Et
2098 1594 2426 1664 proloquens
2448 1600 2520 1652 ait
2552 1615 2566 1656 :
2600 1588 2714 1652 R‘éx
2741 1638 2756 1663 ,
2790 1595 2843 1649 in
2876 1602 3136 1653 mternum
3168 1596 3292 1653 vive
3325 1613 3340 1652 :

2067 1678 2175 1719 non
2205 1669 2608 1740 tecontnrbent
2647 1668 3005 1739 cogitationes
3037 1680 3162 1739 tum,
3196 1682 3373 1740 neque
3424 1666 3594 1725 facies

2141 1747 2227 1789 tua
2264 1738 2593 1797 immutrtur.

1997 1804 2095 1861 Est
2120 1808 2275 1935 \tlirlin
2308 1826 2473 1893 regno
2498 1823 2611 1883 tuo,
2635 1815 2726 1885 qui
2746 1815 2994 1885 spiritum
3024 1812 3252 1870 deorum
3281 1820 3591 1867 sanctorum

2161 1894 2205 1932 ta
2252 1889 2373 1935 ettn
2405 1899 2463 1935 se
2492 1903 2505 1935 :

2161 1883 2304 1935 labet
2323 1883 2373 1936 in
2405 1899 2463 1939 se
2492 1903 2505 1939 :

2066 1959 2120 2005 et
2148 1950 2197 2004 in
2230 1952 2424 2028 diebus
2451 1957 2622 2026 patris
2648 1957 2722 2013 lui
2754 1958 2981 2014 scientia
3008 1965 3062 2014 et
3099 1955 3369 2028 sapientia
3401 1954 3593 2011 inven-

2028 2034 2033 2037 ‘
2139 2029 2208 2076 ta:
2236 2035 2361 2079 sunt
2390 2026 2443 2081 in
2475 2043 2542 2083 eo
2574 2045 2587 2081 :

1942 2148 1947 2157 ,
1994 2090 2330 2168 Nametrex
2364 2098 2861 2156 Nabuchodonosor
2884 2109 3034 2168 pater
3057 2108 3201 2167 tuus,

2066 2165 2363 2236 principem
2396 2186 2694 2242 magorum,
2728 2165 3150 2241 inean‘tatorum,
3179 2165 3585 2238 Chaldaeorum,

2138 2247 2191 2292 et
2215 2242 2522 2311 aruspicqu
2548 2245 2827 2300 constituit
2855 2260 3002 2311 enm,

2065 2316 2241 2383 pater,
2273 2312 2510 2382 inquam,
2539 2325 2680 2383 tuus,
2710 2332 2743 2371 ο
2772 2332 2864 2372 rex
2896 2335 2908 2370 :

1993 2378 2129 2456 Quia
2150 2378 2369 2450 spiritus
2391 2378 2640 2456 amplior,
2668 2378 2728 2441 'ct
2761 2387 3068 2456 prudentia,
3103 2383 3590 2455 intelligentiaque,

2065 2453 2440 2523 interpretatio
2468 2453 2825 2521 somniorum.
2859 2469 2914 2514 et
2943 2453 3188 2513 ostensio
3232 2453 3593 2521 secretorum,

2138 2537 2203 2579 ac
2225 2525 2422 2580 solutio
2451 2529 2761 2598 ligatorum,
2797 2531 3031 2585 iuventte
3056 2539 3179 2583 sunt
3212 2526 3263 2581 iu
3287 2543 3375 2593 eo,

2064 2593 2170 2650 hoc
2195 2600 2359 2651 estin
2394 2593 2618 2657 Dan'iele
2655 2619 2667 2656 :
2717 2593 2804 2657 cui
2849 2617 2942 2658 rex
2991 2599 3170 2673 posuit
3212 2614 3408 2655 nomen
3463 2596 3591 2652 Bal-

2141 2676 2337 2725 135831⁵-

1992 2736 2351 2812 Nuneitaque
2382 2741 2565 2799 Daniel
2590 2738 2837 2812 vocetur,

2064 2818 2121 2864 et
2146 2810 2652 2883 interpretationem
2686 2810 2945 2871 narrabit.

1992 2879 2158 2958 Igitur
2181 2879 2518 2941 introductus
2548 2901 2629 2943 est
2650 2888 2838 2943 Daniel
2866 2901 3050 2943 coram
3079 2900 3229 2958 rege.

2064 2952 2145 3007 Ad
2176 2969 2337 3024 quem
2362 2960 2617 3024 prmfatus
2651 2975 2742 3016 rex
2768 2961 2844 3013 ait
2876 2978 2887 3013 :

1993 3021 2073 3077 Tu
2104 3039 2163 3078 es
2191 3021 2376 3101 Daniel
2407 3029 2475 3085 de
2533 3030 2660 3087 filiis
2708 3030 3035 3101 captivitatis
3084 3028 3257 3101 Judm.

2065 3099 2475 3173 quemadduxit
2503 3118 2597 3156 rex
2630 3099 2788 3173 pater
2813 3118 2963 3158 meus
2986 3103 3055 3155 de
3085 3100 3309 3173 Judzra?

1992 3167 2183 3223 Audivi
2212 3168 2281 3251 de
2312 3181 2385 3252 t_e,
2417 3167 2672 3252 quoniam
2718 3174 2967 3252 spiritum
3006 3174 3229 3252 deorum
3263 3170 3464 3252 habeas
3488 3185 3521 3252 ε.

2064 3249 2119 3295 et
2140 3240 2370 3322 scicntia
2420 3240 2886 3322 intcleligentiaqne
2936 3258 3001 3301 ac
3049 3244 3313 3315 sapientia
3358 3240 3592 3312 amplior

2137 3318 2355 3368 inventa
2378 3327 2460 3372 est
2498 3318 2547 3371 iu
2584 3328 2656 3372 te.
3282 3324 3285 3327 ’

1996 3381 2066 3437 Ει
2089 3397 2234 3437 nunc
2260 3385 2575 3459 introgressi
2597 3398 2723 3444 sunt
2751 3389 2802 3443 in
2831 3396 3123 3458 conspectu
3157 3401 3279 3443 meo
3320 3382 3591 3455 sapientes

2139 3457 2301 3530 ntagi,
2334 3470 2393 3513 ut
2412 3457 2743 3530 scripturam
2774 3461 2911 3514 hanc
2929 3457 3190 3528 legerent,

2062 3535 2117 3580 et
2142 3526 2639 3602 interpretationem
2669 3532 2786 3602 ejus
2810 3526 3111 3585 indicarent
3149 3529 3281 3602 mihi
3313 3543 3328 3583 :

2064 3607 2118 3653 ct
2148 3599 2505 3668 nequiverunt
2531 3598 2750 3659 sensum
2790 3603 3058 3657 sermonis
3093 3601 3253 3671 hujus
3277 3598 3515 3671 edicere.

1990 3668 2165 3725 Porro
2192 3685 2291 3741 ego
2321 3673 2500 3747 audivi
2546 3675 2615 3730 de
2666 3686 2738 3743 te,
2766 3674 2908 3747 quod
2950 3674 3126 3746 possis
3159 3668 3390 3729 obscura
3419 3670 3589 3726 inter-

2136 3745 2359 3813 pretari,

2064 3824 2116 3868 et
2147 3814 2308 3884 ligata
2345 3817 2646 3876 dissolvere
2679 3835 2693 3874 :

1991 3881 2045 3940 Si
2078 3881 2212 3954 ergo
2236 3888 2384 3944 vales
2406 3890 2727 3960 scripturam
2750 3890 2948 3961 legere,

2063 3968 2117 4012 et
2146 3961 2645 4029 interpretationem
2668 3962 2786 4033 ejus
2808 3960 3047 4019 indicare
3072 3960 3227 4031 mihi,

1992 4027 2235 4099 Purpura
2268 4027 2536 4107 vestieris,
2580 4046 2633 4090 et
2663 4027 2909 4107 torquem
2941 4048 3157 4090 auream
3202 4027 3345 4091 circa
3393 4028 3590 4087 collum

2138 4110 2286 4176 tuum
2316 4103 2563 4176 habebis,

2064 4180 2117 4249 et
2147 4172 2335 4228 tertius
2368 4176 2421 4229 in
2454 4172 2620 4248 regno
2650 4192 2774 4249 meo
2794 4177 3046 4249 princeps
3067 4176 3195 4233 eris.

1990 4243 2220 4328 Adnqua:
2244 4243 2817 4328 reSpondensDaniel,
2849 4251 2921 4304 ait
2950 4243 3131 4328 coram
3162 4260 3291 4328 rege
3314 4262 3366 4328 :__
3439 4314 3451 4328 .

2062 4312 2282 4372 Mimera
2314 4312 2404 4374 tua
2431 4322 2541 4375 sint
2563 4322 2679 4387 tibi,
2708 4332 2761 4376 et
2780 4312 2920 4376 dona
2949 4321 3140 4374 domus
3169 4312 3274 4373 tuEe
3296 4314 3454 4372 alteri
3483 4312 3583 4370 da:

1990 4385 2325 4464 Seripturam
2355 4404 2533 4447 autem
2561 4385 2733 4464 legam
2760 4392 2878 4455 tibi,
2909 4405 3025 4464 rex,

2060 4469 2115 4514 et
2140 4460 2646 4542 interpretationem
2678 4463 2795 4533 ejus
2824 4462 3104 4517 ostendam
3139 4460 3320 4542 tibi.”
3438 4527 3472 4542 Α

1988 4529 2033 4585 0
2060 4546 2177 4597 rex,
2224 4529 2367 4587 Deus
2395 4529 2720 4602 altissimus,
2760 4549 2980 4603 regnum
3010 4544 3064 4589 et
3106 4529 3587 4603 magnificentiam,

2132 4613 2187 4658 et
2212 4605 2442 4672 gloriam
2495 4614 2551 4660 et
2599 4601 2858 4661 honorem
2891 4604 3041 4661 dedit
3089 4601 3590 4661 Nabuchodonosor

2172 4674 2275 4728 atri
2306 4682 2421 4731 ttto.

1988 4741 2055 4797 Et
2084 4688 2785 4830 ptPozpltrerfiiii'ig-nificcntiam
2806 4764 2966 4821 quam
2995 4747 3220 4806 dederat
3242 4744 3316 4815 ei,
3347 4741 3587 4801 universi

2137 4817 2339 4892 populi,
2376 4817 2567 4887 tribus,
2597 4833 2649 4876 et
2682 4817 2899 4892 linguae,

2062 4889 2367 4950 tremebant
2396 4900 2451 4947 ct
2478 4889 2795 4949 metuebant
2824 4889 2946 4949 eum
2978 4910 2993 4950 :

1989 4957 2137 5027 Quos
2171 4962 2408 5030 volebat,
2435 4964 2795 5021 interticiebat
2818 4983 2836 5018 :

2058 5040 2113 5087 et
2142 5048 2279 5102 quos
2299 5035 2538 5102 volebat,
2572 5036 2907 5107 percutiebat
2932 5052 2950 5094 :

1986 5102 2134 5170 Quos
2156 5107 2391 5174 volebat,
2420 5102 2694 5165 exaltabat
2721 5125 2735 5165 :

2057 5186 2113 5232 et
2141 5194 2277 5262 quos
2311 5184 2541 5262 volebat,
2573 5182 2909 5238 humiliabat.
3025 5248 3038 5262 .

1986 5246 2219 5328 Quando
2242 5246 2720 5328 autemelevatum
2748 5265 2831 5310 est
2870 5266 2965 5307 cor
2989 5248 3141 5328 ejusg
3340 5316 3353 5328 ,
3378 5316 3390 5328 ,

2058 5329 2115 5376 et
2140 5323 2364 5392 Spiritus
2415 5325 2554 5381 illius
2585 5326 2909 5381 obtirmatus
2948 5316 3035 5379 est
3077 5321 3144 5377 ad
3171 5316 3506 5392 superbiam,

1986 5390 2277 5468 Depositus
2300 5405 2383 5452 est
2414 5397 2481 5452 de
2502 5398 2639 5453 solio
2664 5397 2814 5468 regni
2846 5395 2952 5464 sui,

2058 5473 2115 5520 et
2143 5466 2317 5539 gloria
2349 5469 2467 5539 ejus
2493 5470 2671 5523 ablata
2698 5466 2780 5524 est
2812 5486 2825 5521 :

1987 5535 2055 5611 Et
2077 5552 2105 5591 a
2130 5538 2256 5612 filiis
2288 5535 2565 5595 hominum
2585 5540 2795 5612 ejectus
2819 5546 2926 5612 est,

2038 5609 2153 5664 'scd
2184 5620 2238 5664 et
2258 5624 2353 5665 cor
2376 5612 2493 5682 ejus
2523 5609 2643 5667 cum
2673 5611 2861 5667 bestiis
2884 5609 3120 5679 positum
3147 5614 3253 5677 est,

2054 5692 2110 5736 et
2137 5696 2257 5736 cum
2289 5685 2507 5753 Onagris
2536 5692 2659 5739 erat
2685 5682 2940 5738 habitatio
2964 5682 3083 5752 ejus
3112 5696 3126 5734 :

1983 5753 2190 5809 Fenum
2219 5769 2431 5823 quoque
2473 5766 2526 5809 ut
2552 5757 2648 5811 bos
2679 5756 3024 5819 comedebat,

2052 5835 2108 5882 et
2130 5840 2252 5881 rore
2275 5826 2398 5882 coeli
2430 5841 2627 5896 corpus
2651 5829 2768 5897 ejus
2789 5827 3045 5884 infectum
3069 5832 3197 5899 cst;_
3375 5889 3421 5899 η
3454 5888 3465 5899 ο
3532 5888 3543 5897 ,

1981 5900 2165 5957 Donec
2190 5889 2544 5967 cognosceret
2572 5889 2714 5970 quod
2757 5907 3079 5969 potestatem
3114 5896 3307 5951 habeat
3360 5889 3573 5946 Altissi-

2122 5985 2242 6027 mus
2270 5971 2322 6026 in
2349 5982 2521 6041 rcgno‘
2539 5972 2815 6029 hominum
2844 5989 2857 6003 ·
