  <div class='ocr_page' id='page_1' title='image "/cluster/home/n/w/nwhite01/storage/ocr_20150623/28/hvd.32044015471410/660.png"; bbox 0 0 4112 6354; ppageno 0'>
   <div class='ocr_carea' id='block_1_1' title="bbox 434 314 571 375">
    <p class='ocr_par' dir='ltr' id='par_1_1' title="bbox 434 314 571 375">
     <span class='ocr_line' id='line_1_1' title="bbox 434 314 571 375; baseline 0 -1"><span class='ocrx_word' id='word_1_1' title='bbox 434 314 571 375; x_wconf 68' lang='grc'><strong>1509</strong></span> 
     </span>
    </p>
   </div>
   <div class='ocr_carea' id='block_1_2' title="bbox 427 434 1697 507">
    <p class='ocr_par' dir='ltr' id='par_1_2' title="bbox 427 434 1697 507">
     <span class='ocr_line' id='line_1_2' title="bbox 427 434 1697 507; baseline -0.005 -12"><span class='ocrx_word' id='word_1_2' title='bbox 427 436 565 506; x_wconf 84' lang='lat' dir='ltr'><strong>Quia</strong></span> <span class='ocrx_word' id='word_1_3' title='bbox 594 450 777 493; x_wconf 86' lang='lat' dir='ltr'><strong>coram</strong></span> <span class='ocrx_word' id='word_1_4' title='bbox 806 450 871 493; x_wconf 89' lang='lat' dir='ltr'><strong>eo</strong></span> <span class='ocrx_word' id='word_1_5' title='bbox 893 435 1103 507; x_wconf 87' lang='lat' dir='ltr'><strong>justitia</strong></span> <span class='ocrx_word' id='word_1_6' title='bbox 1131 436 1349 494; x_wconf 85' lang='lat' dir='ltr'><strong>inventa</strong></span> <span class='ocrx_word' id='word_1_7' title='bbox 1377 444 1461 491; x_wconf 90' lang='lat' dir='ltr'><strong>est</strong></span> <span class='ocrx_word' id='word_1_8' title='bbox 1488 434 1544 492; x_wconf 92' lang='lat' dir='ltr'><strong>in</strong></span> <span class='ocrx_word' id='word_1_9' title='bbox 1575 449 1697 507; x_wconf 81' lang='lat' dir='ltr'><strong>me:</strong></span> 
     </span>
    </p>
   </div>
   <div class='ocr_carea' id='block_1_3' title="bbox 499 506 1722 577">
    <p class='ocr_par' dir='ltr' id='par_1_3' title="bbox 499 506 1722 577">
     <span class='ocr_line' id='line_1_3' title="bbox 499 506 1722 577; baseline -0.005 -12"><span class='ocrx_word' id='word_1_10' title='bbox 499 510 592 565; x_wconf 89' lang='lat' dir='ltr'><strong>sed</strong></span> <span class='ocrx_word' id='word_1_11' title='bbox 621 521 675 565; x_wconf 91' lang='lat' dir='ltr'><strong>et</strong></span> <span class='ocrx_word' id='word_1_12' title='bbox 703 506 991 574; x_wconf 25' lang='lat' dir='ltr'><strong>coram’te,</strong></span> <span class='ocrx_word' id='word_1_13' title='bbox 1020 526 1136 577; x_wconf 80' lang='lat' dir='ltr'><strong>rex,</strong></span> <span class='ocrx_word' id='word_1_14' title='bbox 1171 510 1424 563; x_wconf 87' lang='lat' dir='ltr'><strong>delictum</strong></span> <span class='ocrx_word' id='word_1_15' title='bbox 1460 524 1565 564; x_wconf 90' lang='lat' dir='ltr'><strong>non</strong></span> <span class='ocrx_word' id='word_1_16' title='bbox 1595 506 1722 561; x_wconf 86' lang='lat' dir='ltr'><strong>feci.</strong></span> 
     </span>
    </p>
   </div>
   <div class='ocr_carea' id='block_1_4' title="bbox 422 581 1761 653">
    <p class='ocr_par' dir='ltr' id='par_1_4' title="bbox 422 581 1761 653">
     <span class='ocr_line' id='line_1_4' title="bbox 422 581 1761 653; baseline -0.004 -16"><span class='ocrx_word' id='word_1_17' title='bbox 422 581 575 637; x_wconf 83' lang='lat' dir='ltr'><strong>&#39;l‘unc</strong></span> <span class='ocrx_word' id='word_1_18' title='bbox 606 597 701 636; x_wconf 82' lang='lat' dir='ltr'><strong>rex</strong></span> <span class='ocrx_word' id='word_1_19' title='bbox 736 582 1089 639; x_wconf 72' lang='lat' dir='ltr'><strong>vehementer</strong></span> <span class='ocrx_word' id='word_1_20' title='bbox 1118 582 1338 653; x_wconf 78' lang='lat' dir='ltr'><strong>gavisus</strong></span> <span class='ocrx_word' id='word_1_21' title='bbox 1366 592 1450 653; x_wconf 87' lang='lat' dir='ltr'><strong>est</strong></span> <span class='ocrx_word' id='word_1_22' title='bbox 1471 594 1645 653; x_wconf 73' lang='lat' dir='ltr'><strong>super</strong></span> <span class='ocrx_word' id='word_1_23' title='bbox 1675 593 1761 634; x_wconf 91' lang='lat' dir='ltr'><strong>eo.</strong></span> 
     </span>
    </p>
   </div>
   <div class='ocr_carea' id='block_1_5' title="bbox 499 652 1636 722">
    <p class='ocr_par' dir='ltr' id='par_1_5' title="bbox 499 652 1636 722">
     <span class='ocr_line' id='line_1_5' title="bbox 499 652 1636 722; baseline -0.001 -16"><span class='ocrx_word' id='word_1_24' title='bbox 499 661 555 707; x_wconf 87' lang='lat' dir='ltr'><strong>et</strong></span> <span class='ocrx_word' id='word_1_25' title='bbox 584 653 860 709; x_wconf 83' lang='lat' dir='ltr'><strong>Danielem</strong></span> <span class='ocrx_word' id='word_1_26' title='bbox 892 652 1147 722; x_wconf 69' lang='lat' dir='ltr'><strong>princepit</strong></span> <span class='ocrx_word' id='word_1_27' title='bbox 1177 652 1337 709; x_wconf 79' lang='lat' dir='ltr'><strong>educi</strong></span> <span class='ocrx_word' id='word_1_28' title='bbox 1368 652 1436 708; x_wconf 89' lang='lat' dir='ltr'><strong>de</strong></span> <span class='ocrx_word' id='word_1_29' title='bbox 1469 652 1592 709; x_wconf 83' lang='lat' dir='ltr'><strong>lacu</strong></span> <span class='ocrx_word' id='word_1_30' title='bbox 1622 667 1636 705; x_wconf 90' lang='lat'><strong>:</strong></span> 
     </span>
    </p>
   </div>
   <div class='ocr_carea' id='block_1_6' title="bbox 430 722 1376 795">
    <p class='ocr_par' dir='ltr' id='par_1_6' title="bbox 430 722 1376 795">
     <span class='ocr_line' id='line_1_6' title="bbox 430 722 1376 795; baseline 0 -16"><span class='ocrx_word' id='word_1_31' title='bbox 430 722 778 795; x_wconf 87' lang='lat' dir='ltr'><strong>Eduetusque</strong></span> <span class='ocrx_word' id='word_1_32' title='bbox 802 736 885 779; x_wconf 85' lang='lat' dir='ltr'><strong>est</strong></span> <span class='ocrx_word' id='word_1_33' title='bbox 916 725 1100 781; x_wconf 83' lang='lat' dir='ltr'><strong>Daniel</strong></span> <span class='ocrx_word' id='word_1_34' title='bbox 1124 725 1191 781; x_wconf 90' lang='lat' dir='ltr'><strong>de</strong></span> <span class='ocrx_word' id='word_1_35' title='bbox 1215 725 1335 780; x_wconf 86' lang='lat' dir='ltr'><strong>lacu</strong></span> <span class='ocrx_word' id='word_1_36' title='bbox 1359 765 1376 791; x_wconf 92' lang='lat'><strong>,</strong></span> 
     </span>
    </p>
   </div>
   <div class='ocr_carea' id='block_1_7' title="bbox 499 796 1479 864">
    <p class='ocr_par' dir='ltr' id='par_1_7' title="bbox 499 796 1479 864">
     <span class='ocr_line' id='line_1_7' title="bbox 499 796 1479 864; baseline 0 -13"><span class='ocrx_word' id='word_1_37' title='bbox 499 805 555 851; x_wconf 88' lang='lat' dir='ltr'><strong>et</strong></span> <span class='ocrx_word' id='word_1_38' title='bbox 582 796 729 852; x_wconf 88' lang='lat' dir='ltr'><strong>nulla</strong></span> <span class='ocrx_word' id='word_1_39' title='bbox 758 796 909 851; x_wconf 72' lang='lat' dir='ltr'><strong>izesio</strong></span> <span class='ocrx_word' id='word_1_40' title='bbox 940 797 1157 852; x_wconf 88' lang='lat' dir='ltr'><strong>inventa</strong></span> <span class='ocrx_word' id='word_1_41' title='bbox 1187 806 1274 852; x_wconf 89' lang='lat' dir='ltr'><strong>est</strong></span> <span class='ocrx_word' id='word_1_42' title='bbox 1300 796 1354 852; x_wconf 91' lang='lat' dir='ltr'><strong>in</strong></span> <span class='ocrx_word' id='word_1_43' title='bbox 1387 809 1479 864; x_wconf 88' lang='lat' dir='ltr'><strong>eo,</strong></span> 
     </span>
    </p>
   </div>
   <div class='ocr_carea' id='block_1_8' title="bbox 500 867 1175 936">
    <p class='ocr_par' dir='ltr' id='par_1_8' title="bbox 500 867 1175 936">
     <span class='ocr_line' id='line_1_8' title="bbox 500 867 1175 936; baseline 0.003 -15"><span class='ocrx_word' id='word_1_44' title='bbox 500 868 622 936; x_wconf 81' lang='lat' dir='ltr'><strong>quia</strong></span> <span class='ocrx_word' id='word_1_45' title='bbox 653 867 882 923; x_wconf 89' lang='lat' dir='ltr'><strong>credidit</strong></span> <span class='ocrx_word' id='word_1_46' title='bbox 911 869 1024 925; x_wconf 89' lang='lat' dir='ltr'><strong>Deo</strong></span> <span class='ocrx_word' id='word_1_47' title='bbox 1055 884 1175 924; x_wconf 89' lang='lat' dir='ltr'><strong>suo.</strong></span> 
     </span>
    </p>
   </div>
   <div class='ocr_carea' id='block_1_9' title="bbox 428 936 1700 1010">
    <p class='ocr_par' dir='ltr' id='par_1_9' title="bbox 428 936 1700 1010">
     <span class='ocr_line' id='line_1_9' title="bbox 428 936 1700 1010; baseline -0.002 -16"><span class='ocrx_word' id='word_1_48' title='bbox 428 938 660 995; x_wconf 86' lang='lat' dir='ltr'><strong>Jubente</strong></span> <span class='ocrx_word' id='word_1_49' title='bbox 684 952 864 996; x_wconf 89' lang='lat' dir='ltr'><strong>autem</strong></span> <span class='ocrx_word' id='word_1_50' title='bbox 889 956 1033 1010; x_wconf 83' lang='lat' dir='ltr'><strong>rege,</strong></span> <span class='ocrx_word' id='word_1_51' title='bbox 1068 940 1286 996; x_wconf 85' lang='lat' dir='ltr'><strong>adducti</strong></span> <span class='ocrx_word' id='word_1_52' title='bbox 1314 948 1440 996; x_wconf 91' lang='lat' dir='ltr'><strong>sunt</strong></span> <span class='ocrx_word' id='word_1_53' title='bbox 1466 936 1567 995; x_wconf 91' lang='lat' dir='ltr'><strong>viri</strong></span> <span class='ocrx_word' id='word_1_54' title='bbox 1596 936 1700 1008; x_wconf 86' lang='lat' dir='ltr'><strong>illi,</strong></span> 
     </span>
    </p>
   </div>
   <div class='ocr_carea' id='block_1_10' title="bbox 500 1011 1357 1080">
    <p class='ocr_par' dir='ltr' id='par_1_10' title="bbox 500 1011 1357 1080">
     <span class='ocr_line' id='line_1_10' title="bbox 500 1011 1357 1080; baseline 0 -15"><span class='ocrx_word' id='word_1_55' title='bbox 500 1011 592 1080; x_wconf 87' lang='lat' dir='ltr'><strong>qui</strong></span> <span class='ocrx_word' id='word_1_56' title='bbox 620 1021 1012 1067; x_wconf 86' lang='lat' dir='ltr'><strong>accusaverant</strong></span> <span class='ocrx_word' id='word_1_57' title='bbox 1039 1012 1317 1068; x_wconf 81' lang='lat' dir='ltr'><strong>Danielcin</strong></span> <span class='ocrx_word' id='word_1_58' title='bbox 1345 1031 1357 1065; x_wconf 91' lang='lat'><strong>:</strong></span> 
     </span>
    </p>
   </div>
   <div class='ocr_carea' id='block_1_11' title="bbox 430 1081 1406 1152">
    <p class='ocr_par' dir='ltr' id='par_1_11' title="bbox 430 1081 1406 1152">
     <span class='ocr_line' id='line_1_11' title="bbox 430 1081 1406 1152; baseline 0.002 -17"><span class='ocrx_word' id='word_1_59' title='bbox 430 1081 495 1135; x_wconf 84' lang='lat' dir='ltr'><strong>Et</strong></span> <span class='ocrx_word' id='word_1_60' title='bbox 524 1084 576 1136; x_wconf 86' lang='lat' dir='ltr'><strong>iit</strong></span> <span class='ocrx_word' id='word_1_61' title='bbox 609 1083 781 1137; x_wconf 90' lang='lat' dir='ltr'><strong>iacmu</strong></span> <span class='ocrx_word' id='word_1_62' title='bbox 810 1084 1026 1140; x_wconf 82' lang='lat' dir='ltr'><strong>leonum</strong></span> <span class='ocrx_word' id='word_1_63' title='bbox 1069 1085 1216 1140; x_wconf 85' lang='lat' dir='ltr'><strong>missi</strong></span> <span class='ocrx_word' id='word_1_64' title='bbox 1247 1093 1406 1152; x_wconf 90' lang='lat' dir='ltr'><strong>sunt,</strong></span> 
     </span>
    </p>
   </div>
   <div class='ocr_carea' id='block_1_12' title="bbox 501 1154 1842 1234">
    <p class='ocr_par' dir='ltr' id='par_1_12' title="bbox 501 1154 1842 1234">
     <span class='ocr_line' id='line_1_12' title="bbox 501 1154 1842 1234; baseline 0.001 -26"><span class='ocrx_word' id='word_1_65' title='bbox 501 1154 625 1223; x_wconf 89' lang='lat' dir='ltr'><strong>ipsi,</strong></span> <span class='ocrx_word' id='word_1_66' title='bbox 652 1162 709 1210; x_wconf 90' lang='lat' dir='ltr'><strong>et</strong></span> <span class='ocrx_word' id='word_1_67' title='bbox 737 1154 855 1223; x_wconf 83' lang='lat' dir='ltr'><strong>lilii,</strong></span> <span class='ocrx_word' id='word_1_68' title='bbox 888 1165 943 1211; x_wconf 90' lang='lat' dir='ltr'><strong>et</strong></span> <span class='ocrx_word' id='word_1_69' title='bbox 972 1172 1170 1211; x_wconf 71' lang='lat' dir='ltr'><strong>uxores</strong></span> <span class='ocrx_word' id='word_1_70' title='bbox 1200 1172 1387 1234; x_wconf 80' lang='lat' dir='ltr'><strong>eorum</strong></span> <span class='ocrx_word' id='word_1_71' title='bbox 1416 1170 1462 1234; x_wconf 87' lang='lat'><strong>:_</strong></span> <span class='ocrx_word' id='word_1_72' title='bbox 1608 1233 1612 1234; x_wconf 10' lang='grc' dir='ltr'>ί</span> <span class='ocrx_word' id='word_1_73' title='bbox 1740 1223 1754 1234; x_wconf 82' lang='lat'><strong>_</strong></span> <span class='ocrx_word' id='word_1_74' title='bbox 1830 1222 1842 1234; x_wconf 44' lang='lat'><strong>.</strong></span> 
     </span>
    </p>
   </div>
   <div class='ocr_carea' id='block_1_13' title="bbox 430 1223 1888 1299">
    <p class='ocr_par' dir='ltr' id='par_1_13' title="bbox 430 1223 1888 1299">
     <span class='ocr_line' id='line_1_13' title="bbox 430 1223 1888 1299; baseline -0.003 -18"><span class='ocrx_word' id='word_1_75' title='bbox 430 1225 496 1281; x_wconf 85' lang='lat' dir='ltr'><strong>Et</strong></span> <span class='ocrx_word' id='word_1_76' title='bbox 524 1241 630 1299; x_wconf 86' lang='lat' dir='ltr'><strong>non</strong></span> <span class='ocrx_word' id='word_1_77' title='bbox 663 1237 1026 1295; x_wconf 81' lang='lat' dir='ltr'><strong>pervenerunt</strong></span> <span class='ocrx_word' id='word_1_78' title='bbox 1056 1243 1225 1299; x_wconf 88' lang='lat' dir='ltr'><strong>usque</strong></span> <span class='ocrx_word' id='word_1_79' title='bbox 1252 1227 1316 1282; x_wconf 85' lang='lat' dir='ltr'><strong>ad</strong></span> <span class='ocrx_word' id='word_1_80' title='bbox 1348 1227 1714 1299; x_wconf 83' lang='lat' dir='ltr'><strong>pavimentum</strong></span> <span class='ocrx_word' id='word_1_81' title='bbox 1740 1223 1845 1278; x_wconf 89' lang='lat' dir='ltr'><strong>iaci</strong></span> <span class='ocrx_word' id='word_1_82' title='bbox 1875 1263 1888 1288; x_wconf 93' lang='lat'><strong>,</strong></span> 
     </span>
    </p>
   </div>
   <div class='ocr_carea' id='block_1_14' title="bbox 500 1295 2019 1368">
    <p class='ocr_par' dir='ltr' id='par_1_14' title="bbox 500 1295 2019 1368">
     <span class='ocr_line' id='line_1_14' title="bbox 500 1295 2019 1368; baseline -0.001 -15"><span class='ocrx_word' id='word_1_83' title='bbox 500 1298 678 1356; x_wconf 87' lang='lat' dir='ltr'><strong>doiiec</strong></span> <span class='ocrx_word' id='word_1_84' title='bbox 722 1299 1030 1367; x_wconf 87' lang='lat' dir='ltr'><strong>arriperent</strong></span> <span class='ocrx_word' id='word_1_85' title='bbox 1075 1295 1167 1353; x_wconf 75' lang='lat' dir='ltr'><strong>eos</strong></span> <span class='ocrx_word' id='word_1_86' title='bbox 1214 1295 1426 1368; x_wconf 83' lang='lat' dir='ltr'><strong>leones,</strong></span> <span class='ocrx_word' id='word_1_87' title='bbox 1478 1307 1533 1355; x_wconf 86' lang='lat' dir='ltr'><strong>et</strong></span> <span class='ocrx_word' id='word_1_88' title='bbox 1559 1295 1741 1357; x_wconf 83' lang='lat' dir='ltr'><strong>omnia</strong></span> <span class='ocrx_word' id='word_1_89' title='bbox 1771 1310 1892 1352; x_wconf 86' lang='lat' dir='ltr'><strong>ossa</strong></span> <span class='ocrx_word' id='word_1_90' title='bbox 1919 1309 2019 1351; x_wconf 91' lang='lat' dir='ltr'><strong>eo-</strong></span> 
     </span>
    </p>
   </div>
   <div class='ocr_carea' id='block_1_15' title="bbox 574 1373 1185 1427">
    <p class='ocr_par' dir='ltr' id='par_1_15' title="bbox 574 1373 1185 1427">
     <span class='ocr_line' id='line_1_15' title="bbox 574 1373 1185 1427; baseline 0.003 -3"><span class='ocrx_word' id='word_1_91' title='bbox 574 1386 691 1424; x_wconf 88' lang='lat' dir='ltr'><strong>rum</strong></span> <span class='ocrx_word' id='word_1_92' title='bbox 725 1373 1185 1427; x_wconf 85' lang='lat' dir='ltr'><strong>eomminuernnt.</strong></span> 
     </span>
    </p>
   </div>
   <div class='ocr_carea' id='block_1_16' title="bbox 428 1438 2017 1568">
    <p class='ocr_par' dir='ltr' id='par_1_16' title="bbox 428 1438 2017 1568">
     <span class='ocr_line' id='line_1_16' title="bbox 428 1438 2017 1568; baseline -0.001 -72"><span class='ocrx_word' id='word_1_93' title='bbox 428 1439 581 1497; x_wconf 88' lang='lat' dir='ltr'><strong>Tune</strong></span> <span class='ocrx_word' id='word_1_94' title='bbox 609 1442 921 1568; x_wconf 47' lang='lat' dir='ltr'><strong>Ditrius.rcx</strong></span> <span class='ocrx_word' id='word_1_95' title='bbox 950 1443 1167 1514; x_wconf 74' lang='lat' dir='ltr'><strong>scripsit</strong></span> <span class='ocrx_word' id='word_1_96' title='bbox 1196 1440 1465 1501; x_wconf 85' lang='lat' dir='ltr'><strong>universis</strong></span> <span class='ocrx_word' id='word_1_97' title='bbox 1491 1438 1723 1513; x_wconf 85' lang='lat' dir='ltr'><strong>pepulis,</strong></span> <span class='ocrx_word' id='word_1_98' title='bbox 1747 1438 2017 1509; x_wconf 85' lang='lat' dir='ltr'><strong>tribubus,</strong></span> 
     </span>
     <span class='ocr_line' id='line_1_17' title="bbox 571 1526 875 1568; baseline 0.003 0"><span class='ocrx_word' id='word_1_99' title='bbox 571 1526 623 1568; x_wconf 80' lang='lat' dir='ltr'><strong>Cl</strong></span> <span class='ocrx_word' id='word_1_100' title='bbox 674 1531 875 1568; x_wconf 66' lang='lat' dir='ltr'><strong>innuis.</strong></span> 
     </span>
    </p>
   </div>
   <div class='ocr_carea' id='block_1_17' title="bbox 571 1515 876 1584">
    <p class='ocr_par' dir='ltr' id='par_1_17' title="bbox 571 1515 876 1584">
     <span class='ocr_line' id='line_1_18' title="bbox 571 1515 876 1584; baseline 0.013 -16"><span class='ocrx_word' id='word_1_101' title='bbox 571 1526 623 1568; x_wconf 80' lang='lat' dir='ltr'><strong>Cl</strong></span> <span class='ocrx_word' id='word_1_102' title='bbox 652 1515 876 1584; x_wconf 70' lang='lat' dir='ltr'><strong>linguis,</strong></span> 
     </span>
    </p>
   </div>
   <div class='ocr_carea' id='block_1_18' title="bbox 501 1583 1443 1644">
    <p class='ocr_par' dir='ltr' id='par_1_18' title="bbox 501 1583 1443 1644">
     <span class='ocr_line' id='line_1_19' title="bbox 501 1583 1443 1644; baseline 0.001 -6"><span class='ocrx_word' id='word_1_103' title='bbox 501 1583 869 1642; x_wconf 68' lang='lat' dir='ltr'><strong>habitantibus</strong></span> <span class='ocrx_word' id='word_1_104' title='bbox 900 1585 953 1643; x_wconf 91' lang='lat' dir='ltr'><strong>in</strong></span> <span class='ocrx_word' id='word_1_105' title='bbox 984 1586 1234 1644; x_wconf 84' lang='lat' dir='ltr'><strong>universa</strong></span> <span class='ocrx_word' id='word_1_106' title='bbox 1265 1595 1443 1643; x_wconf 81' lang='lat' dir='ltr'><strong>terra:</strong></span> 
     </span>
    </p>
   </div>
   <div class='ocr_carea' id='block_1_19' title="bbox 430 1655 1162 1729">
    <p class='ocr_par' dir='ltr' id='par_1_19' title="bbox 430 1655 1162 1729">
     <span class='ocr_line' id='line_1_20' title="bbox 430 1655 1162 1729; baseline 0.003 -18"><span class='ocrx_word' id='word_1_107' title='bbox 430 1655 543 1711; x_wconf 70' lang='lat' dir='ltr'><strong>Pu</strong></span> <span class='ocrx_word' id='word_1_108' title='bbox 568 1657 721 1712; x_wconf 83' lang='lat' dir='ltr'><strong>vobis</strong></span> <span class='ocrx_word' id='word_1_109' title='bbox 749 1659 1162 1729; x_wconf 77' lang='lat' dir='ltr'><strong>multiplicetur.</strong></span> 
     </span>
    </p>
   </div>
   <div class='ocr_carea' id='block_1_20' title="bbox 430 1731 1434 1794">
    <p class='ocr_par' dir='ltr' id='par_1_20' title="bbox 430 1731 1434 1794">
     <span class='ocr_line' id='line_1_21' title="bbox 430 1731 1434 1794; baseline 0 -12"><span class='ocrx_word' id='word_1_110' title='bbox 430 1731 472 1782; x_wconf 87' lang='lat' dir='ltr'><strong>A</strong></span> <span class='ocrx_word' id='word_1_111' title='bbox 503 1745 588 1784; x_wconf 88' lang='lat' dir='ltr'><strong>me</strong></span> <span class='ocrx_word' id='word_1_112' title='bbox 618 1731 969 1785; x_wconf 88' lang='lat' dir='ltr'><strong>constitutum</strong></span> <span class='ocrx_word' id='word_1_113' title='bbox 1003 1743 1082 1785; x_wconf 84' lang='lat' dir='ltr'><strong>est</strong></span> <span class='ocrx_word' id='word_1_114' title='bbox 1112 1732 1391 1787; x_wconf 72' lang='lat' dir='ltr'><strong>decretura</strong></span> <span class='ocrx_word' id='word_1_115' title='bbox 1419 1769 1434 1794; x_wconf 95' lang='lat'><strong>,</strong></span> 
     </span>
    </p>
   </div>
   <div class='ocr_carea' id='block_1_21' title="bbox 500 1801 1634 1871">
    <p class='ocr_par' dir='ltr' id='par_1_21' title="bbox 500 1801 1634 1871">
     <span class='ocr_line' id='line_1_22' title="bbox 500 1801 1634 1871; baseline -0.001 -17"><span class='ocrx_word' id='word_1_116' title='bbox 500 1810 557 1854; x_wconf 94' lang='lat' dir='ltr'><strong>ut</strong></span> <span class='ocrx_word' id='word_1_117' title='bbox 584 1801 638 1855; x_wconf 90' lang='lat' dir='ltr'><strong>in</strong></span> <span class='ocrx_word' id='word_1_118' title='bbox 669 1802 922 1857; x_wconf 89' lang='lat' dir='ltr'><strong>universo</strong></span> <span class='ocrx_word' id='word_1_119' title='bbox 945 1802 1174 1871; x_wconf 88' lang='lat' dir='ltr'><strong>imperio</strong></span> <span class='ocrx_word' id='word_1_120' title='bbox 1200 1813 1253 1856; x_wconf 92' lang='lat' dir='ltr'><strong>et</strong></span> <span class='ocrx_word' id='word_1_121' title='bbox 1278 1814 1448 1870; x_wconf 81' lang='lat' dir='ltr'><strong>regno</strong></span> <span class='ocrx_word' id='word_1_122' title='bbox 1474 1813 1595 1871; x_wconf 82' lang='lat' dir='ltr'><strong>meo</strong></span> <span class='ocrx_word' id='word_1_123' title='bbox 1616 1838 1634 1866; x_wconf 92' lang='lat'><strong>,</strong></span> 
     </span>
    </p>
   </div>
   <div class='ocr_carea' id='block_1_22' title="bbox 501 1869 1641 1949">
    <p class='ocr_par' dir='ltr' id='par_1_22' title="bbox 501 1869 1641 1949">
     <span class='ocr_line' id='line_1_23' title="bbox 501 1869 1641 1949; baseline -0.004 -23"><span class='ocrx_word' id='word_1_124' title='bbox 501 1872 821 1949; x_wconf 82' lang='lat' dir='ltr'><strong>tremiscant</strong></span> <span class='ocrx_word' id='word_1_125' title='bbox 842 1884 898 1949; x_wconf 70' lang='lat' dir='ltr'><strong>et</strong></span> <span class='ocrx_word' id='word_1_126' title='bbox 922 1869 1155 1949; x_wconf 77' lang='lat' dir='ltr'><strong>paveant</strong></span> <span class='ocrx_word' id='word_1_127' title='bbox 1182 1869 1360 1928; x_wconf 83' lang='lat' dir='ltr'><strong>Deum</strong></span> <span class='ocrx_word' id='word_1_128' title='bbox 1385 1869 1641 1949; x_wconf 66' lang='lat' dir='ltr'><strong>Danielis.</strong></span> 
     </span>
    </p>
   </div>
   <div class='ocr_carea' id='block_1_23' title="bbox 430 1937 1945 2024">
    <p class='ocr_par' dir='ltr' id='par_1_23' title="bbox 430 1937 1945 2024">
     <span class='ocr_line' id='line_1_24' title="bbox 430 1937 1945 2024; baseline -0.002 -27"><span class='ocrx_word' id='word_1_129' title='bbox 430 1942 553 2013; x_wconf 91' lang='lat' dir='ltr'><strong>lpse</strong></span> <span class='ocrx_word' id='word_1_130' title='bbox 584 1954 663 1999; x_wconf 89' lang='lat' dir='ltr'><strong>est</strong></span> <span class='ocrx_word' id='word_1_131' title='bbox 691 1945 834 2000; x_wconf 81' lang='lat' dir='ltr'><strong>enim</strong></span> <span class='ocrx_word' id='word_1_132' title='bbox 870 1937 1012 2024; x_wconf 79' lang='lat' dir='ltr'><strong>Deus</strong></span> <span class='ocrx_word' id='word_1_133' title='bbox 1040 1947 1254 2024; x_wconf 76' lang='lat' dir='ltr'><strong>vivens,</strong></span> <span class='ocrx_word' id='word_1_134' title='bbox 1280 1952 1338 2024; x_wconf 78' lang='lat' dir='ltr'><strong>et</strong></span> <span class='ocrx_word' id='word_1_135' title='bbox 1365 1952 1600 2024; x_wconf 41' lang='lat' dir='ltr'><strong>aeternus</strong></span> <span class='ocrx_word' id='word_1_136' title='bbox 1625 1940 1678 1994; x_wconf 93' lang='lat' dir='ltr'><strong>in</strong></span> <span class='ocrx_word' id='word_1_137' title='bbox 1699 1937 1899 1995; x_wconf 70' lang='lat' dir='ltr'><strong>saieula</strong></span> <span class='ocrx_word' id='word_1_138' title='bbox 1928 1978 1945 2007; x_wconf 88' lang='lat'><strong>,</strong></span> 
     </span>
    </p>
   </div>
   <div class='ocr_carea' id='block_1_24' title="bbox 498 2017 1496 2087">
    <p class='ocr_par' dir='ltr' id='par_1_24' title="bbox 498 2017 1496 2087">
     <span class='ocr_line' id='line_1_25' title="bbox 498 2017 1496 2087; baseline -0.002 -18"><span class='ocrx_word' id='word_1_139' title='bbox 498 2025 551 2070; x_wconf 90' lang='lat' dir='ltr'><strong>et</strong></span> <span class='ocrx_word' id='word_1_140' title='bbox 581 2032 809 2086; x_wconf 82' lang='lat' dir='ltr'><strong>regnum</strong></span> <span class='ocrx_word' id='word_1_141' title='bbox 836 2017 955 2087; x_wconf 88' lang='lat' dir='ltr'><strong>ejus</strong></span> <span class='ocrx_word' id='word_1_142' title='bbox 987 2033 1095 2073; x_wconf 91' lang='lat' dir='ltr'><strong>non</strong></span> <span class='ocrx_word' id='word_1_143' title='bbox 1121 2017 1496 2085; x_wconf 75' lang='lat' dir='ltr'><strong>dissipabitur,</strong></span> 
     </span>
    </p>
   </div>
   <div class='ocr_carea' id='block_1_25' title="bbox 499 2091 1567 2160">
    <p class='ocr_par' dir='ltr' id='par_1_25' title="bbox 499 2091 1567 2160">
     <span class='ocr_line' id='line_1_26' title="bbox 499 2091 1567 2160; baseline -0.001 -20"><span class='ocrx_word' id='word_1_144' title='bbox 499 2097 553 2142; x_wconf 86' lang='lat' dir='ltr'><strong>et</strong></span> <span class='ocrx_word' id='word_1_145' title='bbox 581 2099 825 2160; x_wconf 84' lang='lat' dir='ltr'><strong>potestas</strong></span> <span class='ocrx_word' id='word_1_146' title='bbox 854 2091 972 2159; x_wconf 86' lang='lat' dir='ltr'><strong>ejus</strong></span> <span class='ocrx_word' id='word_1_147' title='bbox 1000 2105 1168 2160; x_wconf 88' lang='lat' dir='ltr'><strong>usque</strong></span> <span class='ocrx_word' id='word_1_148' title='bbox 1196 2091 1248 2143; x_wconf 88' lang='lat' dir='ltr'><strong>itt</strong></span> <span class='ocrx_word' id='word_1_149' title='bbox 1281 2098 1567 2143; x_wconf 64' lang='lat' dir='ltr'><strong>aeternum.</strong></span> 
     </span>
    </p>
   </div>
   <div class='ocr_carea' id='block_1_26' title="bbox 430 2156 1338 2232">
    <p class='ocr_par' dir='ltr' id='par_1_26' title="bbox 430 2156 1338 2232">
     <span class='ocr_line' id='line_1_27' title="bbox 430 2156 1338 2232; baseline -0.001 -21"><span class='ocrx_word' id='word_1_150' title='bbox 430 2156 548 2228; x_wconf 85' lang='lat' dir='ltr'><strong>Ipse</strong></span> <span class='ocrx_word' id='word_1_151' title='bbox 579 2159 856 2232; x_wconf 81' lang='lat' dir='ltr'><strong>liberator,</strong></span> <span class='ocrx_word' id='word_1_152' title='bbox 884 2156 1051 2232; x_wconf 78' lang='lat' dir='ltr'><strong>atque</strong></span> <span class='ocrx_word' id='word_1_153' title='bbox 1081 2156 1338 2232; x_wconf 78' lang='lat' dir='ltr'><strong>salvator,</strong></span> 
     </span>
    </p>
   </div>
   <div class='ocr_carea' id='block_1_27' title="bbox 499 2228 1909 2303">
    <p class='ocr_par' dir='ltr' id='par_1_27' title="bbox 499 2228 1909 2303">
     <span class='ocr_line' id='line_1_28' title="bbox 499 2228 1909 2303; baseline -0.003 -18"><span class='ocrx_word' id='word_1_154' title='bbox 499 2231 701 2303; x_wconf 76' lang='lat' dir='ltr'><strong>faciens</strong></span> <span class='ocrx_word' id='word_1_155' title='bbox 726 2231 900 2303; x_wconf 83' lang='lat' dir='ltr'><strong>signa,</strong></span> <span class='ocrx_word' id='word_1_156' title='bbox 930 2228 986 2290; x_wconf 79' lang='lat' dir='ltr'><strong>et</strong></span> <span class='ocrx_word' id='word_1_157' title='bbox 1012 2231 1277 2289; x_wconf 81' lang='lat' dir='ltr'><strong>mirabilia</strong></span> <span class='ocrx_word' id='word_1_158' title='bbox 1305 2231 1357 2285; x_wconf 89' lang='lat' dir='ltr'><strong>in</strong></span> <span class='ocrx_word' id='word_1_159' title='bbox 1387 2228 1527 2303; x_wconf 74' lang='lat' dir='ltr'><strong>ctelo</strong></span> <span class='ocrx_word' id='word_1_160' title='bbox 1556 2237 1609 2284; x_wconf 90' lang='lat' dir='ltr'><strong>et</strong></span> <span class='ocrx_word' id='word_1_161' title='bbox 1637 2228 1690 2283; x_wconf 91' lang='lat' dir='ltr'><strong>in</strong></span> <span class='ocrx_word' id='word_1_162' title='bbox 1725 2233 1909 2283; x_wconf 84' lang='lat' dir='ltr'><strong>terra:</strong></span> 
     </span>
    </p>
   </div>
   <div class='ocr_carea' id='block_1_28' title="bbox 496 2300 1672 2373">
    <p class='ocr_par' dir='ltr' id='par_1_28' title="bbox 496 2300 1672 2373">
     <span class='ocr_line' id='line_1_29' title="bbox 496 2300 1672 2373; baseline 0 -18"><span class='ocrx_word' id='word_1_163' title='bbox 496 2303 585 2373; x_wconf 89' lang='lat' dir='ltr'><strong>qui</strong></span> <span class='ocrx_word' id='word_1_164' title='bbox 617 2300 868 2359; x_wconf 65' lang='lat' dir='ltr'><strong>liberavit</strong></span> <span class='ocrx_word' id='word_1_165' title='bbox 888 2304 1164 2360; x_wconf 80' lang='lat' dir='ltr'><strong>Danielem</strong></span> <span class='ocrx_word' id='word_1_166' title='bbox 1195 2303 1264 2358; x_wconf 90' lang='lat' dir='ltr'><strong>de</strong></span> <span class='ocrx_word' id='word_1_167' title='bbox 1287 2303 1407 2357; x_wconf 84' lang='lat' dir='ltr'><strong>lacu</strong></span> <span class='ocrx_word' id='word_1_168' title='bbox 1432 2300 1672 2373; x_wconf 79' lang='lat' dir='ltr'><strong>leonum.</strong></span> 
     </span>
    </p>
   </div>
   <div class='ocr_carea' id='block_1_29' title="bbox 429 2369 1976 2447">
    <p class='ocr_par' dir='ltr' id='par_1_29' title="bbox 429 2369 1976 2447">
     <span class='ocr_line' id='line_1_30' title="bbox 429 2369 1976 2447; baseline -0.003 -20"><span class='ocrx_word' id='word_1_169' title='bbox 429 2369 598 2428; x_wconf 77' lang='lat' dir='ltr'><strong>Porro</strong></span> <span class='ocrx_word' id='word_1_170' title='bbox 630 2375 816 2431; x_wconf 78' lang='lat' dir='ltr'><strong>Daniel</strong></span> <span class='ocrx_word' id='word_1_171' title='bbox 848 2377 1220 2447; x_wconf 88' lang='lat' dir='ltr'><strong>perseveravit</strong></span> <span class='ocrx_word' id='word_1_172' title='bbox 1244 2387 1411 2443; x_wconf 91' lang='lat' dir='ltr'><strong>usque</strong></span> <span class='ocrx_word' id='word_1_173' title='bbox 1440 2371 1508 2427; x_wconf 89' lang='lat' dir='ltr'><strong>ad</strong></span> <span class='ocrx_word' id='word_1_174' title='bbox 1540 2385 1769 2443; x_wconf 78' lang='lat' dir='ltr'><strong>regnum</strong></span> <span class='ocrx_word' id='word_1_175' title='bbox 1794 2369 1976 2438; x_wconf 88' lang='lat' dir='ltr'><strong>Darii,</strong></span> 
     </span>
    </p>
   </div>
   <div class='ocr_carea' id='block_1_30' title="bbox 498 2448 1956 2523">
    <p class='ocr_par' dir='ltr' id='par_1_30' title="bbox 498 2448 1956 2523">
     <span class='ocr_line' id='line_1_31' title="bbox 498 2448 1956 2523; baseline 0 0"><span class='ocrx_word' id='word_1_176' title='bbox 498 2448 1241 2523; x_wconf 59' lang='lat' dir='ltr'><strong>regnatettuecyril’WB;</strong></span> <span class='ocrx_word' id='word_1_177' title='bbox 1290 2516 1300 2523; x_wconf 87' lang='lat'><strong>.</strong></span> <span class='ocrx_word' id='word_1_178' title='bbox 1620 2513 1632 2523; x_wconf 93' lang='lat'><strong>.</strong></span> <span class='ocrx_word' id='word_1_179' title='bbox 1696 2512 1786 2523; x_wconf 47' lang='grc' dir='ltr'>μ</span> <span class='ocrx_word' id='word_1_180' title='bbox 1848 2513 1860 2523; x_wconf 94' lang='grc'>.</span> <span class='ocrx_word' id='word_1_181' title='bbox 1945 2512 1956 2523; x_wconf 93' lang='grc'><strong>.</strong></span> 
     </span>
    </p>
   </div>
   <div class='ocr_carea' id='block_1_31' title="bbox 426 2464 2014 2591">
    <p class='ocr_par' dir='ltr' id='par_1_31' title="bbox 426 2464 2014 2591">
     <span class='ocr_line' id='line_1_32' title="bbox 498 2464 1956 2531; baseline -0.001 -31"><span class='ocrx_word' id='word_1_182' title='bbox 498 2464 723 2530; x_wconf 71' lang='lat' dir='ltr'><strong>regnum</strong></span> <span class='ocrx_word' id='word_1_183' title='bbox 770 2464 836 2503; x_wconf 91' lang='lat' dir='ltr'><strong>ue</strong></span> <span class='ocrx_word' id='word_1_184' title='bbox 864 2464 992 2521; x_wconf 64' lang='lat' dir='ltr'><strong>byn</strong></span> <span class='ocrx_word' id='word_1_185' title='bbox 1022 2464 1224 2531; x_wconf 68' lang='lat' dir='ltr'><strong>rerste.</strong></span> <span class='ocrx_word' id='word_1_186' title='bbox 1620 2513 1632 2525; x_wconf 46' lang='lat'><strong>.</strong></span> <span class='ocrx_word' id='word_1_187' title='bbox 1945 2512 1956 2523; x_wconf 43' lang='lat'><em>.</em></span> 
     </span>
     <span class='ocr_line' id='line_1_33' title="bbox 426 2464 2014 2591; baseline -0.001 -20"><span class='ocrx_word' id='word_1_188' title='bbox 426 2515 608 2591; x_wconf 69' lang='lat' dir='ltr'><strong>[Visae</strong></span> <span class='ocrx_word' id='word_1_189' title='bbox 638 2464 771 2591; x_wconf 32' lang='lat' dir='ltr'><strong>illa]</strong></span> <span class='ocrx_word' id='word_1_190' title='bbox 799 2522 955 2574; x_wconf 82' lang='lat' dir='ltr'><strong>Anno</strong></span> <span class='ocrx_word' id='word_1_191' title='bbox 995 2535 1172 2590; x_wconf 89' lang='lat' dir='ltr'><strong>prnuo</strong></span> <span class='ocrx_word' id='word_1_192' title='bbox 1207 2516 1486 2573; x_wconf 88' lang='lat' dir='ltr'><strong>Baltassar</strong></span> <span class='ocrx_word' id='word_1_193' title='bbox 1524 2529 1666 2586; x_wconf 84' lang='lat' dir='ltr'><strong>regis</strong></span> <span class='ocrx_word' id='word_1_194' title='bbox 1695 2512 2014 2585; x_wconf 86' lang='lat' dir='ltr'><strong>Babylonis,</strong></span> 
     </span>
    </p>
   </div>
   <div class='ocr_carea' id='block_1_32' title="bbox 586 2589 1273 2647">
    <p class='ocr_par' dir='ltr' id='par_1_32' title="bbox 586 2589 1273 2647">
     <span class='ocr_line' id='line_1_34' title="bbox 586 2589 1273 2647; baseline 0.001 -5"><span class='ocrx_word' id='word_1_195' title='bbox 586 2589 770 2646; x_wconf 82' lang='lat' dir='ltr'><strong>Daniel</strong></span> <span class='ocrx_word' id='word_1_196' title='bbox 799 2589 1067 2647; x_wconf 77' lang='lat' dir='ltr'><strong>somnium</strong></span> <span class='ocrx_word' id='word_1_197' title='bbox 1096 2591 1227 2646; x_wconf 79' lang='lat' dir='ltr'><strong>vidit</strong></span> <span class='ocrx_word' id='word_1_198' title='bbox 1257 2606 1273 2643; x_wconf 91' lang='lat'><strong>:</strong></span> 
     </span>
    </p>
   </div>
   <div class='ocr_carea' id='block_1_33' title="bbox 497 2658 1653 2732">
    <p class='ocr_par' dir='ltr' id='par_1_33' title="bbox 497 2658 1653 2732">
     <span class='ocr_line' id='line_1_35' title="bbox 497 2658 1653 2732; baseline 0 -18"><span class='ocrx_word' id='word_1_199' title='bbox 497 2658 638 2716; x_wconf 86' lang='lat' dir='ltr'><strong>visio</strong></span> <span class='ocrx_word' id='word_1_200' title='bbox 663 2672 842 2717; x_wconf 90' lang='lat' dir='ltr'><strong>autem</strong></span> <span class='ocrx_word' id='word_1_201' title='bbox 872 2663 1065 2732; x_wconf 85' lang='lat' dir='ltr'><strong>capitis</strong></span> <span class='ocrx_word' id='word_1_202' title='bbox 1088 2663 1207 2732; x_wconf 86' lang='lat' dir='ltr'><strong>ejus</strong></span> <span class='ocrx_word' id='word_1_203' title='bbox 1234 2660 1287 2716; x_wconf 91' lang='lat' dir='ltr'><strong>in</strong></span> <span class='ocrx_word' id='word_1_204' title='bbox 1315 2658 1486 2714; x_wconf 89' lang='lat' dir='ltr'><strong>cubili</strong></span> <span class='ocrx_word' id='word_1_205' title='bbox 1515 2672 1615 2717; x_wconf 90' lang='lat' dir='ltr'><strong>suo</strong></span> <span class='ocrx_word' id='word_1_206' title='bbox 1639 2674 1653 2713; x_wconf 93' lang='lat'><strong>:</strong></span> 
     </span>
    </p>
   </div>
   <div class='ocr_carea' id='block_1_34' title="bbox 496 2727 2017 2860">
    <p class='ocr_par' dir='ltr' id='par_1_34' title="bbox 496 2727 2017 2860">
     <span class='ocr_line' id='line_1_36' title="bbox 496 2727 2017 2860; baseline -0.002 -72"><span class='ocrx_word' id='word_1_207' title='bbox 496 2741 551 2788; x_wconf 91' lang='lat' dir='ltr'><strong>et</strong></span> <span class='ocrx_word' id='word_1_208' title='bbox 565 2734 844 2860; x_wconf 56' lang='lat' dir='ltr'><strong>somnium</strong></span> <span class='ocrx_word' id='word_1_209' title='bbox 869 2727 1159 2803; x_wconf 77' lang='lat' dir='ltr'><strong>scribens,</strong></span> <span class='ocrx_word' id='word_1_210' title='bbox 1191 2732 1341 2789; x_wconf 87' lang='lat' dir='ltr'><strong>brevi</strong></span> <span class='ocrx_word' id='word_1_211' title='bbox 1380 2745 1634 2788; x_wconf 87' lang='lat' dir='ltr'><strong>sermone</strong></span> <span class='ocrx_word' id='word_1_212' title='bbox 1657 2727 2017 2799; x_wconf 88' lang='lat' dir='ltr'><strong>comprehen-</strong></span> 
     </span>
     <span class='ocr_line' id='line_1_37' title="bbox 605 2815 681 2860; baseline 0.013 -1"><span class='ocrx_word' id='word_1_213' title='bbox 605 2815 681 2860; x_wconf 88' lang='lat' dir='ltr'><strong>tt:</strong></span> 
     </span>
    </p>
   </div>
   <div class='ocr_carea' id='block_1_35' title="bbox 605 2815 681 2863">
    <p class='ocr_par' dir='ltr' id='par_1_35' title="bbox 605 2815 681 2863">
     <span class='ocr_line' id='line_1_38' title="bbox 605 2815 681 2863; baseline 0.066 -5"><span class='ocrx_word' id='word_1_214' title='bbox 605 2815 681 2863; x_wconf 66' lang='lat' dir='ltr'><strong>lt:</strong></span> 
     </span>
    </p>
   </div>
   <div class='ocr_carea' id='block_1_36' title="bbox 496 2874 1482 2948">
    <p class='ocr_par' dir='ltr' id='par_1_36' title="bbox 496 2874 1482 2948">
     <span class='ocr_line' id='line_1_39' title="bbox 496 2874 1482 2948; baseline 0 -19"><span class='ocrx_word' id='word_1_215' title='bbox 496 2875 914 2948; x_wconf 87' lang='lat' dir='ltr'><strong>summatimque</strong></span> <span class='ocrx_word' id='word_1_216' title='bbox 942 2878 1334 2948; x_wconf 82' lang='lat' dir='ltr'><strong>perstringens,</strong></span> <span class='ocrx_word' id='word_1_217' title='bbox 1364 2874 1482 2930; x_wconf 85' lang='lat' dir='ltr'><strong>ait:</strong></span> 
     </span>
    </p>
   </div>
   <div class='ocr_carea' id='block_1_37' title="bbox 424 2945 2010 3028">
    <p class='ocr_par' dir='ltr' id='par_1_37' title="bbox 424 2945 2010 3028">
     <span class='ocr_line' id='line_1_40' title="bbox 424 2945 2010 3028; baseline 0.004 -25"><span class='ocrx_word' id='word_1_218' title='bbox 424 2945 684 3003; x_wconf 81' lang='lat' dir='ltr'><strong>Videbam</strong></span> <span class='ocrx_word' id='word_1_219' title='bbox 712 2948 767 3005; x_wconf 89' lang='lat' dir='ltr'><strong>in</strong></span> <span class='ocrx_word' id='word_1_220' title='bbox 793 2945 1005 3004; x_wconf 83' lang='lat' dir='ltr'><strong>visione</strong></span> <span class='ocrx_word' id='word_1_221' title='bbox 1034 2964 1152 3005; x_wconf 91' lang='lat' dir='ltr'><strong>mea</strong></span> <span class='ocrx_word' id='word_1_222' title='bbox 1175 2945 1378 3028; x_wconf 58' lang='lat' dir='ltr'><strong>nocte,</strong></span> <span class='ocrx_word' id='word_1_223' title='bbox 1600 3016 1612 3028; x_wconf 85' lang='lat'>_</span> <span class='ocrx_word' id='word_1_224' title='bbox 1712 3024 1720 3028; x_wconf 23' lang='grc' dir='ltr'><strong>Δ</strong></span> <span class='ocrx_word' id='word_1_225' title='bbox 1773 3016 1785 3027; x_wconf 46' lang='grc'><em>,</em></span> <span class='ocrx_word' id='word_1_226' title='bbox 1998 3014 2010 3028; x_wconf 61' lang='grc'><em>,</em></span> 
     </span>
    </p>
   </div>
   <div class='ocr_carea' id='block_1_38' title="bbox 492 3016 2013 3091">
    <p class='ocr_par' dir='ltr' id='par_1_38' title="bbox 492 3016 2013 3091">
     <span class='ocr_line' id='line_1_41' title="bbox 492 3016 2013 3091; baseline -0.002 -16"><span class='ocrx_word' id='word_1_227' title='bbox 492 3029 545 3075; x_wconf 87' lang='lat' dir='ltr'><strong>et</strong></span> <span class='ocrx_word' id='word_1_228' title='bbox 593 3035 721 3075; x_wconf 89' lang='lat' dir='ltr'><strong>ecce</strong></span> <span class='ocrx_word' id='word_1_229' title='bbox 766 3034 1001 3091; x_wconf 86' lang='lat' dir='ltr'><strong>quatuor</strong></span> <span class='ocrx_word' id='word_1_230' title='bbox 1046 3022 1189 3077; x_wconf 88' lang='lat' dir='ltr'><strong>venti</strong></span> <span class='ocrx_word' id='word_1_231' title='bbox 1239 3018 1364 3076; x_wconf 76' lang='lat' dir='ltr'><strong>coeli</strong></span> <span class='ocrx_word' id='word_1_232' title='bbox 1416 3016 1729 3090; x_wconf 80' lang='lat' dir='ltr'><strong>pugnabant</strong></span> <span class='ocrx_word' id='word_1_233' title='bbox 1772 3016 1829 3072; x_wconf 91' lang='lat' dir='ltr'><strong>in</strong></span> <span class='ocrx_word' id='word_1_234' title='bbox 1872 3016 2013 3074; x_wconf 86' lang='lat' dir='ltr'><strong>mari</strong></span> 
     </span>
    </p>
   </div>
   <div class='ocr_carea' id='block_1_39' title="bbox 566 3107 782 3147">
    <p class='ocr_par' dir='ltr' id='par_1_39' title="bbox 566 3107 782 3147">
     <span class='ocr_line' id='line_1_42' title="bbox 566 3107 782 3147; baseline 0 0"><span class='ocrx_word' id='word_1_235' title='bbox 566 3107 782 3147; x_wconf 68' lang='lat' dir='ltr'><strong>manna.</strong></span> 
     </span>
    </p>
   </div>
   <div class='ocr_carea' id='block_1_40' title="bbox 421 3109 1901 3236">
    <p class='ocr_par' dir='ltr' id='par_1_40' title="bbox 421 3109 1901 3236">
     <span class='ocr_line' id='line_1_43' title="bbox 421 3109 1901 3236; baseline -0.001 -18"><span class='ocrx_word' id='word_1_236' title='bbox 421 3160 489 3218; x_wconf 85' lang='lat' dir='ltr'><strong>Et</strong></span> <span class='ocrx_word' id='word_1_237' title='bbox 510 3109 962 3236; x_wconf 52' lang='lat' dir='ltr'><strong>q:;?§:i.:be5tiae</strong></span> <span class='ocrx_word' id='word_1_238' title='bbox 998 3163 1231 3236; x_wconf 78' lang='lat' dir='ltr'><strong>grandes</strong></span> <span class='ocrx_word' id='word_1_239' title='bbox 1271 3160 1641 3219; x_wconf 85' lang='lat' dir='ltr'><strong>ascendebant</strong></span> <span class='ocrx_word' id='word_1_240' title='bbox 1667 3160 1733 3219; x_wconf 89' lang='lat' dir='ltr'><strong>de</strong></span> <span class='ocrx_word' id='word_1_241' title='bbox 1764 3160 1901 3218; x_wconf 85' lang='lat' dir='ltr'><strong>mari</strong></span> 
     </span>
    </p>
   </div>
   <div class='ocr_carea' id='block_1_41' title="bbox 491 3232 1008 3293">
    <p class='ocr_par' dir='ltr' id='par_1_41' title="bbox 491 3232 1008 3293">
     <span class='ocr_line' id='line_1_44' title="bbox 491 3232 1008 3293; baseline 0.014 -7"><span class='ocrx_word' id='word_1_242' title='bbox 491 3232 728 3291; x_wconf 75' lang='lat' dir='ltr'><strong>diversa:</strong></span> <span class='ocrx_word' id='word_1_243' title='bbox 759 3236 899 3291; x_wconf 89' lang='lat' dir='ltr'><strong>inter</strong></span> <span class='ocrx_word' id='word_1_244' title='bbox 929 3232 1008 3293; x_wconf 77' lang='lat' dir='ltr'><strong>se.</strong></span> 
     </span>
    </p>
   </div>
   <div class='ocr_carea' id='block_1_42' title="bbox 421 3303 1003 3376">
    <p class='ocr_par' dir='ltr' id='par_1_42' title="bbox 421 3303 1003 3376">
     <span class='ocr_line' id='line_1_45' title="bbox 421 3303 1003 3376; baseline -0.005 -15"><span class='ocrx_word' id='word_1_245' title='bbox 421 3303 600 3361; x_wconf 90' lang='lat' dir='ltr'><strong>Prima</strong></span> <span class='ocrx_word' id='word_1_246' title='bbox 630 3306 785 3376; x_wconf 86' lang='lat' dir='ltr'><strong>quasi</strong></span> <span class='ocrx_word' id='word_1_247' title='bbox 814 3308 1003 3373; x_wconf 73' lang='lat' dir='ltr'><strong>lemna,</strong></span> 
     </span>
    </p>
   </div>
   <div class='ocr_carea' id='block_1_43' title="bbox 490 3380 1216 3451">
    <p class='ocr_par' dir='ltr' id='par_1_43' title="bbox 490 3380 1216 3451">
     <span class='ocr_line' id='line_1_46' title="bbox 490 3380 1216 3451; baseline 0.004 -20"><span class='ocrx_word' id='word_1_248' title='bbox 490 3388 544 3451; x_wconf 88' lang='lat' dir='ltr'><strong>et</strong></span> <span class='ocrx_word' id='word_1_249' title='bbox 574 3380 690 3451; x_wconf 81' lang='lat' dir='ltr'><strong>alas</strong></span> <span class='ocrx_word' id='word_1_250' title='bbox 722 3380 952 3434; x_wconf 86' lang='lat' dir='ltr'><strong>habebat</strong></span> <span class='ocrx_word' id='word_1_251' title='bbox 984 3380 1216 3451; x_wconf 63' lang='lat' dir='ltr'><strong>aquilae:</strong></span> 
     </span>
    </p>
   </div>
   <div class='ocr_carea' id='block_1_44' title="bbox 419 3449 1649 3521">
    <p class='ocr_par' dir='ltr' id='par_1_44' title="bbox 419 3449 1649 3521">
     <span class='ocr_line' id='line_1_47' title="bbox 419 3449 1649 3521; baseline 0.003 -19"><span class='ocrx_word' id='word_1_252' title='bbox 419 3449 761 3519; x_wconf 84' lang='lat' dir='ltr'><strong>Aspiciebam</strong></span> <span class='ocrx_word' id='word_1_253' title='bbox 784 3451 958 3507; x_wconf 88' lang='lat' dir='ltr'><strong>donec</strong></span> <span class='ocrx_word' id='word_1_254' title='bbox 990 3449 1191 3509; x_wconf 75' lang='lat' dir='ltr'><strong>evulsa:</strong></span> <span class='ocrx_word' id='word_1_255' title='bbox 1220 3459 1348 3508; x_wconf 90' lang='lat' dir='ltr'><strong>sunt</strong></span> <span class='ocrx_word' id='word_1_256' title='bbox 1375 3450 1473 3507; x_wconf 79' lang='lat' dir='ltr'><strong>alae</strong></span> <span class='ocrx_word' id='word_1_257' title='bbox 1503 3449 1649 3521; x_wconf 88' lang='lat' dir='ltr'><strong>ejus,</strong></span> 
     </span>
    </p>
   </div>
   <div class='ocr_carea' id='block_1_45' title="bbox 486 3522 1198 3589">
    <p class='ocr_par' dir='ltr' id='par_1_45' title="bbox 486 3522 1198 3589">
     <span class='ocr_line' id='line_1_48' title="bbox 486 3522 1198 3589; baseline 0.004 -13"><span class='ocrx_word' id='word_1_258' title='bbox 486 3529 542 3576; x_wconf 91' lang='lat' dir='ltr'><strong>et</strong></span> <span class='ocrx_word' id='word_1_259' title='bbox 571 3522 781 3576; x_wconf 86' lang='lat' dir='ltr'><strong>sublata</strong></span> <span class='ocrx_word' id='word_1_260' title='bbox 809 3534 891 3577; x_wconf 92' lang='lat' dir='ltr'><strong>est</strong></span> <span class='ocrx_word' id='word_1_261' title='bbox 919 3524 989 3579; x_wconf 92' lang='lat' dir='ltr'><strong>de</strong></span> <span class='ocrx_word' id='word_1_262' title='bbox 1016 3535 1158 3579; x_wconf 87' lang='lat' dir='ltr'><strong>terra</strong></span> <span class='ocrx_word' id='word_1_263' title='bbox 1183 3539 1198 3589; x_wconf 88' lang='lat'><strong>;</strong></span> 
     </span>
    </p>
   </div>
   <div class='ocr_carea' id='block_1_46' title="bbox 416 3589 1452 3665">
    <p class='ocr_par' dir='ltr' id='par_1_46' title="bbox 416 3589 1452 3665">
     <span class='ocr_line' id='line_1_49' title="bbox 416 3589 1452 3665; baseline 0.004 -19"><span class='ocrx_word' id='word_1_264' title='bbox 416 3589 483 3646; x_wconf 86' lang='lat' dir='ltr'><strong>Et</strong></span> <span class='ocrx_word' id='word_1_265' title='bbox 510 3607 674 3663; x_wconf 90' lang='lat' dir='ltr'><strong>super</strong></span> <span class='ocrx_word' id='word_1_266' title='bbox 704 3595 870 3663; x_wconf 87' lang='lat' dir='ltr'><strong>pedes</strong></span> <span class='ocrx_word' id='word_1_267' title='bbox 896 3595 1048 3665; x_wconf 82' lang='lat' dir='ltr'><strong>quasi</strong></span> <span class='ocrx_word' id='word_1_268' title='bbox 1076 3594 1238 3649; x_wconf 87' lang='lat' dir='ltr'><strong>homo</strong></span> <span class='ocrx_word' id='word_1_269' title='bbox 1267 3595 1452 3660; x_wconf 88' lang='lat' dir='ltr'><strong>stetit,</strong></span> 
     </span>
    </p>
   </div>
   <div class='ocr_carea' id='block_1_47' title="bbox 486 3666 1221 3735">
    <p class='ocr_par' dir='ltr' id='par_1_47' title="bbox 486 3666 1221 3735">
     <span class='ocr_line' id='line_1_50' title="bbox 486 3666 1221 3735; baseline 0.004 -17"><span class='ocrx_word' id='word_1_270' title='bbox 486 3674 539 3718; x_wconf 90' lang='lat' dir='ltr'><strong>et</strong></span> <span class='ocrx_word' id='word_1_271' title='bbox 567 3680 662 3721; x_wconf 89' lang='lat' dir='ltr'><strong>cor</strong></span> <span class='ocrx_word' id='word_1_272' title='bbox 688 3669 805 3735; x_wconf 91' lang='lat' dir='ltr'><strong>ejus</strong></span> <span class='ocrx_word' id='word_1_273' title='bbox 830 3666 1012 3723; x_wconf 88' lang='lat' dir='ltr'><strong>datum</strong></span> <span class='ocrx_word' id='word_1_274' title='bbox 1040 3677 1121 3722; x_wconf 85' lang='lat' dir='ltr'><strong>est</strong></span> <span class='ocrx_word' id='word_1_275' title='bbox 1150 3669 1221 3723; x_wconf 90' lang='lat' dir='ltr'><strong>ei.</strong></span> 
     </span>
    </p>
   </div>
   <div class='ocr_carea' id='block_1_48' title="bbox 415 3732 1819 3807">
    <p class='ocr_par' dir='ltr' id='par_1_48' title="bbox 415 3732 1819 3807">
     <span class='ocr_line' id='line_1_51' title="bbox 415 3732 1819 3807; baseline 0 -20"><span class='ocrx_word' id='word_1_276' title='bbox 415 3732 480 3788; x_wconf 84' lang='lat' dir='ltr'><strong>Et</strong></span> <span class='ocrx_word' id='word_1_277' title='bbox 508 3750 635 3791; x_wconf 89' lang='lat' dir='ltr'><strong>ecce</strong></span> <span class='ocrx_word' id='word_1_278' title='bbox 663 3732 831 3792; x_wconf 79' lang='lat' dir='ltr'><strong>bestia</strong></span> <span class='ocrx_word' id='word_1_279' title='bbox 866 3739 966 3791; x_wconf 85' lang='lat' dir='ltr'><strong>alia</strong></span> <span class='ocrx_word' id='word_1_280' title='bbox 990 3738 1179 3792; x_wconf 82' lang='lat' dir='ltr'><strong>similis</strong></span> <span class='ocrx_word' id='word_1_281' title='bbox 1207 3752 1333 3793; x_wconf 90' lang='lat' dir='ltr'><strong>urso</strong></span> <span class='ocrx_word' id='word_1_282' title='bbox 1365 3737 1417 3791; x_wconf 86' lang='lat' dir='ltr'><strong>in</strong></span> <span class='ocrx_word' id='word_1_283' title='bbox 1449 3745 1600 3807; x_wconf 90' lang='lat' dir='ltr'><strong>parte</strong></span> <span class='ocrx_word' id='word_1_284' title='bbox 1627 3734 1776 3793; x_wconf 87' lang='lat' dir='ltr'><strong>stetit</strong></span> <span class='ocrx_word' id='word_1_285' title='bbox 1809 3752 1819 3787; x_wconf 92' lang='lat'><strong>:</strong></span> 
     </span>
    </p>
   </div>
   <div class='ocr_carea' id='block_1_49' title="bbox 484 3808 1491 3879">
    <p class='ocr_par' dir='ltr' id='par_1_49' title="bbox 484 3808 1491 3879">
     <span class='ocr_line' id='line_1_52' title="bbox 484 3808 1491 3879; baseline 0.005 -18"><span class='ocrx_word' id='word_1_286' title='bbox 484 3815 539 3861; x_wconf 92' lang='lat' dir='ltr'><strong>et</strong></span> <span class='ocrx_word' id='word_1_287' title='bbox 567 3818 674 3863; x_wconf 90' lang='lat' dir='ltr'><strong>tres</strong></span> <span class='ocrx_word' id='word_1_288' title='bbox 701 3808 923 3865; x_wconf 91' lang='lat' dir='ltr'><strong>ordines</strong></span> <span class='ocrx_word' id='word_1_289' title='bbox 949 3811 1180 3866; x_wconf 87' lang='lat' dir='ltr'><strong>erantin</strong></span> <span class='ocrx_word' id='word_1_290' title='bbox 1210 3826 1306 3866; x_wconf 88' lang='lat' dir='ltr'><strong>ore</strong></span> <span class='ocrx_word' id='word_1_291' title='bbox 1330 3811 1452 3879; x_wconf 86' lang='lat' dir='ltr'><strong>ejus</strong></span> <span class='ocrx_word' id='word_1_292' title='bbox 1475 3849 1491 3874; x_wconf 82' lang='lat'><strong>.</strong></span> 
     </span>
    </p>
   </div>
   <div class='ocr_carea' id='block_1_50' title="bbox 483 3880 1221 3951">
    <p class='ocr_par' dir='ltr' id='par_1_50' title="bbox 483 3880 1221 3951">
     <span class='ocr_line' id='line_1_53' title="bbox 483 3880 1221 3951; baseline 0.007 -19"><span class='ocrx_word' id='word_1_293' title='bbox 483 3890 543 3951; x_wconf 88' lang='lat' dir='ltr'><strong>et</strong></span> <span class='ocrx_word' id='word_1_294' title='bbox 570 3881 619 3931; x_wconf 92' lang='lat' dir='ltr'><strong>in</strong></span> <span class='ocrx_word' id='word_1_295' title='bbox 649 3880 903 3935; x_wconf 87' lang='lat' dir='ltr'><strong>dentibus</strong></span> <span class='ocrx_word' id='word_1_296' title='bbox 931 3881 1069 3951; x_wconf 88' lang='lat' dir='ltr'><strong>ejus,</strong></span> <span class='ocrx_word' id='word_1_297' title='bbox 1216 3880 1221 3885; x_wconf 78' lang='grc'><strong>’</strong></span> 
     </span>
    </p>
   </div>
   <div class='ocr_carea' id='block_1_51' title="bbox 413 3947 984 4008">
    <p class='ocr_par' dir='ltr' id='par_1_51' title="bbox 413 3947 984 4008">
     <span class='ocr_line' id='line_1_54' title="bbox 413 3947 984 4008; baseline 0.011 -6"><span class='ocrx_word' id='word_1_298' title='bbox 413 3947 481 4003; x_wconf 88' lang='lat' dir='ltr'><strong>Et</strong></span> <span class='ocrx_word' id='word_1_299' title='bbox 502 3950 579 4005; x_wconf 84' lang='lat' dir='ltr'><strong>sic</strong></span> <span class='ocrx_word' id='word_1_300' title='bbox 606 3952 854 4008; x_wconf 85' lang='lat' dir='ltr'><strong>dicebant</strong></span> <span class='ocrx_word' id='word_1_301' title='bbox 892 3947 984 4007; x_wconf 52' lang='lat' dir='ltr'><strong>ei&#39;:</strong></span> 
     </span>
    </p>
   </div>
   <div class='ocr_carea' id='block_1_52' title="bbox 482 4024 1451 4096">
    <p class='ocr_par' dir='ltr' id='par_1_52' title="bbox 482 4024 1451 4096">
     <span class='ocr_line' id='line_1_55' title="bbox 482 4024 1451 4096; baseline 0.002 -19"><span class='ocrx_word' id='word_1_302' title='bbox 482 4024 673 4096; x_wconf 83' lang='lat' dir='ltr'><strong>Surge,</strong></span> <span class='ocrx_word' id='word_1_303' title='bbox 701 4024 928 4080; x_wconf 80' lang='lat' dir='ltr'><strong>comede</strong></span> <span class='ocrx_word' id='word_1_304' title='bbox 949 4040 1144 4081; x_wconf 82' lang='lat' dir='ltr'><strong>carnes</strong></span> <span class='ocrx_word' id='word_1_305' title='bbox 1170 4024 1451 4096; x_wconf 86' lang='lat' dir='ltr'><strong>plurimas.</strong></span> 
     </span>
    </p>
   </div>
   <div class='ocr_carea' id='block_1_53' title="bbox 411 4092 1063 4164">
    <p class='ocr_par' dir='ltr' id='par_1_53' title="bbox 411 4092 1063 4164">
     <span class='ocr_line' id='line_1_56' title="bbox 411 4092 1063 4164; baseline 0.006 -17"><span class='ocrx_word' id='word_1_306' title='bbox 411 4092 537 4148; x_wconf 85' lang='lat' dir='ltr'><strong>Post</strong></span> <span class='ocrx_word' id='word_1_307' title='bbox 569 4094 670 4149; x_wconf 85' lang='lat' dir='ltr'><strong>hoc</strong></span> <span class='ocrx_word' id='word_1_308' title='bbox 698 4096 1026 4164; x_wconf 83' lang='lat' dir='ltr'><strong>aspiciebam</strong></span> <span class='ocrx_word' id='word_1_309' title='bbox 1048 4139 1063 4164; x_wconf 89' lang='lat'><strong>,</strong></span> 
     </span>
    </p>
   </div>
   <div class='ocr_carea' id='block_1_54' title="bbox 480 4167 1274 4239">
    <p class='ocr_par' dir='ltr' id='par_1_54' title="bbox 480 4167 1274 4239">
     <span class='ocr_line' id='line_1_57' title="bbox 480 4167 1274 4239; baseline 0.005 -17"><span class='ocrx_word' id='word_1_310' title='bbox 480 4174 537 4222; x_wconf 92' lang='lat' dir='ltr'><strong>et</strong></span> <span class='ocrx_word' id='word_1_311' title='bbox 563 4183 691 4222; x_wconf 85' lang='lat' dir='ltr'><strong>ecce</strong></span> <span class='ocrx_word' id='word_1_312' title='bbox 720 4169 822 4223; x_wconf 83' lang='lat' dir='ltr'><strong>alia</strong></span> <span class='ocrx_word' id='word_1_313' title='bbox 853 4170 1005 4239; x_wconf 81' lang='lat' dir='ltr'><strong>quasi</strong></span> <span class='ocrx_word' id='word_1_314' title='bbox 1035 4167 1274 4239; x_wconf 82' lang='lat' dir='ltr'><strong>pardus:</strong></span> 
     </span>
    </p>
   </div>
   <div class='ocr_carea' id='block_1_55' title="bbox 408 4235 1596 4311">
    <p class='ocr_par' dir='ltr' id='par_1_55' title="bbox 408 4235 1596 4311">
     <span class='ocr_line' id='line_1_58' title="bbox 408 4235 1596 4311; baseline 0.005 -20"><span class='ocrx_word' id='word_1_315' title='bbox 408 4235 475 4292; x_wconf 86' lang='lat' dir='ltr'><strong>Et</strong></span> <span class='ocrx_word' id='word_1_316' title='bbox 497 4239 609 4294; x_wconf 90' lang='lat' dir='ltr'><strong>alas</strong></span> <span class='ocrx_word' id='word_1_317' title='bbox 636 4235 1007 4297; x_wconf 39' lang='lat' dir='ltr'><strong>habebat—avis</strong></span> <span class='ocrx_word' id='word_1_318' title='bbox 1031 4235 1267 4311; x_wconf 79' lang='lat' dir='ltr'><strong>quatuor</strong></span> <span class='ocrx_word' id='word_1_319' title='bbox 1296 4254 1464 4310; x_wconf 86' lang='lat' dir='ltr'><strong>super</strong></span> <span class='ocrx_word' id='word_1_320' title='bbox 1489 4255 1553 4297; x_wconf 86' lang='lat' dir='ltr'><strong>se</strong></span> <span class='ocrx_word' id='word_1_321' title='bbox 1581 4283 1596 4308; x_wconf 92' lang='lat'><strong>,</strong></span> 
     </span>
    </p>
   </div>
   <div class='ocr_carea' id='block_1_56' title="bbox 479 4312 1491 4382">
    <p class='ocr_par' dir='ltr' id='par_1_56' title="bbox 479 4312 1491 4382">
     <span class='ocr_line' id='line_1_59' title="bbox 479 4312 1491 4382; baseline 0.003 -19"><span class='ocrx_word' id='word_1_322' title='bbox 479 4320 531 4364; x_wconf 90' lang='lat' dir='ltr'><strong>et</strong></span> <span class='ocrx_word' id='word_1_323' title='bbox 561 4323 791 4380; x_wconf 83' lang='lat' dir='ltr'><strong>quatuor</strong></span> <span class='ocrx_word' id='word_1_324' title='bbox 819 4313 997 4382; x_wconf 87' lang='lat' dir='ltr'><strong>capita</strong></span> <span class='ocrx_word' id='word_1_325' title='bbox 1024 4323 1178 4368; x_wconf 90' lang='lat' dir='ltr'><strong>erant</strong></span> <span class='ocrx_word' id='word_1_326' title='bbox 1208 4313 1260 4367; x_wconf 92' lang='lat' dir='ltr'><strong>in</strong></span> <span class='ocrx_word' id='word_1_327' title='bbox 1284 4312 1455 4368; x_wconf 86' lang='lat' dir='ltr'><strong>bestia</strong></span> <span class='ocrx_word' id='word_1_328' title='bbox 1475 4353 1491 4381; x_wconf 95' lang='lat'><strong>,</strong></span> 
     </span>
    </p>
   </div>
   <div class='ocr_carea' id='block_1_57' title="bbox 477 4383 1165 4447">
    <p class='ocr_par' dir='ltr' id='par_1_57' title="bbox 477 4383 1165 4447">
     <span class='ocr_line' id='line_1_60' title="bbox 477 4383 1165 4447; baseline 0.004 -13"><span class='ocrx_word' id='word_1_329' title='bbox 477 4389 531 4434; x_wconf 92' lang='lat' dir='ltr'><strong>et</strong></span> <span class='ocrx_word' id='word_1_330' title='bbox 562 4392 801 4447; x_wconf 77' lang='lat' dir='ltr'><strong>potestas</strong></span> <span class='ocrx_word' id='word_1_331' title='bbox 827 4383 950 4438; x_wconf 83' lang='lat' dir='ltr'><strong>data</strong></span> <span class='ocrx_word' id='word_1_332' title='bbox 978 4394 1062 4439; x_wconf 88' lang='lat' dir='ltr'><strong>est</strong></span> <span class='ocrx_word' id='word_1_333' title='bbox 1092 4386 1165 4440; x_wconf 90' lang='lat' dir='ltr'><strong>ei.</strong></span> 
     </span>
    </p>
   </div>
   <div class='ocr_carea' id='block_1_58' title="bbox 407 4450 1564 4522">
    <p class='ocr_par' dir='ltr' id='par_1_58' title="bbox 407 4450 1564 4522">
     <span class='ocr_line' id='line_1_61' title="bbox 407 4450 1564 4522; baseline 0.003 -19"><span class='ocrx_word' id='word_1_334' title='bbox 407 4450 537 4504; x_wconf 84' lang='lat' dir='ltr'><strong>Post</strong></span> <span class='ocrx_word' id='word_1_335' title='bbox 567 4453 668 4508; x_wconf 89' lang='lat' dir='ltr'><strong>hoc</strong></span> <span class='ocrx_word' id='word_1_336' title='bbox 693 4453 1021 4522; x_wconf 81' lang='lat' dir='ltr'><strong>aspiciebam</strong></span> <span class='ocrx_word' id='word_1_337' title='bbox 1050 4457 1102 4509; x_wconf 91' lang='lat' dir='ltr'><strong>in</strong></span> <span class='ocrx_word' id='word_1_338' title='bbox 1128 4454 1338 4512; x_wconf 89' lang='lat' dir='ltr'><strong>visione</strong></span> <span class='ocrx_word' id='word_1_339' title='bbox 1366 4454 1564 4520; x_wconf 88' lang='lat' dir='ltr'><strong>noctis,</strong></span> 
     </span>
    </p>
   </div>
   <div class='ocr_carea' id='block_1_59' title="bbox 476 4525 1990 4597">
    <p class='ocr_par' dir='ltr' id='par_1_59' title="bbox 476 4525 1990 4597">
     <span class='ocr_line' id='line_1_62' title="bbox 476 4525 1990 4597; baseline 0.005 -21"><span class='ocrx_word' id='word_1_340' title='bbox 476 4530 529 4576; x_wconf 89' lang='lat' dir='ltr'><strong>et</strong></span> <span class='ocrx_word' id='word_1_341' title='bbox 556 4538 682 4597; x_wconf 71' lang='lat' dir='ltr'><strong>ecce</strong></span> <span class='ocrx_word' id='word_1_342' title='bbox 732 4526 900 4597; x_wconf 77' lang='lat' dir='ltr'><strong>bestia</strong></span> <span class='ocrx_word' id='word_1_343' title='bbox 949 4534 1139 4595; x_wconf 84' lang='lat' dir='ltr'><strong>quarta</strong></span> <span class='ocrx_word' id='word_1_344' title='bbox 1167 4525 1459 4594; x_wconf 75' lang='lat' dir='ltr'><strong>terribilis,</strong></span> <span class='ocrx_word' id='word_1_345' title='bbox 1506 4537 1671 4597; x_wconf 82' lang='lat' dir='ltr'><strong>atque</strong></span> <span class='ocrx_word' id='word_1_346' title='bbox 1705 4526 1990 4595; x_wconf 86' lang='lat' dir='ltr'><strong>mirabilis,</strong></span> 
     </span>
    </p>
   </div>
   <div class='ocr_carea' id='block_1_60' title="bbox 548 4593 1611 4662">
    <p class='ocr_par' dir='ltr' id='par_1_60' title="bbox 548 4593 1611 4662">
     <span class='ocr_line' id='line_1_63' title="bbox 548 4593 1611 4662; baseline 0.002 -15"><span class='ocrx_word' id='word_1_347' title='bbox 548 4601 604 4648; x_wconf 92' lang='lat' dir='ltr'><strong>et</strong></span> <span class='ocrx_word' id='word_1_348' title='bbox 630 4593 788 4648; x_wconf 85' lang='lat' dir='ltr'><strong>fortis</strong></span> <span class='ocrx_word' id='word_1_349' title='bbox 811 4593 1003 4662; x_wconf 74' lang='lat' dir='ltr'><strong>nimis,</strong></span> <span class='ocrx_word' id='word_1_350' title='bbox 1447 4593 1450 4594; x_wconf 55' lang='grc'><strong><em>⁷</em></strong></span> <span class='ocrx_word' id='word_1_351' title='bbox 1579 4593 1611 4649; x_wconf 67' lang='grc'><strong>⁷-</strong></span> 
     </span>
    </p>
   </div>
   <div class='ocr_carea' id='block_1_61' title="bbox 404 4662 1993 4748">
    <p class='ocr_par' dir='ltr' id='par_1_61' title="bbox 404 4662 1993 4748">
     <span class='ocr_line' id='line_1_64' title="bbox 404 4662 1993 4748; baseline 0.004 -27"><span class='ocrx_word' id='word_1_352' title='bbox 404 4662 606 4721; x_wconf 87' lang='lat' dir='ltr'><strong>Dentes</strong></span> <span class='ocrx_word' id='word_1_353' title='bbox 653 4664 863 4748; x_wconf 61' lang='lat' dir='ltr'><strong>ferreos</strong></span> <span class='ocrx_word' id='word_1_354' title='bbox 911 4666 1150 4727; x_wconf 76' lang='lat' dir='ltr'><strong>habebat</strong></span> <span class='ocrx_word' id='word_1_355' title='bbox 1191 4680 1449 4739; x_wconf 72' lang='lat' dir='ltr'><strong>magnos,</strong></span> <span class='ocrx_word' id='word_1_356' title='bbox 1499 4667 1795 4726; x_wconf 87' lang='lat' dir='ltr'><strong>comedens</strong></span> <span class='ocrx_word' id='word_1_357' title='bbox 1831 4677 1993 4741; x_wconf 86' lang='lat' dir='ltr'><strong>atque</strong></span> 
     </span>
    </p>
   </div>
   <div class='ocr_carea' id='block_1_62' title="bbox 545 4753 942 4806">
    <p class='ocr_par' dir='ltr' id='par_1_62' title="bbox 545 4753 942 4806">
     <span class='ocr_line' id='line_1_65' title="bbox 545 4753 942 4806; baseline 0.003 -13"><span class='ocrx_word' id='word_1_358' title='bbox 545 4753 942 4806; x_wconf 90' lang='lat' dir='ltr'><strong>commmuens,</strong></span> 
     </span>
    </p>
   </div>
   <div class='ocr_carea' id='block_1_63' title="bbox 474 4810 1560 4879">
    <p class='ocr_par' dir='ltr' id='par_1_63' title="bbox 474 4810 1560 4879">
     <span class='ocr_line' id='line_1_66' title="bbox 474 4810 1560 4879; baseline 0.004 -16"><span class='ocrx_word' id='word_1_359' title='bbox 474 4818 531 4863; x_wconf 92' lang='lat' dir='ltr'><strong>et</strong></span> <span class='ocrx_word' id='word_1_360' title='bbox 556 4811 765 4879; x_wconf 88' lang='lat' dir='ltr'><strong>reliqua</strong></span> <span class='ocrx_word' id='word_1_361' title='bbox 798 4812 1024 4878; x_wconf 86' lang='lat' dir='ltr'><strong>pedibus</strong></span> <span class='ocrx_word' id='word_1_362' title='bbox 1049 4810 1165 4868; x_wconf 88' lang='lat' dir='ltr'><strong>suis</strong></span> <span class='ocrx_word' id='word_1_363' title='bbox 1193 4810 1560 4869; x_wconf 73' lang='lat' dir='ltr'><strong>conculcans:</strong></span> 
     </span>
    </p>
   </div>
   <div class='ocr_carea' id='block_1_64' title="bbox 401 4878 1992 4955">
    <p class='ocr_par' dir='ltr' id='par_1_64' title="bbox 401 4878 1992 4955">
     <span class='ocr_line' id='line_1_67' title="bbox 401 4878 1992 4955; baseline 0.005 -21"><span class='ocrx_word' id='word_1_364' title='bbox 401 4878 694 4938; x_wconf 80' lang='lat' dir='ltr'><strong>Dissimilis</strong></span> <span class='ocrx_word' id='word_1_365' title='bbox 733 4894 913 4939; x_wconf 88' lang='lat' dir='ltr'><strong>autem</strong></span> <span class='ocrx_word' id='word_1_366' title='bbox 942 4892 1060 4941; x_wconf 88' lang='lat' dir='ltr'><strong>erat</strong></span> <span class='ocrx_word' id='word_1_367' title='bbox 1089 4885 1311 4945; x_wconf 61' lang='lat' dir='ltr'><strong>caeteris</strong></span> <span class='ocrx_word' id='word_1_368' title='bbox 1337 4881 1559 4951; x_wconf 86' lang='lat' dir='ltr'><strong>bestiis,</strong></span> <span class='ocrx_word' id='word_1_369' title='bbox 1585 4897 1722 4955; x_wconf 88' lang='lat' dir='ltr'><strong>quas</strong></span> <span class='ocrx_word' id='word_1_370' title='bbox 1749 4882 1992 4942; x_wconf 84' lang='lat' dir='ltr'><strong>videram</strong></span> 
     </span>
    </p>
   </div>
   <div class='ocr_carea' id='block_1_65' title="bbox 540 4966 859 5023">
    <p class='ocr_par' dir='ltr' id='par_1_65' title="bbox 540 4966 859 5023">
     <span class='ocr_line' id='line_1_68' title="bbox 540 4966 859 5023; baseline 0.009 -14"><span class='ocrx_word' id='word_1_371' title='bbox 540 4966 669 5010; x_wconf 87' lang='lat' dir='ltr'><strong>ante</strong></span> <span class='ocrx_word' id='word_1_372' title='bbox 697 4968 816 5011; x_wconf 82' lang='lat' dir='ltr'><strong>eam</strong></span> <span class='ocrx_word' id='word_1_373' title='bbox 843 4996 859 5023; x_wconf 94' lang='lat'><strong>,</strong></span> 
     </span>
    </p>
   </div>
   <div class='ocr_carea' id='block_1_66' title="bbox 470 5025 1249 5086">
    <p class='ocr_par' dir='ltr' id='par_1_66' title="bbox 470 5025 1249 5086">
     <span class='ocr_line' id='line_1_69' title="bbox 470 5025 1249 5086; baseline 0.003 -6"><span class='ocrx_word' id='word_1_374' title='bbox 470 5034 525 5080; x_wconf 89' lang='lat' dir='ltr'><strong>et</strong></span> <span class='ocrx_word' id='word_1_375' title='bbox 554 5025 788 5083; x_wconf 83' lang='lat' dir='ltr'><strong>habebat</strong></span> <span class='ocrx_word' id='word_1_376' title='bbox 812 5042 1018 5084; x_wconf 87' lang='lat' dir='ltr'><strong>cornua</strong></span> <span class='ocrx_word' id='word_1_377' title='bbox 1036 5027 1249 5086; x_wconf 88' lang='lat' dir='ltr'><strong>decem.</strong></span> 
     </span>
    </p>
   </div>
   <div class='ocr_carea' id='block_1_67' title="bbox 396 5094 1096 5167">
    <p class='ocr_par' dir='ltr' id='par_1_67' title="bbox 396 5094 1096 5167">
     <span class='ocr_line' id='line_1_70' title="bbox 396 5094 1096 5167; baseline 0.007 -17"><span class='ocrx_word' id='word_1_378' title='bbox 396 5094 822 5154; x_wconf 88' lang='lat' dir='ltr'><strong>Considerabam</strong></span> <span class='ocrx_word' id='word_1_379' title='bbox 849 5114 1051 5156; x_wconf 87' lang='lat' dir='ltr'><strong>cornua</strong></span> <span class='ocrx_word' id='word_1_380' title='bbox 1081 5141 1096 5167; x_wconf 90' lang='lat'><strong>,</strong></span> 
     </span>
    </p>
   </div>
   <div class='ocr_carea' id='block_1_68' title="bbox 466 5171 1991 5256">
    <p class='ocr_par' dir='ltr' id='par_1_68' title="bbox 466 5171 1991 5256">
     <span class='ocr_line' id='line_1_71' title="bbox 466 5171 1991 5256; baseline 0.004 -29"><span class='ocrx_word' id='word_1_381' title='bbox 466 5178 524 5227; x_wconf 85' lang='lat' dir='ltr'><strong>et</strong></span> <span class='ocrx_word' id='word_1_382' title='bbox 543 5185 671 5227; x_wconf 89' lang='lat' dir='ltr'><strong>ecce</strong></span> <span class='ocrx_word' id='word_1_383' title='bbox 698 5184 872 5231; x_wconf 78' lang='lat' dir='ltr'><strong>cornu</strong></span> <span class='ocrx_word' id='word_1_384' title='bbox 891 5171 1047 5230; x_wconf 79' lang='lat' dir='ltr'><strong>aliud</strong></span> <span class='ocrx_word' id='word_1_385' title='bbox 1077 5171 1362 5243; x_wconf 78' lang='lat' dir='ltr'><strong>parvulum</strong></span> <span class='ocrx_word' id='word_1_386' title='bbox 1391 5180 1572 5256; x_wconf 74' lang='lat' dir='ltr'><strong>ortum</strong></span> <span class='ocrx_word' id='word_1_387' title='bbox 1599 5179 1687 5231; x_wconf 87' lang='lat' dir='ltr'><strong>est</strong></span> <span class='ocrx_word' id='word_1_388' title='bbox 1712 5172 1783 5231; x_wconf 91' lang='lat' dir='ltr'><strong>de</strong></span> <span class='ocrx_word' id='word_1_389' title='bbox 1811 5174 1991 5233; x_wconf 86' lang='lat' dir='ltr'><strong>medio</strong></span> 
     </span>
    </p>
   </div>
   <div class='ocr_carea' id='block_1_69' title="bbox 538 5258 768 5297">
    <p class='ocr_par' dir='ltr' id='par_1_69' title="bbox 538 5258 768 5297">
     <span class='ocr_line' id='line_1_72' title="bbox 538 5258 768 5297; baseline 0.009 -2"><span class='ocrx_word' id='word_1_390' title='bbox 538 5258 728 5297; x_wconf 90' lang='lat' dir='ltr'><strong>eorum</strong></span> <span class='ocrx_word' id='word_1_391' title='bbox 754 5260 768 5297; x_wconf 71' lang='grc' dir='ltr'><strong>ἓ</strong></span> 
     </span>
    </p>
   </div>
   <div class='ocr_carea' id='block_1_70' title="bbox 394 5311 1988 5387">
    <p class='ocr_par' dir='ltr' id='par_1_70' title="bbox 394 5311 1988 5387">
     <span class='ocr_line' id='line_1_73' title="bbox 394 5311 1988 5387; baseline 0.004 -18"><span class='ocrx_word' id='word_1_392' title='bbox 394 5311 467 5369; x_wconf 83' lang='lat' dir='ltr'><strong>Et</strong></span> <span class='ocrx_word' id='word_1_393' title='bbox 501 5312 604 5369; x_wconf 90' lang='lat' dir='ltr'><strong>tria</strong></span> <span class='ocrx_word' id='word_1_394' title='bbox 631 5314 703 5372; x_wconf 88' lang='lat' dir='ltr'><strong>de</strong></span> <span class='ocrx_word' id='word_1_395' title='bbox 724 5314 987 5387; x_wconf 75' lang='lat' dir='ltr'><strong>cornibus</strong></span> <span class='ocrx_word' id='word_1_396' title='bbox 1018 5314 1207 5384; x_wconf 89' lang='lat' dir='ltr'><strong>primis</strong></span> <span class='ocrx_word' id='word_1_397' title='bbox 1235 5316 1423 5373; x_wconf 85' lang='lat' dir='ltr'><strong>evulsa</strong></span> <span class='ocrx_word' id='word_1_398' title='bbox 1454 5326 1585 5372; x_wconf 87' lang='lat' dir='ltr'><strong>sunt</strong></span> <span class='ocrx_word' id='word_1_399' title='bbox 1607 5333 1637 5371; x_wconf 89' lang='lat' dir='ltr'><strong>a</strong></span> <span class='ocrx_word' id='word_1_400' title='bbox 1662 5316 1799 5373; x_wconf 80' lang='lat' dir='ltr'><strong>facie</strong></span> <span class='ocrx_word' id='word_1_401' title='bbox 1825 5317 1944 5387; x_wconf 84' lang='lat' dir='ltr'><strong>ejus</strong></span> <span class='ocrx_word' id='word_1_402' title='bbox 1972 5335 1988 5375; x_wconf 90' lang='lat'><strong>:</strong></span> 
     </span>
    </p>
   </div>
   <div class='ocr_carea' id='block_1_71' title="bbox 466 5385 1991 5458">
    <p class='ocr_par' dir='ltr' id='par_1_71' title="bbox 466 5385 1991 5458">
     <span class='ocr_line' id='line_1_74' title="bbox 466 5385 1991 5458; baseline 0.004 -18"><span class='ocrx_word' id='word_1_403' title='bbox 466 5393 520 5441; x_wconf 90' lang='lat' dir='ltr'><strong>et</strong></span> <span class='ocrx_word' id='word_1_404' title='bbox 541 5399 678 5458; x_wconf 81' lang='lat' dir='ltr'><strong>ecce</strong></span> <span class='ocrx_word' id='word_1_405' title='bbox 714 5385 891 5455; x_wconf 91' lang='lat' dir='ltr'><strong>oculi,</strong></span> <span class='ocrx_word' id='word_1_406' title='bbox 922 5387 1074 5458; x_wconf 90' lang='lat' dir='ltr'><strong>quasi</strong></span> <span class='ocrx_word' id='word_1_407' title='bbox 1106 5388 1249 5443; x_wconf 92' lang='lat' dir='ltr'><strong>oculi</strong></span> <span class='ocrx_word' id='word_1_408' title='bbox 1284 5388 1522 5444; x_wconf 81' lang='lat' dir='ltr'><strong>hominis</strong></span> <span class='ocrx_word' id='word_1_409' title='bbox 1549 5399 1709 5444; x_wconf 87' lang='lat' dir='ltr'><strong>erant</strong></span> <span class='ocrx_word' id='word_1_410' title='bbox 1735 5389 1790 5444; x_wconf 87' lang='lat' dir='ltr'><strong>in</strong></span> <span class='ocrx_word' id='word_1_411' title='bbox 1818 5385 1991 5446; x_wconf 83' lang='lat' dir='ltr'><strong>cornu</strong></span> 
     </span>
    </p>
   </div>
   <div class='ocr_carea' id='block_1_72' title="bbox 536 5456 665 5526">
    <p class='ocr_par' dir='ltr' id='par_1_72' title="bbox 536 5456 665 5526">
     <span class='ocr_line' id='line_1_75' title="bbox 536 5456 665 5526; baseline 0 -13"><span class='ocrx_word' id='word_1_412' title='bbox 536 5456 665 5526; x_wconf 91' lang='lat' dir='ltr'><strong>isto,</strong></span> 
     </span>
    </p>
   </div>
   <div class='ocr_carea' id='block_1_73' title="bbox 467 5580 1989 5657">
    <p class='ocr_par' dir='ltr' id='par_1_73' title="bbox 467 5580 1989 5657">
     <span class='ocr_line' id='line_1_76' title="bbox 467 5580 1989 5657; baseline 0.005 -22"><span class='ocrx_word' id='word_1_413' title='bbox 467 5589 492 5617; x_wconf 72' lang='grc' dir='ltr'><em>ε</em></span> <span class='ocrx_word' id='word_1_414' title='bbox 534 5580 611 5657; x_wconf 78' lang='lat' dir='ltr'><strong>Ita</strong></span> <span class='ocrx_word' id='word_1_415' title='bbox 663 5595 798 5657; x_wconf 70' lang='lat' dir='ltr'><strong>mss.</strong></span> <span class='ocrx_word' id='word_1_416' title='bbox 855 5582 1306 5657; x_wconf 11' lang='lat' dir='ltr'><strong>antiquiercsia‘c</strong></span> <span class='ocrx_word' id='word_1_417' title='bbox 1359 5583 1597 5639; x_wconf 87' lang='lat' dir='ltr'><strong>melioris</strong></span> <span class='ocrx_word' id='word_1_418' title='bbox 1652 5596 1793 5640; x_wconf 75' lang='lat' dir='ltr'><strong>notae</strong></span> <span class='ocrx_word' id='word_1_419' title='bbox 1839 5586 1989 5657; x_wconf 77' lang='lat' dir='ltr'><strong>juxta</strong></span> 
     </span>
    </p>
   </div>
   <div class='ocr_carea' id='block_1_74' title="bbox 393 5651 1987 5741">
    <p class='ocr_par' dir='ltr' id='par_1_74' title="bbox 393 5651 1987 5741">
     <span class='ocr_line' id='line_1_77' title="bbox 393 5651 1987 5741; baseline 0.007 -37"><span class='ocrx_word' id='word_1_420' title='bbox 393 5651 840 5741; x_wconf 50' lang='lat' dir='ltr'><strong>phlrasimﬁebr.</strong></span> <span class='ocrx_word' id='word_1_421' title='bbox 879 5655 993 5710; x_wconf 81' lang='lat' dir='ltr'><strong>sive</strong></span> <span class='ocrx_word' id='word_1_422' title='bbox 1057 5652 1437 5741; x_wconf 64' lang='lat' dir='ltr'><strong>Chaldaicam,</strong></span> <span class='ocrx_word' id='word_1_423' title='bbox 1491 5656 1580 5738; x_wconf 79' lang='lat' dir='ltr'><strong>tibi</strong></span> <span class='ocrx_word' id='word_1_424' title='bbox 1637 5673 1737 5741; x_wconf 69' lang='lat' dir='ltr'><strong>nec</strong></span> <span class='ocrx_word' id='word_1_425' title='bbox 1768 5651 1987 5740; x_wconf 76' lang='lat' dir='ltr'><strong>verbum</strong></span> 
     </span>
    </p>
   </div>
   <div class='ocr_carea' id='block_1_75' title="bbox 393 5722 1986 5795">
    <p class='ocr_par' dir='ltr' id='par_1_75' title="bbox 393 5722 1986 5795">
     <span class='ocr_line' id='line_1_78' title="bbox 393 5722 1986 5795; baseline 0.008 -20"><span class='ocrx_word' id='word_1_426' title='bbox 393 5722 789 5795; x_wconf 78' lang='lat' dir='ltr'><strong>substantivum</strong></span> <span class='ocrx_word' id='word_1_427' title='bbox 815 5767 829 5789; x_wconf 93' lang='lat'><strong>,</strong></span> <span class='ocrx_word' id='word_1_428' title='bbox 889 5741 986 5781; x_wconf 91' lang='lat' dir='ltr'><strong>nec</strong></span> <span class='ocrx_word' id='word_1_429' title='bbox 1023 5742 1317 5795; x_wconf 85' lang='lat' dir='ltr'><strong>pronomen</strong></span> <span class='ocrx_word' id='word_1_430' title='bbox 1357 5722 1640 5784; x_wconf 88' lang='lat' dir='ltr'><strong>relativum</strong></span> <span class='ocrx_word' id='word_1_431' title='bbox 1692 5722 1939 5786; x_wconf 83' lang='lat' dir='ltr'><strong>invenias</strong></span> <span class='ocrx_word' id='word_1_432' title='bbox 1973 5750 1986 5786; x_wconf 91' lang='lat'><strong>:</strong></span> 
     </span>
    </p>
   </div>
   <div class='ocr_carea' id='block_1_76' title="bbox 394 5793 1985 5872">
    <p class='ocr_par' dir='ltr' id='par_1_76' title="bbox 394 5793 1985 5872">
     <span class='ocr_line' id='line_1_79' title="bbox 394 5793 1985 5872; baseline 0.008 -25"><span class='ocrx_word' id='word_1_433' title='bbox 394 5793 952 5872; x_wconf 68' lang='lat' dir='ltr'><strong>hmc_taniensuppiet</strong></span> <span class='ocrx_word' id='word_1_434' title='bbox 1001 5793 1179 5872; x_wconf 81' lang='lat' dir='ltr'><strong>textus</strong></span> <span class='ocrx_word' id='word_1_435' title='bbox 1216 5800 1525 5872; x_wconf 60' lang='lat' dir='ltr'><strong>Comment.</strong></span> <span class='ocrx_word' id='word_1_436' title='bbox 1575 5800 1891 5872; x_wconf 84' lang='lat' dir='ltr'><strong>Hieronymi</strong></span> <span class='ocrx_word' id='word_1_437' title='bbox 1933 5804 1985 5859; x_wconf 89' lang='lat' dir='ltr'><strong>in</strong></span> 
     </span>
    </p>
   </div>
   <div class='ocr_carea' id='block_1_77' title="bbox 395 5866 1984 5945">
    <p class='ocr_par' dir='ltr' id='par_1_77' title="bbox 395 5866 1984 5945">
     <span class='ocr_line' id='line_1_80' title="bbox 395 5866 1984 5945; baseline 0.006 -25"><span class='ocrx_word' id='word_1_438' title='bbox 395 5866 688 5935; x_wconf 88' lang='lat' dir='ltr'><strong>Danielem,</strong></span> <span class='ocrx_word' id='word_1_439' title='bbox 721 5869 773 5924; x_wconf 90' lang='lat' dir='ltr'><strong>in</strong></span> <span class='ocrx_word' id='word_1_440' title='bbox 801 5866 906 5941; x_wconf 84' lang='lat' dir='ltr'><strong>quo</strong></span> <span class='ocrx_word' id='word_1_441' title='bbox 934 5871 1193 5944; x_wconf 89' lang='lat' dir='ltr'><strong>legimus:</strong></span> <span class='ocrx_word' id='word_1_442' title='bbox 1220 5870 1323 5927; x_wconf 66' lang='lat' dir='ltr'><strong>Ha?</strong></span> <span class='ocrx_word' id='word_1_443' title='bbox 1337 5882 1555 5943; x_wconf 84' lang='lat' dir='ltr'><strong>quatuor</strong></span> <span class='ocrx_word' id='word_1_444' title='bbox 1569 5872 1739 5930; x_wconf 79' lang='lat' dir='ltr'><strong>bestia:</strong></span> <span class='ocrx_word' id='word_1_445' title='bbox 1765 5866 1984 5945; x_wconf 67' lang='lat' dir='ltr'><strong>magna},</strong></span> 
     </span>
    </p>
   </div>
   <div class='ocr_carea' id='block_1_78' title="bbox 1573 306 2577 371">
    <p class='ocr_par' dir='ltr' id='par_1_78' title="bbox 1573 306 2577 371">
     <span class='ocr_line' id='line_1_81' title="bbox 1573 306 2577 371; baseline -0.007 -1"><span class='ocrx_word' id='word_1_446' title='bbox 1573 309 1778 370; x_wconf 80' lang='lat' dir='ltr'><strong>LIBER</strong></span> <span class='ocrx_word' id='word_1_447' title='bbox 1817 306 2128 369; x_wconf 78' lang='lat' dir='ltr'><strong>DANIELIS</strong></span> <span class='ocrx_word' id='word_1_448' title='bbox 2166 306 2577 371; x_wconf 66' lang='grc' dir='ltr'><strong>ΡΒΟΡΙΙΕΤᾸΒ.</strong></span> 
     </span>
    </p>
   </div>
   <div class='ocr_carea' id='block_1_79' title="bbox 2038 431 2884 504">
    <p class='ocr_par' dir='ltr' id='par_1_79' title="bbox 2038 431 2884 504">
     <span class='ocr_line' id='line_1_82' title="bbox 2038 431 2884 504; baseline 0 -18"><span class='ocrx_word' id='word_1_449' title='bbox 2038 434 2092 496; x_wconf 80' lang='grc' dir='ltr'><strong>Α</strong></span> <span class='ocrx_word' id='word_1_450' title='bbox 2187 439 2242 486; x_wconf 88' lang='lat' dir='ltr'><strong>et</strong></span> <span class='ocrx_word' id='word_1_451' title='bbox 2267 446 2328 487; x_wconf 87' lang='lat' dir='ltr'><strong>os</strong></span> <span class='ocrx_word' id='word_1_452' title='bbox 2359 431 2585 502; x_wconf 81' lang='lat' dir='ltr'><strong>loquens</strong></span> <span class='ocrx_word' id='word_1_453' title='bbox 2622 433 2884 504; x_wconf 84' lang='lat' dir='ltr'><strong>ingentia.</strong></span> 
     </span>
    </p>
   </div>
   <div class='ocr_carea' id='block_1_80' title="bbox 3582 307 3769 411">
    <p class='ocr_par' dir='ltr' id='par_1_80' title="bbox 3582 307 3769 411">
     <span class='ocr_line' id='line_1_83' title="bbox 3582 307 3769 411; baseline -0.016 -40"><span class='ocrx_word' id='word_1_454' title='bbox 3582 307 3723 371; x_wconf 70' lang='lat' dir='ltr'><strong>i310</strong></span> <span class='ocrx_word' id='word_1_455' title='bbox 3759 400 3769 411; x_wconf 34' lang='lat'><strong><em>.</em></strong></span> 
     </span>
    </p>
   </div>
   <div class='ocr_carea' id='block_1_81' title="bbox 2125 503 3267 576">
    <p class='ocr_par' dir='ltr' id='par_1_81' title="bbox 2125 503 3267 576">
     <span class='ocr_line' id='line_1_84' title="bbox 2125 503 3267 576; baseline 0.004 -19"><span class='ocrx_word' id='word_1_456' title='bbox 2125 503 2465 573; x_wconf 82' lang='lat' dir='ltr'><strong>Aspicicbam</strong></span> <span class='ocrx_word' id='word_1_457' title='bbox 2494 504 2667 563; x_wconf 86' lang='lat' dir='ltr'><strong>donec</strong></span> <span class='ocrx_word' id='word_1_458' title='bbox 2686 503 2878 561; x_wconf 70' lang='lat' dir='ltr'><strong>throni</strong></span> <span class='ocrx_word' id='word_1_459' title='bbox 2911 504 3073 576; x_wconf 79' lang='lat' dir='ltr'><strong>positi</strong></span> <span class='ocrx_word' id='word_1_460' title='bbox 3101 512 3227 562; x_wconf 82' lang='lat' dir='ltr'><strong>sunt</strong></span> <span class='ocrx_word' id='word_1_461' title='bbox 3251 546 3267 573; x_wconf 89' lang='lat'><strong>,</strong></span> 
     </span>
    </p>
   </div>
   <div class='ocr_carea' id='block_1_82' title="bbox 2193 576 2947 645">
    <p class='ocr_par' dir='ltr' id='par_1_82' title="bbox 2193 576 2947 645">
     <span class='ocr_line' id='line_1_85' title="bbox 2193 576 2947 645; baseline 0.007 -15"><span class='ocrx_word' id='word_1_462' title='bbox 2193 586 2245 630; x_wconf 92' lang='lat' dir='ltr'><strong>et</strong></span> <span class='ocrx_word' id='word_1_463' title='bbox 2273 576 2526 645; x_wconf 89' lang='lat' dir='ltr'><strong>antiquus</strong></span> <span class='ocrx_word' id='word_1_464' title='bbox 2552 578 2758 633; x_wconf 89' lang='lat' dir='ltr'><strong>dierum</strong></span> <span class='ocrx_word' id='word_1_465' title='bbox 2788 580 2947 635; x_wconf 83' lang='lat' dir='ltr'><strong>sedit.</strong></span> 
     </span>
    </p>
   </div>
   <div class='ocr_carea' id='block_1_83' title="bbox 2122 644 3325 719">
    <p class='ocr_par' dir='ltr' id='par_1_83' title="bbox 2122 644 3325 719">
     <span class='ocr_line' id='line_1_86' title="bbox 2122 644 3325 719; baseline 0.002 -19"><span class='ocrx_word' id='word_1_466' title='bbox 2122 644 2512 702; x_wconf 84' lang='lat' dir='ltr'><strong>Vestimentnm</strong></span> <span class='ocrx_word' id='word_1_467' title='bbox 2540 649 2661 719; x_wconf 87' lang='lat' dir='ltr'><strong>ejus</strong></span> <span class='ocrx_word' id='word_1_468' title='bbox 2693 651 2846 719; x_wconf 84' lang='lat' dir='ltr'><strong>quasi</strong></span> <span class='ocrx_word' id='word_1_469' title='bbox 2878 651 2965 707; x_wconf 84' lang='lat' dir='ltr'><strong>nix</strong></span> <span class='ocrx_word' id='word_1_470' title='bbox 2990 649 3277 705; x_wconf 87' lang='lat' dir='ltr'><strong>candidum</strong></span> <span class='ocrx_word' id='word_1_471' title='bbox 3310 691 3325 715; x_wconf 97' lang='lat'><strong>,</strong></span> 
     </span>
    </p>
   </div>
   <div class='ocr_carea' id='block_1_84' title="bbox 2192 719 3418 793">
    <p class='ocr_par' dir='ltr' id='par_1_84' title="bbox 2192 719 3418 793">
     <span class='ocr_line' id='line_1_87' title="bbox 2192 719 3418 793; baseline 0.001 -20"><span class='ocrx_word' id='word_1_472' title='bbox 2192 728 2246 773; x_wconf 86' lang='lat' dir='ltr'><strong>ct</strong></span> <span class='ocrx_word' id='word_1_473' title='bbox 2275 719 2449 793; x_wconf 84' lang='lat' dir='ltr'><strong>capilli</strong></span> <span class='ocrx_word' id='word_1_474' title='bbox 2479 721 2675 793; x_wconf 83' lang='lat' dir='ltr'><strong>capitis</strong></span> <span class='ocrx_word' id='word_1_475' title='bbox 2705 723 2822 792; x_wconf 90' lang='lat' dir='ltr'><strong>ejus</strong></span> <span class='ocrx_word' id='word_1_476' title='bbox 2853 721 3005 793; x_wconf 89' lang='lat' dir='ltr'><strong>quasi</strong></span> <span class='ocrx_word' id='word_1_477' title='bbox 3037 722 3159 779; x_wconf 82' lang='lat' dir='ltr'><strong>lana</strong></span> <span class='ocrx_word' id='word_1_478' title='bbox 3182 721 3379 793; x_wconf 74' lang='lat' dir='ltr'><strong>munda</strong></span> <span class='ocrx_word' id='word_1_479' title='bbox 3405 738 3418 774; x_wconf 90' lang='lat'><strong>:</strong></span> 
     </span>
    </p>
   </div>
   <div class='ocr_carea' id='block_1_85' title="bbox 2121 788 2977 874">
    <p class='ocr_par' dir='ltr' id='par_1_85' title="bbox 2121 788 2977 874">
     <span class='ocr_line' id='line_1_88' title="bbox 2121 788 2977 874; baseline 0.004 -27"><span class='ocrx_word' id='word_1_480' title='bbox 2121 788 2372 847; x_wconf 79' lang='lat' dir='ltr'><strong>Thronus</strong></span> <span class='ocrx_word' id='word_1_481' title='bbox 2391 791 2516 874; x_wconf 43' lang='lat' dir='ltr'><strong>.cjus.</strong></span> <span class='ocrx_word' id='word_1_482' title='bbox 2545 788 2776 874; x_wconf 64' lang='lat' dir='ltr'><strong>ﬂammae</strong></span> <span class='ocrx_word' id='word_1_483' title='bbox 2802 788 2938 861; x_wconf 71' lang='lat' dir='ltr'><strong>ignis</strong></span> <span class='ocrx_word' id='word_1_484' title='bbox 2962 812 2977 849; x_wconf 83' lang='lat'><strong>:</strong></span> 
     </span>
    </p>
   </div>
   <div class='ocr_carea' id='block_1_86' title="bbox 2194 864 2955 935">
    <p class='ocr_par' dir='ltr' id='par_1_86' title="bbox 2194 864 2955 935">
     <span class='ocr_line' id='line_1_89' title="bbox 2194 864 2955 935; baseline 0.003 -18"><span class='ocrx_word' id='word_1_485' title='bbox 2194 873 2325 917; x_wconf 66' lang='lat' dir='ltr'><strong>rota:</strong></span> <span class='ocrx_word' id='word_1_486' title='bbox 2354 864 2469 933; x_wconf 89' lang='lat' dir='ltr'><strong>ejus</strong></span> <span class='ocrx_word' id='word_1_487' title='bbox 2500 864 2639 935; x_wconf 85' lang='lat' dir='ltr'><strong>ignis</strong></span> <span class='ocrx_word' id='word_1_488' title='bbox 2667 880 2955 922; x_wconf 86' lang='lat' dir='ltr'><strong>accensus.</strong></span> 
     </span>
    </p>
   </div>
   <div class='ocr_carea' id='block_1_87' title="bbox 2121 932 2954 1009">
    <p class='ocr_par' dir='ltr' id='par_1_87' title="bbox 2121 932 2954 1009">
     <span class='ocr_line' id='line_1_90' title="bbox 2121 932 2954 1009; baseline 0.005 -19"><span class='ocrx_word' id='word_1_489' title='bbox 2121 932 2591 1009; x_wconf 74' lang='lat' dir='ltr'><strong>Fluvinsignetis,</strong></span> <span class='ocrx_word' id='word_1_490' title='bbox 2626 938 2954 1009; x_wconf 78' lang='lat' dir='ltr'><strong>rapidusque</strong></span> 
     </span>
    </p>
   </div>
   <div class='ocr_carea' id='block_1_88' title="bbox 2192 1005 2961 1078">
    <p class='ocr_par' dir='ltr' id='par_1_88' title="bbox 2192 1005 2961 1078">
     <span class='ocr_line' id='line_1_91' title="bbox 2192 1005 2961 1078; baseline 0.004 -18"><span class='ocrx_word' id='word_1_491' title='bbox 2192 1005 2570 1072; x_wconf 72' lang='lat' dir='ltr'><strong>egrediebatur</strong></span> <span class='ocrx_word' id='word_1_492' title='bbox 2600 1024 2627 1061; x_wconf 89' lang='lat' dir='ltr'><strong>a</strong></span> <span class='ocrx_word' id='word_1_493' title='bbox 2662 1005 2796 1065; x_wconf 80' lang='lat' dir='ltr'><strong>faeie</strong></span> <span class='ocrx_word' id='word_1_494' title='bbox 2823 1005 2961 1078; x_wconf 88' lang='lat' dir='ltr'><strong>ejus.</strong></span> 
     </span>
    </p>
   </div>
   <div class='ocr_carea' id='block_1_89' title="bbox 2122 1077 3086 1145">
    <p class='ocr_par' dir='ltr' id='par_1_89' title="bbox 2122 1077 3086 1145">
     <span class='ocr_line' id='line_1_92' title="bbox 2122 1077 3086 1145; baseline 0.002 -12"><span class='ocrx_word' id='word_1_495' title='bbox 2122 1077 2288 1133; x_wconf 83' lang='lat' dir='ltr'><strong>Millia</strong></span> <span class='ocrx_word' id='word_1_496' title='bbox 2321 1080 2549 1136; x_wconf 90' lang='lat' dir='ltr'><strong>millium</strong></span> <span class='ocrx_word' id='word_1_497' title='bbox 2580 1077 2963 1137; x_wconf 84' lang='lat' dir='ltr'><strong>miniStrabaut</strong></span> <span class='ocrx_word' id='word_1_498' title='bbox 2992 1079 3041 1135; x_wconf 89' lang='lat' dir='ltr'><strong>ei</strong></span> <span class='ocrx_word' id='word_1_499' title='bbox 3070 1121 3086 1145; x_wconf 92' lang='lat'><strong>,</strong></span> 
     </span>
    </p>
   </div>
   <div class='ocr_carea' id='block_1_90' title="bbox 2193 1148 3603 1211">
    <p class='ocr_par' dir='ltr' id='par_1_90' title="bbox 2193 1148 3603 1211">
     <span class='ocr_line' id='line_1_93' title="bbox 2193 1148 3603 1211; baseline 0 -8"><span class='ocrx_word' id='word_1_500' title='bbox 2193 1157 2248 1203; x_wconf 91' lang='lat' dir='ltr'><strong>et</strong></span> <span class='ocrx_word' id='word_1_501' title='bbox 2274 1149 2456 1206; x_wconf 87' lang='lat' dir='ltr'><strong>decies</strong></span> <span class='ocrx_word' id='word_1_502' title='bbox 2489 1152 2685 1209; x_wconf 87' lang='lat' dir='ltr'><strong>millies</strong></span> <span class='ocrx_word' id='word_1_503' title='bbox 2713 1162 2943 1210; x_wconf 89' lang='lat' dir='ltr'><strong>centena</strong></span> <span class='ocrx_word' id='word_1_504' title='bbox 2975 1151 3147 1211; x_wconf 87' lang='lat' dir='ltr'><strong>millia</strong></span> <span class='ocrx_word' id='word_1_505' title='bbox 3170 1149 3502 1209; x_wconf 86' lang='lat' dir='ltr'><strong>assistebant</strong></span> <span class='ocrx_word' id='word_1_506' title='bbox 3531 1148 3603 1205; x_wconf 92' lang='lat' dir='ltr'><strong>ei.</strong></span> 
     </span>
    </p>
   </div>
   <div class='ocr_carea' id='block_1_91' title="bbox 2121 1218 2592 1289">
    <p class='ocr_par' dir='ltr' id='par_1_91' title="bbox 2121 1218 2592 1289">
     <span class='ocr_line' id='line_1_94' title="bbox 2121 1218 2592 1289; baseline 0.011 -15"><span class='ocrx_word' id='word_1_507' title='bbox 2121 1218 2399 1285; x_wconf 76' lang='lat' dir='ltr'><strong>Judiciunt</strong></span> <span class='ocrx_word' id='word_1_508' title='bbox 2421 1224 2592 1289; x_wconf 83' lang='lat' dir='ltr'><strong>sedit,</strong></span> 
     </span>
    </p>
   </div>
   <div class='ocr_carea' id='block_1_92' title="bbox 2193 1294 2770 1367">
    <p class='ocr_par' dir='ltr' id='par_1_92' title="bbox 2193 1294 2770 1367">
     <span class='ocr_line' id='line_1_95' title="bbox 2193 1294 2770 1367; baseline 0.005 -20"><span class='ocrx_word' id='word_1_509' title='bbox 2193 1304 2247 1367; x_wconf 90' lang='lat' dir='ltr'><strong>et</strong></span> <span class='ocrx_word' id='word_1_510' title='bbox 2274 1294 2394 1367; x_wconf 68' lang='lat' dir='ltr'><strong>libri</strong></span> <span class='ocrx_word' id='word_1_511' title='bbox 2419 1296 2590 1367; x_wconf 89' lang='lat' dir='ltr'><strong>aperti</strong></span> <span class='ocrx_word' id='word_1_512' title='bbox 2624 1304 2770 1352; x_wconf 87' lang='lat' dir='ltr'><strong>sunt.</strong></span> 
     </span>
    </p>
   </div>
   <div class='ocr_carea' id='block_1_93' title="bbox 2124 1364 3630 1438">
    <p class='ocr_par' dir='ltr' id='par_1_93' title="bbox 2124 1364 3630 1438">
     <span class='ocr_line' id='line_1_96' title="bbox 2124 1364 3630 1438; baseline -0.001 -18"><span class='ocrx_word' id='word_1_513' title='bbox 2124 1364 2469 1435; x_wconf 79' lang='lat' dir='ltr'><strong>Aspiciebam</strong></span> <span class='ocrx_word' id='word_1_514' title='bbox 2491 1378 2714 1438; x_wconf 88' lang='lat' dir='ltr'><strong>propter</strong></span> <span class='ocrx_word' id='word_1_515' title='bbox 2742 1382 2937 1425; x_wconf 85' lang='lat' dir='ltr'><strong>vocem</strong></span> <span class='ocrx_word' id='word_1_516' title='bbox 2962 1381 3276 1427; x_wconf 84' lang='lat' dir='ltr'><strong>sermonum</strong></span> <span class='ocrx_word' id='word_1_517' title='bbox 3300 1364 3596 1437; x_wconf 76' lang='lat' dir='ltr'><strong>grandinm</strong></span> <span class='ocrx_word' id='word_1_518' title='bbox 3614 1409 3630 1435; x_wconf 93' lang='lat'><strong>,</strong></span> 
     </span>
    </p>
   </div>
   <div class='ocr_carea' id='block_1_94' title="bbox 2193 1441 3072 1510">
    <p class='ocr_par' dir='ltr' id='par_1_94' title="bbox 2193 1441 3072 1510">
     <span class='ocr_line' id='line_1_97' title="bbox 2193 1441 3072 1510; baseline 0.006 -20"><span class='ocrx_word' id='word_1_519' title='bbox 2193 1452 2332 1510; x_wconf 85' lang='lat' dir='ltr'><strong>quos</strong></span> <span class='ocrx_word' id='word_1_520' title='bbox 2354 1453 2521 1493; x_wconf 90' lang='lat' dir='ltr'><strong>cornu</strong></span> <span class='ocrx_word' id='word_1_521' title='bbox 2554 1441 2688 1494; x_wconf 89' lang='lat' dir='ltr'><strong>illud</strong></span> <span class='ocrx_word' id='word_1_522' title='bbox 2711 1442 3072 1510; x_wconf 83' lang='lat' dir='ltr'><strong>loquebatur:</strong></span> 
     </span>
    </p>
   </div>
   <div class='ocr_carea' id='block_1_95' title="bbox 2126 1506 3337 1578">
    <p class='ocr_par' dir='ltr' id='par_1_95' title="bbox 2126 1506 3337 1578">
     <span class='ocr_line' id='line_1_98' title="bbox 2126 1506 3337 1578; baseline 0.001 -16"><span class='ocrx_word' id='word_1_523' title='bbox 2126 1506 2193 1562; x_wconf 85' lang='lat' dir='ltr'><strong>Et</strong></span> <span class='ocrx_word' id='word_1_524' title='bbox 2218 1509 2327 1564; x_wconf 89' lang='lat' dir='ltr'><strong>vidi</strong></span> <span class='ocrx_word' id='word_1_525' title='bbox 2350 1512 2605 1578; x_wconf 86' lang='lat' dir='ltr'><strong>quoniam</strong></span> <span class='ocrx_word' id='word_1_526' title='bbox 2634 1506 2916 1570; x_wconf 74' lang='lat' dir='ltr'><strong>interiecta</strong></span> <span class='ocrx_word' id='word_1_527' title='bbox 2947 1521 3094 1568; x_wconf 89' lang='lat' dir='ltr'><strong>esset</strong></span> <span class='ocrx_word' id='word_1_528' title='bbox 3125 1509 3299 1564; x_wconf 83' lang='lat' dir='ltr'><strong>bestia</strong></span> <span class='ocrx_word' id='word_1_529' title='bbox 3319 1549 3337 1572; x_wconf 86' lang='lat'><strong><em>.</em></strong></span> 
     </span>
    </p>
   </div>
   <div class='ocr_carea' id='block_1_96' title="bbox 2194 1579 3711 1657">
    <p class='ocr_par' dir='ltr' id='par_1_96' title="bbox 2194 1579 3711 1657">
     <span class='ocr_line' id='line_1_99' title="bbox 2194 1579 3711 1657; baseline 0 -22"><span class='ocrx_word' id='word_1_530' title='bbox 2194 1589 2247 1635; x_wconf 89' lang='lat' dir='ltr'><strong>et</strong></span> <span class='ocrx_word' id='word_1_531' title='bbox 2268 1580 2503 1657; x_wconf 78' lang='lat' dir='ltr'><strong>perisset</strong></span> <span class='ocrx_word' id='word_1_532' title='bbox 2533 1599 2734 1651; x_wconf 85' lang='lat' dir='ltr'><strong>corpus</strong></span> <span class='ocrx_word' id='word_1_533' title='bbox 2762 1586 2902 1657; x_wconf 88' lang='lat' dir='ltr'><strong>ejus,</strong></span> <span class='ocrx_word' id='word_1_534' title='bbox 2927 1595 2981 1642; x_wconf 90' lang='lat' dir='ltr'><strong>et</strong></span> <span class='ocrx_word' id='word_1_535' title='bbox 3010 1582 3271 1640; x_wconf 87' lang='lat' dir='ltr'><strong>traditum</strong></span> <span class='ocrx_word' id='word_1_536' title='bbox 3301 1590 3448 1637; x_wconf 89' lang='lat' dir='ltr'><strong>esset</strong></span> <span class='ocrx_word' id='word_1_537' title='bbox 3471 1579 3538 1634; x_wconf 89' lang='lat' dir='ltr'><strong>ad</strong></span> <span class='ocrx_word' id='word_1_538' title='bbox 3559 1594 3711 1635; x_wconf 88' lang='lat' dir='ltr'><strong>eom-</strong></span> 
     </span>
    </p>
   </div>
   <div class='ocr_carea' id='block_1_97' title="bbox 2268 1652 2756 1727">
    <p class='ocr_par' dir='ltr' id='par_1_97' title="bbox 2268 1652 2756 1727">
     <span class='ocr_line' id='line_1_100' title="bbox 2268 1652 2756 1727; baseline 0.01 -20"><span class='ocrx_word' id='word_1_539' title='bbox 2268 1652 2569 1711; x_wconf 88' lang='lat' dir='ltr'><strong>burendnm</strong></span> <span class='ocrx_word' id='word_1_540' title='bbox 2605 1657 2712 1727; x_wconf 87' lang='lat' dir='ltr'><strong>igni</strong></span> <span class='ocrx_word' id='word_1_541' title='bbox 2742 1674 2756 1711; x_wconf 85' lang='lat'><strong>:</strong></span> 
     </span>
    </p>
   </div>
   <div class='ocr_carea' id='block_1_98' title="bbox 2123 1722 3633 1798">
    <p class='ocr_par' dir='ltr' id='par_1_98' title="bbox 2123 1722 3633 1798">
     <span class='ocr_line' id='line_1_101' title="bbox 2123 1722 3633 1798; baseline 0.007 -19"><span class='ocrx_word' id='word_1_542' title='bbox 2123 1722 2366 1779; x_wconf 81' lang='lat' dir='ltr'><strong>Aliarum</strong></span> <span class='ocrx_word' id='word_1_543' title='bbox 2392 1741 2607 1798; x_wconf 88' lang='lat' dir='ltr'><strong>quoque</strong></span> <span class='ocrx_word' id='word_1_544' title='bbox 2625 1722 2933 1784; x_wconf 74' lang='lat' dir='ltr'><strong>bestiarum</strong></span> <span class='ocrx_word' id='word_1_545' title='bbox 2966 1730 3143 1785; x_wconf 88' lang='lat' dir='ltr'><strong>ablata</strong></span> <span class='ocrx_word' id='word_1_546' title='bbox 3180 1734 3330 1785; x_wconf 86' lang='lat' dir='ltr'><strong>esset</strong></span> <span class='ocrx_word' id='word_1_547' title='bbox 3356 1732 3600 1794; x_wconf 77' lang='lat' dir='ltr'><strong>potestas</strong></span> <span class='ocrx_word' id='word_1_548' title='bbox 3620 1766 3633 1790; x_wconf 72' lang='grc' dir='ltr'><strong>ν</strong></span> 
     </span>
    </p>
   </div>
   <div class='ocr_carea' id='block_1_99' title="bbox 2054 1792 3710 1888">
    <p class='ocr_par' dir='ltr' id='par_1_99' title="bbox 2054 1792 3710 1888">
     <span class='ocr_line' id='line_1_102' title="bbox 2054 1792 3710 1888; baseline 0.001 -39"><span class='ocrx_word' id='word_1_549' title='bbox 2054 1830 2097 1888; x_wconf 70' lang='grc' dir='ltr'><strong>Β</strong></span> <span class='ocrx_word' id='word_1_550' title='bbox 2199 1792 2564 1888; x_wconf 36' lang='grc' dir='ltr'><strong>(ξι-ιθηῲοιυὲι.</strong></span> <span class='ocrx_word' id='word_1_551' title='bbox 2593 1800 2713 1888; x_wconf 73' lang='lat' dir='ltr'><strong>vitte</strong></span> <span class='ocrx_word' id='word_1_552' title='bbox 2757 1802 3053 1858; x_wconf 87' lang='lat' dir='ltr'><strong>constituta</strong></span> <span class='ocrx_word' id='word_1_553' title='bbox 3102 1808 3287 1858; x_wconf 82' lang='lat' dir='ltr'><strong>essent</strong></span> <span class='ocrx_word' id='word_1_554' title='bbox 3332 1792 3411 1854; x_wconf 81' lang='lat' dir='ltr'><strong>eis</strong></span> <span class='ocrx_word' id='word_1_555' title='bbox 3440 1812 3613 1868; x_wconf 82' lang='lat' dir='ltr'><strong>usque</strong></span> <span class='ocrx_word' id='word_1_556' title='bbox 3643 1792 3710 1851; x_wconf 83' lang='lat' dir='ltr'><strong>ad</strong></span> 
     </span>
    </p>
   </div>
   <div class='ocr_carea' id='block_1_100' title="bbox 2273 1878 2828 1941">
    <p class='ocr_par' dir='ltr' id='par_1_100' title="bbox 2273 1878 2828 1941">
     <span class='ocr_line' id='line_1_103' title="bbox 2273 1878 2828 1941; baseline 0.009 -20"><span class='ocrx_word' id='word_1_557' title='bbox 2273 1878 2486 1941; x_wconf 79' lang='lat' dir='ltr'><strong>tempus</strong></span> <span class='ocrx_word' id='word_1_558' title='bbox 2517 1880 2570 1925; x_wconf 89' lang='lat' dir='ltr'><strong>et</strong></span> <span class='ocrx_word' id='word_1_559' title='bbox 2599 1880 2828 1941; x_wconf 83' lang='lat' dir='ltr'><strong>tempus.</strong></span> 
     </span>
    </p>
   </div>
   <div class='ocr_carea' id='block_1_101' title="bbox 2120 1938 3209 2012">
    <p class='ocr_par' dir='ltr' id='par_1_101' title="bbox 2120 1938 3209 2012">
     <span class='ocr_line' id='line_1_104' title="bbox 2120 1938 3209 2012; baseline 0.006 -15"><span class='ocrx_word' id='word_1_560' title='bbox 2120 1938 2466 2007; x_wconf 78' lang='lat' dir='ltr'><strong>ASpiciebam</strong></span> <span class='ocrx_word' id='word_1_561' title='bbox 2496 1958 2631 2012; x_wconf 22' lang='lat' dir='ltr'><strong>ergo.</strong></span> <span class='ocrx_word' id='word_1_562' title='bbox 2658 1938 2723 1997; x_wconf 46' lang='lat' dir='ltr'><strong>in&#39;</strong></span> <span class='ocrx_word' id='word_1_563' title='bbox 2756 1945 2965 2000; x_wconf 87' lang='lat' dir='ltr'><strong>visione</strong></span> <span class='ocrx_word' id='word_1_564' title='bbox 2997 1944 3171 2001; x_wconf 90' lang='lat' dir='ltr'><strong>noctis</strong></span> <span class='ocrx_word' id='word_1_565' title='bbox 3194 1985 3209 2004; x_wconf 87' lang='lat'><strong>.</strong></span> 
     </span>
    </p>
   </div>
   <div class='ocr_carea' id='block_1_102' title="bbox 2193 2010 3713 2138">
    <p class='ocr_par' dir='ltr' id='par_1_102' title="bbox 2193 2010 3713 2138">
     <span class='ocr_line' id='line_1_105' title="bbox 2193 2010 3713 2138; baseline -0.001 -71"><span class='ocrx_word' id='word_1_566' title='bbox 2193 2019 2246 2067; x_wconf 90' lang='lat' dir='ltr'><strong>et</strong></span> <span class='ocrx_word' id='word_1_567' title='bbox 2273 2026 2401 2138; x_wconf 50' lang='grc' dir='ltr'><strong>θροῦς</strong></span> <span class='ocrx_word' id='word_1_568' title='bbox 2426 2010 2815 2069; x_wconf 71' lang='grc' dir='ltr'><strong>ουιηίιυὺίὺυε</strong></span> <span class='ocrx_word' id='word_1_569' title='bbox 2840 2017 2963 2073; x_wconf 88' lang='lat' dir='ltr'><strong>coeli</strong></span> <span class='ocrx_word' id='word_1_570' title='bbox 2996 2016 3152 2087; x_wconf 85' lang='lat' dir='ltr'><strong>quasi</strong></span> <span class='ocrx_word' id='word_1_571' title='bbox 3184 2014 3327 2069; x_wconf 80' lang='lat' dir='ltr'><strong>filius</strong></span> <span class='ocrx_word' id='word_1_572' title='bbox 3355 2010 3592 2069; x_wconf 89' lang='lat' dir='ltr'><strong>hominis</strong></span> <span class='ocrx_word' id='word_1_573' title='bbox 3616 2023 3713 2066; x_wconf 88' lang='lat' dir='ltr'><strong>ve-</strong></span> 
     </span>
     <span class='ocr_line' id='line_1_106' title="bbox 2266 2091 2480 2138; baseline 0.009 -2"><span class='ocrx_word' id='word_1_574' title='bbox 2266 2099 2351 2137; x_wconf 87' lang='lat' dir='ltr'><strong>nte</strong></span> <span class='ocrx_word' id='word_1_575' title='bbox 2393 2091 2480 2138; x_wconf 88' lang='lat' dir='ltr'><strong>at.</strong></span> 
     </span>
    </p>
   </div>
   <div class='ocr_carea' id='block_1_103' title="bbox 2266 2084 2480 2149">
    <p class='ocr_par' dir='ltr' id='par_1_103' title="bbox 2266 2084 2480 2149">
     <span class='ocr_line' id='line_1_107' title="bbox 2266 2084 2480 2149; baseline 0.014 -13"><span class='ocrx_word' id='word_1_576' title='bbox 2266 2084 2448 2138; x_wconf 79' lang='lat' dir='ltr'><strong>niebat</strong></span> <span class='ocrx_word' id='word_1_577' title='bbox 2465 2124 2480 2149; x_wconf 90' lang='lat'><strong>,</strong></span> 
     </span>
    </p>
   </div>
   <div class='ocr_carea' id='block_1_104' title="bbox 2193 2155 3429 2228">
    <p class='ocr_par' dir='ltr' id='par_1_104' title="bbox 2193 2155 3429 2228">
     <span class='ocr_line' id='line_1_108' title="bbox 2193 2155 3429 2228; baseline 0.001 -18"><span class='ocrx_word' id='word_1_578' title='bbox 2193 2162 2248 2210; x_wconf 88' lang='lat' dir='ltr'><strong>et</strong></span> <span class='ocrx_word' id='word_1_579' title='bbox 2280 2170 2450 2228; x_wconf 86' lang='lat' dir='ltr'><strong>usque</strong></span> <span class='ocrx_word' id='word_1_580' title='bbox 2481 2157 2548 2213; x_wconf 89' lang='lat' dir='ltr'><strong>ad</strong></span> <span class='ocrx_word' id='word_1_581' title='bbox 2580 2158 2862 2227; x_wconf 81' lang='lat' dir='ltr'><strong>antiquum</strong></span> <span class='ocrx_word' id='word_1_582' title='bbox 2890 2160 3103 2217; x_wconf 91' lang='lat' dir='ltr'><strong>dierum</strong></span> <span class='ocrx_word' id='word_1_583' title='bbox 3131 2155 3429 2228; x_wconf 84' lang='lat' dir='ltr'><strong>pervenit:</strong></span> 
     </span>
    </p>
   </div>
   <div class='ocr_carea' id='block_1_105' title="bbox 2191 2226 3330 2298">
    <p class='ocr_par' dir='ltr' id='par_1_105' title="bbox 2191 2226 3330 2298">
     <span class='ocr_line' id='line_1_109' title="bbox 2191 2226 3330 2298; baseline 0.002 -17"><span class='ocrx_word' id='word_1_584' title='bbox 2191 2235 2246 2281; x_wconf 93' lang='lat' dir='ltr'><strong>et</strong></span> <span class='ocrx_word' id='word_1_585' title='bbox 2278 2226 2328 2281; x_wconf 90' lang='lat' dir='ltr'><strong>in</strong></span> <span class='ocrx_word' id='word_1_586' title='bbox 2363 2237 2658 2298; x_wconf 87' lang='lat' dir='ltr'><strong>conspectu</strong></span> <span class='ocrx_word' id='word_1_587' title='bbox 2687 2226 2808 2296; x_wconf 86' lang='lat' dir='ltr'><strong>ejus</strong></span> <span class='ocrx_word' id='word_1_588' title='bbox 2836 2226 3149 2289; x_wconf 75' lang='lat' dir='ltr'><strong>obtulerunt</strong></span> <span class='ocrx_word' id='word_1_589' title='bbox 3182 2245 3330 2286; x_wconf 89' lang='lat' dir='ltr'><strong>eum.</strong></span> 
     </span>
    </p>
   </div>
   <div class='ocr_carea' id='block_1_106' title="bbox 2120 2297 3615 2371">
    <p class='ocr_par' dir='ltr' id='par_1_106' title="bbox 2120 2297 3615 2371">
     <span class='ocr_line' id='line_1_110' title="bbox 2120 2297 3615 2371; baseline 0 -17"><span class='ocrx_word' id='word_1_590' title='bbox 2120 2297 2187 2354; x_wconf 82' lang='lat' dir='ltr'><strong>Et</strong></span> <span class='ocrx_word' id='word_1_591' title='bbox 2214 2299 2364 2355; x_wconf 88' lang='lat' dir='ltr'><strong>dedit</strong></span> <span class='ocrx_word' id='word_1_592' title='bbox 2392 2301 2442 2355; x_wconf 89' lang='lat' dir='ltr'><strong>ei</strong></span> <span class='ocrx_word' id='word_1_593' title='bbox 2468 2297 2821 2371; x_wconf 83' lang='lat' dir='ltr'><strong>potestatem,</strong></span> <span class='ocrx_word' id='word_1_594' title='bbox 2856 2314 2910 2359; x_wconf 92' lang='lat' dir='ltr'><strong>et</strong></span> <span class='ocrx_word' id='word_1_595' title='bbox 2941 2304 3227 2366; x_wconf 84' lang='lat' dir='ltr'><strong>honorem,</strong></span> <span class='ocrx_word' id='word_1_596' title='bbox 3265 2310 3320 2355; x_wconf 91' lang='lat' dir='ltr'><strong>et</strong></span> <span class='ocrx_word' id='word_1_597' title='bbox 3350 2313 3615 2369; x_wconf 75' lang='lat' dir='ltr'><strong>regnum:</strong></span> 
     </span>
    </p>
   </div>
   <div class='ocr_carea' id='block_1_107' title="bbox 2190 2372 3671 2443">
    <p class='ocr_par' dir='ltr' id='par_1_107' title="bbox 2190 2372 3671 2443">
     <span class='ocr_line' id='line_1_111' title="bbox 2190 2372 3671 2443; baseline -0.001 -19"><span class='ocrx_word' id='word_1_598' title='bbox 2190 2379 2243 2424; x_wconf 92' lang='lat' dir='ltr'><strong>et</strong></span> <span class='ocrx_word' id='word_1_599' title='bbox 2264 2387 2453 2426; x_wconf 88' lang='lat' dir='ltr'><strong>omnes</strong></span> <span class='ocrx_word' id='word_1_600' title='bbox 2478 2373 2687 2443; x_wconf 89' lang='lat' dir='ltr'><strong>populi,</strong></span> <span class='ocrx_word' id='word_1_601' title='bbox 2725 2375 2919 2443; x_wconf 89' lang='lat' dir='ltr'><strong>tribus,</strong></span> <span class='ocrx_word' id='word_1_602' title='bbox 2946 2386 3001 2430; x_wconf 89' lang='lat' dir='ltr'><strong>et</strong></span> <span class='ocrx_word' id='word_1_603' title='bbox 3036 2376 3234 2443; x_wconf 70' lang='lat' dir='ltr'><strong>lingua:</strong></span> <span class='ocrx_word' id='word_1_604' title='bbox 3264 2373 3364 2443; x_wconf 87' lang='lat' dir='ltr'><strong>ipsi</strong></span> <span class='ocrx_word' id='word_1_605' title='bbox 3397 2372 3671 2443; x_wconf 76' lang='lat' dir='ltr'><strong>servient;</strong></span> 
     </span>
    </p>
   </div>
   <div class='ocr_carea' id='block_1_108' title="bbox 2120 2441 3671 2515">
    <p class='ocr_par' dir='ltr' id='par_1_108' title="bbox 2120 2441 3671 2515">
     <span class='ocr_line' id='line_1_112' title="bbox 2120 2441 3671 2515; baseline 0.002 -20"><span class='ocrx_word' id='word_1_606' title='bbox 2120 2441 2365 2498; x_wconf 81' lang='lat' dir='ltr'><strong>PotcStas</strong></span> <span class='ocrx_word' id='word_1_607' title='bbox 2390 2441 2507 2514; x_wconf 82' lang='lat' dir='ltr'><strong>ejus</strong></span> <span class='ocrx_word' id='word_1_608' title='bbox 2541 2441 2782 2515; x_wconf 84' lang='lat' dir='ltr'><strong>potestas</strong></span> <span class='ocrx_word' id='word_1_609' title='bbox 2809 2441 3036 2513; x_wconf 83' lang='lat' dir='ltr'><strong>aeterna,</strong></span> <span class='ocrx_word' id='word_1_610' title='bbox 3070 2441 3190 2515; x_wconf 81' lang='lat' dir='ltr'><strong>quae</strong></span> <span class='ocrx_word' id='word_1_611' title='bbox 3216 2441 3319 2498; x_wconf 81' lang='lat' dir='ltr'><strong>non</strong></span> <span class='ocrx_word' id='word_1_612' title='bbox 3350 2441 3628 2498; x_wconf 77' lang='lat' dir='ltr'><strong>auferetur</strong></span> <span class='ocrx_word' id='word_1_613' title='bbox 3657 2458 3671 2498; x_wconf 89' lang='lat'><strong>:</strong></span> 
     </span>
    </p>
   </div>
   <div class='ocr_carea' id='block_1_109' title="bbox 2189 2517 3421 2587">
    <p class='ocr_par' dir='ltr' id='par_1_109' title="bbox 2189 2517 3421 2587">
     <span class='ocr_line' id='line_1_113' title="bbox 2189 2517 3421 2587; baseline -0.001 -16"><span class='ocrx_word' id='word_1_614' title='bbox 2189 2526 2243 2571; x_wconf 92' lang='lat' dir='ltr'><strong>et</strong></span> <span class='ocrx_word' id='word_1_615' title='bbox 2272 2531 2496 2587; x_wconf 84' lang='lat' dir='ltr'><strong>regnum</strong></span> <span class='ocrx_word' id='word_1_616' title='bbox 2527 2517 2667 2587; x_wconf 84' lang='lat' dir='ltr'><strong>ejus,</strong></span> <span class='ocrx_word' id='word_1_617' title='bbox 2697 2518 2840 2586; x_wconf 86' lang='lat' dir='ltr'><strong>quod</strong></span> <span class='ocrx_word' id='word_1_618' title='bbox 2878 2533 2986 2575; x_wconf 90' lang='lat' dir='ltr'><strong>non</strong></span> <span class='ocrx_word' id='word_1_619' title='bbox 3019 2527 3421 2587; x_wconf 81' lang='lat' dir='ltr'><strong>corrumpetur.</strong></span> 
     </span>
    </p>
   </div>
   <div class='ocr_carea' id='block_1_110' title="bbox 2117 2585 2770 2657">
    <p class='ocr_par' dir='ltr' id='par_1_110' title="bbox 2117 2585 2770 2657">
     <span class='ocr_line' id='line_1_114' title="bbox 2117 2585 2770 2657; baseline 0 -15"><span class='ocrx_word' id='word_1_620' title='bbox 2117 2585 2337 2642; x_wconf 85' lang='lat' dir='ltr'><strong>Horruit</strong></span> <span class='ocrx_word' id='word_1_621' title='bbox 2354 2585 2573 2657; x_wconf 75' lang='lat' dir='ltr'><strong>Spiritus</strong></span> <span class='ocrx_word' id='word_1_622' title='bbox 2597 2585 2770 2655; x_wconf 89' lang='lat' dir='ltr'><strong>meus,</strong></span> 
     </span>
    </p>
   </div>
   <div class='ocr_carea' id='block_1_111' title="bbox 2189 2658 3127 2729">
    <p class='ocr_par' dir='ltr' id='par_1_111' title="bbox 2189 2658 3127 2729">
     <span class='ocr_line' id='line_1_115' title="bbox 2189 2658 3127 2729; baseline 0.003 -16"><span class='ocrx_word' id='word_1_623' title='bbox 2189 2673 2289 2729; x_wconf 85' lang='lat' dir='ltr'><strong>ego</strong></span> <span class='ocrx_word' id='word_1_624' title='bbox 2319 2658 2507 2716; x_wconf 86' lang='lat' dir='ltr'><strong>Daniel</strong></span> <span class='ocrx_word' id='word_1_625' title='bbox 2537 2663 2755 2715; x_wconf 88' lang='lat' dir='ltr'><strong>territus</strong></span> <span class='ocrx_word' id='word_1_626' title='bbox 2775 2677 2893 2719; x_wconf 88' lang='lat' dir='ltr'><strong>sum</strong></span> <span class='ocrx_word' id='word_1_627' title='bbox 2928 2662 2977 2718; x_wconf 92' lang='lat' dir='ltr'><strong>in</strong></span> <span class='ocrx_word' id='word_1_628' title='bbox 3021 2662 3127 2726; x_wconf 91' lang='lat' dir='ltr'><strong>his,</strong></span> 
     </span>
    </p>
   </div>
   <div class='ocr_carea' id='block_1_112' title="bbox 2187 2731 3492 2802">
    <p class='ocr_par' dir='ltr' id='par_1_112' title="bbox 2187 2731 3492 2802">
     <span class='ocr_line' id='line_1_116' title="bbox 2187 2731 3492 2802; baseline -0.001 -17"><span class='ocrx_word' id='word_1_629' title='bbox 2187 2740 2245 2785; x_wconf 89' lang='lat' dir='ltr'><strong>et</strong></span> <span class='ocrx_word' id='word_1_630' title='bbox 2272 2731 2510 2788; x_wconf 83' lang='lat' dir='ltr'><strong>visiones</strong></span> <span class='ocrx_word' id='word_1_631' title='bbox 2534 2734 2727 2802; x_wconf 74' lang='lat' dir='ltr'><strong>capitis</strong></span> <span class='ocrx_word' id='word_1_632' title='bbox 2756 2738 2857 2789; x_wconf 88' lang='lat' dir='ltr'><strong>mei</strong></span> <span class='ocrx_word' id='word_1_633' title='bbox 2888 2733 3362 2789; x_wconf 86' lang='lat' dir='ltr'><strong>conturbaverunt</strong></span> <span class='ocrx_word' id='word_1_634' title='bbox 3386 2744 3492 2786; x_wconf 88' lang='lat' dir='ltr'><strong>me.</strong></span> 
     </span>
    </p>
   </div>
   <div class='ocr_carea' id='block_1_113' title="bbox 2118 2802 3149 2871">
    <p class='ocr_par' dir='ltr' id='par_1_113' title="bbox 2118 2802 3149 2871">
     <span class='ocr_line' id='line_1_117' title="bbox 2118 2802 3149 2871; baseline 0.003 -16"><span class='ocrx_word' id='word_1_635' title='bbox 2118 2802 2339 2858; x_wconf 81' lang='lat' dir='ltr'><strong>Accessi</strong></span> <span class='ocrx_word' id='word_1_636' title='bbox 2365 2804 2429 2860; x_wconf 87' lang='lat' dir='ltr'><strong>ad</strong></span> <span class='ocrx_word' id='word_1_637' title='bbox 2462 2822 2625 2860; x_wconf 90' lang='lat' dir='ltr'><strong>unum</strong></span> <span class='ocrx_word' id='word_1_638' title='bbox 2649 2805 2717 2862; x_wconf 90' lang='lat' dir='ltr'><strong>de</strong></span> <span class='ocrx_word' id='word_1_639' title='bbox 2745 2806 3149 2871; x_wconf 72' lang='lat' dir='ltr'><strong>aSsistentibns,</strong></span> 
     </span>
    </p>
   </div>
   <div class='ocr_carea' id='block_1_114' title="bbox 2189 2872 3606 2948">
    <p class='ocr_par' dir='ltr' id='par_1_114' title="bbox 2189 2872 3606 2948">
     <span class='ocr_line' id='line_1_118' title="bbox 2189 2872 3606 2948; baseline -0.002 -19"><span class='ocrx_word' id='word_1_640' title='bbox 2189 2883 2243 2929; x_wconf 90' lang='lat' dir='ltr'><strong>et</strong></span> <span class='ocrx_word' id='word_1_641' title='bbox 2268 2876 2554 2931; x_wconf 87' lang='lat' dir='ltr'><strong>veritatem</strong></span> <span class='ocrx_word' id='word_1_642' title='bbox 2584 2878 2891 2948; x_wconf 78' lang='lat' dir='ltr'><strong>quaerebam</strong></span> <span class='ocrx_word' id='word_1_643' title='bbox 2923 2877 2993 2933; x_wconf 88' lang='lat' dir='ltr'><strong>ab</strong></span> <span class='ocrx_word' id='word_1_644' title='bbox 3023 2891 3092 2934; x_wconf 88' lang='lat' dir='ltr'><strong>eo</strong></span> <span class='ocrx_word' id='word_1_645' title='bbox 3131 2875 3200 2931; x_wconf 88' lang='lat' dir='ltr'><strong>de</strong></span> <span class='ocrx_word' id='word_1_646' title='bbox 3225 2872 3479 2929; x_wconf 87' lang='lat' dir='ltr'><strong>omnibus</strong></span> <span class='ocrx_word' id='word_1_647' title='bbox 3504 2872 3606 2927; x_wconf 80' lang='lat' dir='ltr'><strong>bis.</strong></span> 
     </span>
    </p>
   </div>
   <div class='ocr_carea' id='block_1_115' title="bbox 2116 2944 3445 3021">
    <p class='ocr_par' dir='ltr' id='par_1_115' title="bbox 2116 2944 3445 3021">
     <span class='ocr_line' id='line_1_119' title="bbox 2116 2944 3445 3021; baseline 0.002 -20"><span class='ocrx_word' id='word_1_648' title='bbox 2116 2944 2214 3015; x_wconf 82' lang='lat' dir='ltr'><strong>Qui</strong></span> <span class='ocrx_word' id='word_1_649' title='bbox 2248 2947 2384 3002; x_wconf 79' lang='lat' dir='ltr'><strong>dixit</strong></span> <span class='ocrx_word' id='word_1_650' title='bbox 2408 2948 2537 3005; x_wconf 89' lang='lat' dir='ltr'><strong>mihi</strong></span> <span class='ocrx_word' id='word_1_651' title='bbox 2568 2944 3075 3021; x_wconf 84' lang='lat' dir='ltr'><strong>interpretationem</strong></span> <span class='ocrx_word' id='word_1_652' title='bbox 3103 2961 3445 3016; x_wconf 83' lang='lat' dir='ltr'><strong>sermonum,</strong></span> 
     </span>
    </p>
   </div>
   <div class='ocr_carea' id='block_1_116' title="bbox 2184 3021 2637 3077">
    <p class='ocr_par' dir='ltr' id='par_1_116' title="bbox 2184 3021 2637 3077">
     <span class='ocr_line' id='line_1_120' title="bbox 2184 3021 2637 3077; baseline 0.002 -3"><span class='ocrx_word' id='word_1_653' title='bbox 2184 3029 2241 3074; x_wconf 92' lang='lat' dir='ltr'><strong>et</strong></span> <span class='ocrx_word' id='word_1_654' title='bbox 2280 3021 2463 3076; x_wconf 85' lang='lat' dir='ltr'><strong>docuit</strong></span> <span class='ocrx_word' id='word_1_655' title='bbox 2509 3038 2637 3077; x_wconf 89' lang='lat' dir='ltr'><strong>me:</strong></span> 
     </span>
    </p>
   </div>
   <div class='ocr_carea' id='block_1_117' title="bbox 2116 3088 3002 3165">
    <p class='ocr_par' dir='ltr' id='par_1_117' title="bbox 2116 3088 3002 3165">
     <span class='ocr_line' id='line_1_121' title="bbox 2116 3088 3002 3165; baseline 0.005 -21"><span class='ocrx_word' id='word_1_656' title='bbox 2116 3088 2211 3145; x_wconf 71' lang='lat' dir='ltr'><strong>Ha:</strong></span> <span class='ocrx_word' id='word_1_657' title='bbox 2239 3090 2427 3146; x_wconf 73' lang='lat' dir='ltr'><strong>bestia:</strong></span> <span class='ocrx_word' id='word_1_658' title='bbox 2460 3102 2484 3131; x_wconf 71' lang='grc'><em>³</em></span> <span class='ocrx_word' id='word_1_659' title='bbox 2515 3109 2726 3165; x_wconf 79' lang='lat' dir='ltr'><strong>magnae</strong></span> <span class='ocrx_word' id='word_1_660' title='bbox 2753 3101 3002 3163; x_wconf 80' lang='lat' dir='ltr'><strong>quatuor,</strong></span> 
     </span>
    </p>
   </div>
   <div class='ocr_carea' id='block_1_118' title="bbox 2188 3164 3277 3237">
    <p class='ocr_par' dir='ltr' id='par_1_118' title="bbox 2188 3164 3277 3237">
     <span class='ocr_line' id='line_1_122' title="bbox 2188 3164 3277 3237; baseline -0.002 -18"><span class='ocrx_word' id='word_1_661' title='bbox 2188 3173 2422 3237; x_wconf 79' lang='lat' dir='ltr'><strong>quatuor</strong></span> <span class='ocrx_word' id='word_1_662' title='bbox 2449 3164 2971 3237; x_wconf 17' lang='lat' dir='ltr'><strong>regnaicmisurgcnt</strong></span> <span class='ocrx_word' id='word_1_663' title='bbox 2997 3164 3069 3220; x_wconf 87' lang='lat' dir='ltr'><strong>de</strong></span> <span class='ocrx_word' id='word_1_664' title='bbox 3112 3172 3277 3237; x_wconf 78' lang='lat' dir='ltr'><strong>terra.</strong></span> 
     </span>
    </p>
   </div>
   <div class='ocr_carea' id='block_1_119' title="bbox 2038 3229 3531 3308">
    <p class='ocr_par' dir='ltr' id='par_1_119' title="bbox 2038 3229 3531 3308">
     <span class='ocr_line' id='line_1_123' title="bbox 2038 3229 3531 3308; baseline -0.007 -13"><span class='ocrx_word' id='word_1_665' title='bbox 2038 3229 2087 3295; x_wconf 89' lang='lat' dir='ltr'><strong><em>C</em></strong></span> <span class='ocrx_word' id='word_1_666' title='bbox 2117 3229 2423 3306; x_wconf 81' lang='lat' dir='ltr'><strong>Suscipient</strong></span> <span class='ocrx_word' id='word_1_667' title='bbox 2450 3229 2629 3294; x_wconf 65' lang='lat' dir='ltr'><strong>autem</strong></span> <span class='ocrx_word' id='word_1_668' title='bbox 2664 3229 2891 3308; x_wconf 73' lang='lat' dir='ltr'><strong>regnum</strong></span> <span class='ocrx_word' id='word_1_669' title='bbox 2920 3237 3091 3293; x_wconf 82' lang='lat' dir='ltr'><strong>sancti</strong></span> <span class='ocrx_word' id='word_1_670' title='bbox 3126 3235 3223 3290; x_wconf 86' lang='lat' dir='ltr'><strong>Dei</strong></span> <span class='ocrx_word' id='word_1_671' title='bbox 3260 3231 3531 3308; x_wconf 80' lang='lat' dir='ltr'><strong>altissimi,</strong></span> 
     </span>
    </p>
   </div>
   <div class='ocr_carea' id='block_1_120' title="bbox 2186 3306 3703 3382">
    <p class='ocr_par' dir='ltr' id='par_1_120' title="bbox 2186 3306 3703 3382">
     <span class='ocr_line' id='line_1_124' title="bbox 2186 3306 3703 3382; baseline -0.001 -21"><span class='ocrx_word' id='word_1_672' title='bbox 2186 3315 2241 3361; x_wconf 88' lang='lat' dir='ltr'><strong>et</strong></span> <span class='ocrx_word' id='word_1_673' title='bbox 2257 3308 2593 3382; x_wconf 80' lang='lat' dir='ltr'><strong>obtinebunt</strong></span> <span class='ocrx_word' id='word_1_674' title='bbox 2613 3306 2837 3382; x_wconf 73' lang='lat' dir='ltr'><strong>regnum</strong></span> <span class='ocrx_word' id='word_1_675' title='bbox 2861 3324 3033 3381; x_wconf 78' lang='lat' dir='ltr'><strong>usque</strong></span> <span class='ocrx_word' id='word_1_676' title='bbox 3058 3308 3114 3363; x_wconf 90' lang='lat' dir='ltr'><strong>in</strong></span> <span class='ocrx_word' id='word_1_677' title='bbox 3131 3306 3416 3373; x_wconf 67' lang='lat' dir='ltr'><strong>sarculum,</strong></span> <span class='ocrx_word' id='word_1_678' title='bbox 3449 3311 3505 3359; x_wconf 91' lang='lat' dir='ltr'><strong>et</strong></span> <span class='ocrx_word' id='word_1_679' title='bbox 3532 3317 3703 3360; x_wconf 70' lang='lat' dir='ltr'><strong>saecu-</strong></span> 
     </span>
    </p>
   </div>
   <div class='ocr_carea' id='block_1_121' title="bbox 2255 3380 2742 3438">
    <p class='ocr_par' dir='ltr' id='par_1_121' title="bbox 2255 3380 2742 3438">
     <span class='ocr_line' id='line_1_125' title="bbox 2255 3380 2742 3438; baseline 0.008 -5"><span class='ocrx_word' id='word_1_680' title='bbox 2255 3380 2367 3435; x_wconf 91' lang='lat' dir='ltr'><strong>lum</strong></span> <span class='ocrx_word' id='word_1_681' title='bbox 2398 3380 2742 3438; x_wconf 64' lang='lat' dir='ltr'><strong>saeculorum.</strong></span> 
     </span>
    </p>
   </div>
   <div class='ocr_carea' id='block_1_122' title="bbox 2111 3448 3668 3528">
    <p class='ocr_par' dir='ltr' id='par_1_122' title="bbox 2111 3448 3668 3528">
     <span class='ocr_line' id='line_1_126' title="bbox 2111 3448 3668 3528; baseline 0.011 -24"><span class='ocrx_word' id='word_1_682' title='bbox 2111 3448 2241 3504; x_wconf 70' lang='lat' dir='ltr'><strong>Post</strong></span> <span class='ocrx_word' id='word_1_683' title='bbox 2275 3449 2376 3506; x_wconf 91' lang='lat' dir='ltr'><strong>hoc</strong></span> <span class='ocrx_word' id='word_1_684' title='bbox 2404 3454 2547 3528; x_wconf 87' lang='lat' dir='ltr'><strong>volui</strong></span> <span class='ocrx_word' id='word_1_685' title='bbox 2580 3453 2871 3528; x_wconf 78' lang='lat' dir='ltr'><strong>diligenter</strong></span> <span class='ocrx_word' id='word_1_686' title='bbox 2889 3523 2900 3528; x_wconf 94' lang='lat'>_</span> <span class='ocrx_word' id='word_1_687' title='bbox 2918 3453 3128 3528; x_wconf 81' lang='lat' dir='ltr'><strong>discere</strong></span> <span class='ocrx_word' id='word_1_688' title='bbox 3155 3450 3224 3528; x_wconf 79' lang='lat' dir='ltr'><strong>de</strong></span> <span class='ocrx_word' id='word_1_689' title='bbox 3253 3448 3425 3505; x_wconf 65' lang='grc' dir='ltr'><strong>1)(ξειί³</strong></span> <span class='ocrx_word' id='word_1_690' title='bbox 3451 3456 3668 3528; x_wconf 64' lang='grc' dir='ltr'><strong>(Ιυτιΐ,¹ἱ³,ε</strong></span> 
     </span>
    </p>
   </div>
   <div class='ocr_carea' id='block_1_123' title="bbox 2182 3518 3702 3593">
    <p class='ocr_par' dir='ltr' id='par_1_123' title="bbox 2182 3518 3702 3593">
     <span class='ocr_line' id='line_1_127' title="bbox 2182 3518 3702 3593; baseline 0.001 -19"><span class='ocrx_word' id='word_1_691' title='bbox 2182 3538 2300 3593; x_wconf 73' lang='lat' dir='ltr'><strong>qute</strong></span> <span class='ocrx_word' id='word_1_692' title='bbox 2327 3533 2448 3581; x_wconf 84' lang='lat' dir='ltr'><strong>erat</strong></span> <span class='ocrx_word' id='word_1_693' title='bbox 2475 3518 2757 3581; x_wconf 71' lang='lat' dir='ltr'><strong>dissimilis</strong></span> <span class='ocrx_word' id='word_1_694' title='bbox 2780 3523 2938 3581; x_wconf 74' lang='lat' dir='ltr'><strong>valde</strong></span> <span class='ocrx_word' id='word_1_695' title='bbox 2961 3524 3032 3580; x_wconf 86' lang='lat' dir='ltr'><strong>ab</strong></span> <span class='ocrx_word' id='word_1_696' title='bbox 3051 3523 3327 3593; x_wconf 90' lang='lat' dir='ltr'><strong>omnibus,</strong></span> <span class='ocrx_word' id='word_1_697' title='bbox 3358 3529 3413 3576; x_wconf 90' lang='lat' dir='ltr'><strong>et</strong></span> <span class='ocrx_word' id='word_1_698' title='bbox 3442 3518 3702 3575; x_wconf 84' lang='lat' dir='ltr'><strong>terribilis</strong></span> 
     </span>
    </p>
   </div>
   <div class='ocr_carea' id='block_1_124' title="bbox 2252 3608 2437 3663">
    <p class='ocr_par' dir='ltr' id='par_1_124' title="bbox 2252 3608 2437 3663">
     <span class='ocr_line' id='line_1_128' title="bbox 2252 3608 2437 3663; baseline 0.016 -16"><span class='ocrx_word' id='word_1_699' title='bbox 2252 3608 2437 3663; x_wconf 89' lang='lat' dir='ltr'><strong>nimis,</strong></span> 
     </span>
    </p>
   </div>
   <div class='ocr_carea' id='block_1_125' title="bbox 2180 3666 3090 3740">
    <p class='ocr_par' dir='ltr' id='par_1_125' title="bbox 2180 3666 3090 3740">
     <span class='ocr_line' id='line_1_129' title="bbox 2180 3666 3090 3740; baseline 0.003 -20"><span class='ocrx_word' id='word_1_700' title='bbox 2180 3666 2373 3740; x_wconf 82' lang='lat' dir='ltr'><strong>dentes</strong></span> <span class='ocrx_word' id='word_1_701' title='bbox 2402 3680 2451 3722; x_wconf 88' lang='lat' dir='ltr'><strong>et</strong></span> <span class='ocrx_word' id='word_1_702' title='bbox 2486 3684 2693 3740; x_wconf 78' lang='lat' dir='ltr'><strong>ungues</strong></span> <span class='ocrx_word' id='word_1_703' title='bbox 2729 3668 2846 3738; x_wconf 88' lang='lat' dir='ltr'><strong>ejus</strong></span> <span class='ocrx_word' id='word_1_704' title='bbox 2878 3667 3040 3723; x_wconf 82' lang='lat' dir='ltr'><strong>ferrei</strong></span> <span class='ocrx_word' id='word_1_705' title='bbox 3076 3685 3090 3723; x_wconf 95' lang='lat'><strong>:</strong></span> 
     </span>
    </p>
   </div>
   <div class='ocr_carea' id='block_1_126' title="bbox 2107 3736 2991 3809">
    <p class='ocr_par' dir='ltr' id='par_1_126' title="bbox 2107 3736 2991 3809">
     <span class='ocr_line' id='line_1_130' title="bbox 2107 3736 2991 3809; baseline 0.001 -17"><span class='ocrx_word' id='word_1_706' title='bbox 2107 3736 2462 3803; x_wconf 82' lang='lat' dir='ltr'><strong>Comedebat,</strong></span> <span class='ocrx_word' id='word_1_707' title='bbox 2492 3751 2545 3795; x_wconf 87' lang='lat' dir='ltr'><strong>et</strong></span> <span class='ocrx_word' id='word_1_708' title='bbox 2567 3736 2991 3809; x_wconf 71' lang='lat' dir='ltr'><strong>ceiiiininttebat,</strong></span> 
     </span>
    </p>
   </div>
   <div class='ocr_carea' id='block_1_127' title="bbox 2178 3809 3341 3882">
    <p class='ocr_par' dir='ltr' id='par_1_127' title="bbox 2178 3809 3341 3882">
     <span class='ocr_line' id='line_1_131' title="bbox 2178 3809 3341 3882; baseline -0.002 -17"><span class='ocrx_word' id='word_1_709' title='bbox 2178 3820 2233 3865; x_wconf 83' lang='lat' dir='ltr'><strong>et</strong></span> <span class='ocrx_word' id='word_1_710' title='bbox 2260 3811 2514 3882; x_wconf 81' lang='lat' dir='ltr'><strong>reliquias</strong></span> <span class='ocrx_word' id='word_1_711' title='bbox 2542 3814 2766 3882; x_wconf 82' lang='lat' dir='ltr'><strong>pedibus</strong></span> <span class='ocrx_word' id='word_1_712' title='bbox 2800 3815 2912 3867; x_wconf 78' lang='lat' dir='ltr'><strong>suis</strong></span> <span class='ocrx_word' id='word_1_713' title='bbox 2944 3809 3299 3882; x_wconf 85' lang='lat' dir='ltr'><strong>conculcabat</strong></span> <span class='ocrx_word' id='word_1_714' title='bbox 3326 3828 3341 3863; x_wconf 90' lang='lat'><strong>:</strong></span> 
     </span>
    </p>
   </div>
   <div class='ocr_carea' id='block_1_128' title="bbox 2178 3878 3589 3951">
    <p class='ocr_par' dir='ltr' id='par_1_128' title="bbox 2178 3878 3589 3951">
     <span class='ocr_line' id='line_1_132' title="bbox 2178 3878 3589 3951; baseline -0.001 -16"><span class='ocrx_word' id='word_1_715' title='bbox 2178 3891 2236 3937; x_wconf 87' lang='lat' dir='ltr'><strong>et</strong></span> <span class='ocrx_word' id='word_1_716' title='bbox 2258 3881 2326 3936; x_wconf 90' lang='lat' dir='ltr'><strong>de</strong></span> <span class='ocrx_word' id='word_1_717' title='bbox 2357 3878 2617 3939; x_wconf 76' lang='lat' dir='ltr'><strong>cornibus</strong></span> <span class='ocrx_word' id='word_1_718' title='bbox 2637 3884 2846 3949; x_wconf 90' lang='lat' dir='ltr'><strong>decem,</strong></span> <span class='ocrx_word' id='word_1_719' title='bbox 2873 3898 2994 3948; x_wconf 64' lang='lat' dir='ltr'><strong>qua:</strong></span> <span class='ocrx_word' id='word_1_720' title='bbox 3026 3882 3259 3938; x_wconf 80' lang='lat' dir='ltr'><strong>habebat</strong></span> <span class='ocrx_word' id='word_1_721' title='bbox 3288 3880 3343 3936; x_wconf 90' lang='lat' dir='ltr'><strong>in</strong></span> <span class='ocrx_word' id='word_1_722' title='bbox 3365 3878 3546 3951; x_wconf 87' lang='lat' dir='ltr'><strong>capite</strong></span> <span class='ocrx_word' id='word_1_723' title='bbox 3575 3895 3589 3933; x_wconf 91' lang='lat'><strong>:</strong></span> 
     </span>
    </p>
   </div>
   <div class='ocr_carea' id='block_1_129' title="bbox 2176 3953 3081 4026">
    <p class='ocr_par' dir='ltr' id='par_1_129' title="bbox 2176 3953 3081 4026">
     <span class='ocr_line' id='line_1_133' title="bbox 2176 3953 3081 4026; baseline 0.002 -19"><span class='ocrx_word' id='word_1_724' title='bbox 2176 3963 2228 4007; x_wconf 90' lang='lat' dir='ltr'><strong>ct</strong></span> <span class='ocrx_word' id='word_1_725' title='bbox 2253 3953 2319 4008; x_wconf 89' lang='lat' dir='ltr'><strong>dc</strong></span> <span class='ocrx_word' id='word_1_726' title='bbox 2344 3955 2475 4023; x_wconf 87' lang='lat' dir='ltr'><strong>alio,</strong></span> <span class='ocrx_word' id='word_1_727' title='bbox 2507 3956 2647 4026; x_wconf 86' lang='lat' dir='ltr'><strong>quod</strong></span> <span class='ocrx_word' id='word_1_728' title='bbox 2681 3966 2857 4010; x_wconf 90' lang='lat' dir='ltr'><strong>ortum</strong></span> <span class='ocrx_word' id='word_1_729' title='bbox 2882 3954 3081 4020; x_wconf 78' lang='lat' dir='ltr'><strong>fuerat,</strong></span> 
     </span>
    </p>
   </div>
   <div class='ocr_carea' id='block_1_130' title="bbox 2173 4027 3229 4097">
    <p class='ocr_par' dir='ltr' id='par_1_130' title="bbox 2173 4027 3229 4097">
     <span class='ocr_line' id='line_1_134' title="bbox 2173 4027 3229 4097; baseline 0.001 -19"><span class='ocrx_word' id='word_1_730' title='bbox 2173 4036 2298 4080; x_wconf 90' lang='lat' dir='ltr'><strong>ante</strong></span> <span class='ocrx_word' id='word_1_731' title='bbox 2330 4030 2471 4097; x_wconf 91' lang='lat' dir='ltr'><strong>quod</strong></span> <span class='ocrx_word' id='word_1_732' title='bbox 2522 4027 2831 4083; x_wconf 89' lang='lat' dir='ltr'><strong>ceciderant</strong></span> <span class='ocrx_word' id='word_1_733' title='bbox 2856 4029 2955 4081; x_wconf 85' lang='lat' dir='ltr'><strong>tria</strong></span> <span class='ocrx_word' id='word_1_734' title='bbox 2980 4041 3183 4082; x_wconf 85' lang='lat' dir='ltr'><strong>cornua</strong></span> <span class='ocrx_word' id='word_1_735' title='bbox 3215 4042 3229 4079; x_wconf 89' lang='lat'><strong>:</strong></span> 
     </span>
    </p>
   </div>
   <div class='ocr_carea' id='block_1_131' title="bbox 2104 4095 3489 4174">
    <p class='ocr_par' dir='ltr' id='par_1_131' title="bbox 2104 4095 3489 4174">
     <span class='ocr_line' id='line_1_135' title="bbox 2104 4095 3489 4174; baseline 0.001 -23"><span class='ocrx_word' id='word_1_736' title='bbox 2104 4095 2167 4151; x_wconf 83' lang='lat' dir='ltr'><strong>Et</strong></span> <span class='ocrx_word' id='word_1_737' title='bbox 2193 4097 2260 4153; x_wconf 91' lang='lat' dir='ltr'><strong>de</strong></span> <span class='ocrx_word' id='word_1_738' title='bbox 2291 4095 2463 4174; x_wconf 75' lang='lat' dir='ltr'><strong>cornu</strong></span> <span class='ocrx_word' id='word_1_739' title='bbox 2495 4099 2587 4155; x_wconf 92' lang='lat' dir='ltr'><strong>illo</strong></span> <span class='ocrx_word' id='word_1_740' title='bbox 2626 4098 2767 4174; x_wconf 83' lang='lat' dir='ltr'><strong>quod</strong></span> <span class='ocrx_word' id='word_1_741' title='bbox 2801 4099 3268 4174; x_wconf 85' lang='lat' dir='ltr'><strong>habebat_oculos,</strong></span> <span class='ocrx_word' id='word_1_742' title='bbox 3480 4165 3489 4174; x_wconf 39' lang='lat'><strong><em>.</em></strong></span> 
     </span>
    </p>
   </div>
   <div class='ocr_carea' id='block_1_132' title="bbox 2172 4170 3547 4243">
    <p class='ocr_par' dir='ltr' id='par_1_132' title="bbox 2172 4170 3547 4243">
     <span class='ocr_line' id='line_1_136' title="bbox 2172 4170 3547 4243; baseline -0.005 -18"><span class='ocrx_word' id='word_1_743' title='bbox 2172 4181 2225 4225; x_wconf 87' lang='lat' dir='ltr'><strong>et</strong></span> <span class='ocrx_word' id='word_1_744' title='bbox 2247 4186 2309 4226; x_wconf 90' lang='lat' dir='ltr'><strong>os</strong></span> <span class='ocrx_word' id='word_1_745' title='bbox 2335 4171 2561 4243; x_wconf 91' lang='lat' dir='ltr'><strong>loquens</strong></span> <span class='ocrx_word' id='word_1_746' title='bbox 2583 4170 2830 4243; x_wconf 87' lang='lat' dir='ltr'><strong>grandia,</strong></span> <span class='ocrx_word' id='word_1_747' title='bbox 2863 4180 2917 4227; x_wconf 90' lang='lat' dir='ltr'><strong>et</strong></span> <span class='ocrx_word' id='word_1_748' title='bbox 2947 4170 3124 4241; x_wconf 89' lang='lat' dir='ltr'><strong>majus</strong></span> <span class='ocrx_word' id='word_1_749' title='bbox 3162 4176 3279 4223; x_wconf 91' lang='lat' dir='ltr'><strong>erat</strong></span> <span class='ocrx_word' id='word_1_750' title='bbox 3308 4170 3547 4222; x_wconf 67' lang='lat' dir='ltr'><strong>cmteris.</strong></span> 
     </span>
    </p>
   </div>
   <div class='ocr_carea' id='block_1_133' title="bbox 2099 4242 2471 4309">
    <p class='ocr_par' dir='ltr' id='par_1_133' title="bbox 2099 4242 2471 4309">
     <span class='ocr_line' id='line_1_137' title="bbox 2099 4242 2471 4309; baseline -0.003 -12"><span class='ocrx_word' id='word_1_751' title='bbox 2099 4242 2471 4309; x_wconf 24' lang='lat' dir='ltr'><strong>ASpiciebat’n,</strong></span> 
     </span>
    </p>
   </div>
   <div class='ocr_carea' id='block_1_134' title="bbox 2169 4309 3682 4371">
    <p class='ocr_par' dir='ltr' id='par_1_134' title="bbox 2169 4309 3682 4371">
     <span class='ocr_line' id='line_1_138' title="bbox 2169 4309 3682 4371; baseline -0.003 -2"><span class='ocrx_word' id='word_1_752' title='bbox 2169 4326 2224 4369; x_wconf 91' lang='lat' dir='ltr'><strong>et</strong></span> <span class='ocrx_word' id='word_1_753' title='bbox 2243 4330 2371 4371; x_wconf 89' lang='lat' dir='ltr'><strong>ecce</strong></span> <span class='ocrx_word' id='word_1_754' title='bbox 2391 4331 2561 4371; x_wconf 91' lang='lat' dir='ltr'><strong>cornu</strong></span> <span class='ocrx_word' id='word_1_755' title='bbox 2588 4315 2719 4371; x_wconf 89' lang='lat' dir='ltr'><strong>illud</strong></span> <span class='ocrx_word' id='word_1_756' title='bbox 2743 4314 2973 4370; x_wconf 82' lang='lat' dir='ltr'><strong>faciebat</strong></span> <span class='ocrx_word' id='word_1_757' title='bbox 3001 4312 3200 4368; x_wconf 86' lang='lat' dir='ltr'><strong>bellum</strong></span> <span class='ocrx_word' id='word_1_758' title='bbox 3247 4309 3509 4366; x_wconf 86' lang='lat' dir='ltr'><strong>adversus</strong></span> <span class='ocrx_word' id='word_1_759' title='bbox 3558 4323 3682 4364; x_wconf 88' lang='lat' dir='ltr'><strong>san-</strong></span> 
     </span>
    </p>
   </div>
   <div class='ocr_carea' id='block_1_135' title="bbox 2138 4396 2381 4456">
    <p class='ocr_par' dir='ltr' id='par_1_135' title="bbox 2138 4396 2381 4456">
     <span class='ocr_line' id='line_1_139' title="bbox 2138 4396 2381 4456; baseline 0 -13"><span class='ocrx_word' id='word_1_760' title='bbox 2138 4436 2145 4443; x_wconf 73' lang='grc'>,</span> <span class='ocrx_word' id='word_1_761' title='bbox 2242 4396 2381 4456; x_wconf 88' lang='lat' dir='ltr'><strong>ctos,</strong></span> 
     </span>
    </p>
   </div>
   <div class='ocr_carea' id='block_1_136' title="bbox 2168 4460 3509 4534">
    <p class='ocr_par' dir='ltr' id='par_1_136' title="bbox 2168 4460 3509 4534">
     <span class='ocr_line' id='line_1_140' title="bbox 2168 4460 3509 4534; baseline 0.01 -23"><span class='ocrx_word' id='word_1_762' title='bbox 2168 4468 2221 4511; x_wconf 89' lang='lat' dir='ltr'><strong>et</strong></span> <span class='ocrx_word' id='word_1_763' title='bbox 2247 4461 2577 4534; x_wconf 61' lang='lat' dir='ltr'><strong>praevalebat</strong></span> <span class='ocrx_word' id='word_1_764' title='bbox 2603 4460 2704 4524; x_wconf 89' lang='lat' dir='ltr'><strong>eis,</strong></span> <span class='ocrx_word' id='word_1_765' title='bbox 2766 4529 2796 4534; x_wconf 87' lang='lat'><strong>__</strong></span> <span class='ocrx_word' id='word_1_766' title='bbox 3104 4528 3115 4534; x_wconf 28' lang='grc' dir='ltr'><strong>Α</strong></span> <span class='ocrx_word' id='word_1_767' title='bbox 3403 4522 3418 4534; x_wconf 78' lang='grc'><em>,</em></span> <span class='ocrx_word' id='word_1_768' title='bbox 3474 4522 3509 4534; x_wconf 78' lang='grc'><strong>,,</strong></span> 
     </span>
    </p>
   </div>
   <div class='ocr_carea' id='block_1_137' title="bbox 2098 4522 3695 4602">
    <p class='ocr_par' dir='ltr' id='par_1_137' title="bbox 2098 4522 3695 4602">
     <span class='ocr_line' id='line_1_141' title="bbox 2098 4522 3695 4602; baseline -0.004 -18"><span class='ocrx_word' id='word_1_769' title='bbox 2098 4522 2279 4586; x_wconf 79' lang='lat' dir='ltr'><strong>Donec</strong></span> <span class='ocrx_word' id='word_1_770' title='bbox 2304 4534 2450 4587; x_wconf 83' lang='lat' dir='ltr'><strong>venit</strong></span> <span class='ocrx_word' id='word_1_771' title='bbox 2471 4522 2725 4602; x_wconf 85' lang='lat' dir='ltr'><strong>antiquus</strong></span> <span class='ocrx_word' id='word_1_772' title='bbox 2746 4529 2982 4599; x_wconf 84' lang='lat' dir='ltr'><strong>dierum,</strong></span> <span class='ocrx_word' id='word_1_773' title='bbox 3018 4536 3073 4584; x_wconf 87' lang='lat' dir='ltr'><strong>et</strong></span> <span class='ocrx_word' id='word_1_774' title='bbox 3096 4525 3362 4598; x_wconf 89' lang='lat' dir='ltr'><strong>judicium</strong></span> <span class='ocrx_word' id='word_1_775' title='bbox 3386 4522 3538 4580; x_wconf 88' lang='lat' dir='ltr'><strong>dedit</strong></span> <span class='ocrx_word' id='word_1_776' title='bbox 3567 4538 3695 4581; x_wconf 85' lang='lat' dir='ltr'><strong>san-</strong></span> 
     </span>
    </p>
   </div>
   <div class='ocr_carea' id='block_1_138' title="bbox 2242 4603 3475 4667">
    <p class='ocr_par' dir='ltr' id='par_1_138' title="bbox 2242 4603 3475 4667">
     <span class='ocr_line' id='line_1_142' title="bbox 2242 4603 3475 4667; baseline -0.002 -11"><span class='ocrx_word' id='word_1_777' title='bbox 2242 4604 2344 4657; x_wconf 91' lang='lat' dir='ltr'><strong>etis</strong></span> <span class='ocrx_word' id='word_1_778' title='bbox 2376 4603 2612 4667; x_wconf 81' lang='lat' dir='ltr'><strong>Excelsi,</strong></span> <span class='ocrx_word' id='word_1_779' title='bbox 3458 4649 3475 4653; x_wconf 85' lang='lat'><strong>-</strong></span> 
     </span>
    </p>
   </div>
   <div class='ocr_carea' id='block_1_139' title="bbox 2171 4668 3695 4750">
    <p class='ocr_par' dir='ltr' id='par_1_139' title="bbox 2171 4668 3695 4750">
     <span class='ocr_line' id='line_1_143' title="bbox 2171 4668 3695 4750; baseline -0.003 -23"><span class='ocrx_word' id='word_1_780' title='bbox 2171 4682 2238 4750; x_wconf 76' lang='lat' dir='ltr'><strong>et</strong></span> <span class='ocrx_word' id='word_1_781' title='bbox 2256 4684 2479 4750; x_wconf 70' lang='lat' dir='ltr'><strong>tempus</strong></span> <span class='ocrx_word' id='word_1_782' title='bbox 2490 4673 2736 4750; x_wconf 83' lang='lat' dir='ltr'><strong>advenit,</strong></span> <span class='ocrx_word' id='word_1_783' title='bbox 2760 4681 2817 4729; x_wconf 88' lang='lat' dir='ltr'><strong>et</strong></span> <span class='ocrx_word' id='word_1_784' title='bbox 2845 4686 3070 4744; x_wconf 81' lang='lat' dir='ltr'><strong>regnum</strong></span> <span class='ocrx_word' id='word_1_785' title='bbox 3103 4670 3452 4727; x_wconf 88' lang='lat' dir='ltr'><strong>obtinuerunt</strong></span> <span class='ocrx_word' id='word_1_786' title='bbox 3495 4668 3695 4750; x_wconf 75' lang='lat' dir='ltr'><strong>sancti.</strong></span> 
     </span>
    </p>
   </div>
   <div class='ocr_carea' id='block_1_140' title="bbox 2100 4741 3698 4817">
    <p class='ocr_par' dir='ltr' id='par_1_140' title="bbox 2100 4741 3698 4817">
     <span class='ocr_line' id='line_1_144' title="bbox 2100 4741 3698 4817; baseline -0.001 -17"><span class='ocrx_word' id='word_1_787' title='bbox 2100 4743 2169 4800; x_wconf 89' lang='lat' dir='ltr'><strong>Et</strong></span> <span class='ocrx_word' id='word_1_788' title='bbox 2195 4744 2275 4801; x_wconf 90' lang='lat' dir='ltr'><strong>sic</strong></span> <span class='ocrx_word' id='word_1_789' title='bbox 2304 4741 2385 4802; x_wconf 76' lang='lat' dir='ltr'><strong>ait</strong></span> <span class='ocrx_word' id='word_1_790' title='bbox 2404 4766 2415 4802; x_wconf 92' lang='lat'><strong>:</strong></span> <span class='ocrx_word' id='word_1_791' title='bbox 2450 4746 2631 4803; x_wconf 90' lang='lat' dir='ltr'><strong>Bestia</strong></span> <span class='ocrx_word' id='word_1_792' title='bbox 2661 4753 2879 4817; x_wconf 90' lang='lat' dir='ltr'><strong>quarta,</strong></span> <span class='ocrx_word' id='word_1_793' title='bbox 2913 4741 3145 4816; x_wconf 78' lang='lat' dir='ltr'><strong>regnum</strong></span> <span class='ocrx_word' id='word_1_794' title='bbox 3173 4752 3428 4814; x_wconf 88' lang='lat' dir='ltr'><strong>quartum</strong></span> <span class='ocrx_word' id='word_1_795' title='bbox 3483 4741 3590 4797; x_wconf 85' lang='lat' dir='ltr'><strong>erit</strong></span> <span class='ocrx_word' id='word_1_796' title='bbox 3642 4742 3698 4798; x_wconf 85' lang='lat' dir='ltr'><strong>in</strong></span> 
     </span>
    </p>
   </div>
   <div class='ocr_carea' id='block_1_141' title="bbox 2246 4827 2413 4887">
    <p class='ocr_par' dir='ltr' id='par_1_141' title="bbox 2246 4827 2413 4887">
     <span class='ocr_line' id='line_1_145' title="bbox 2246 4827 2413 4887; baseline 0.012 -15"><span class='ocrx_word' id='word_1_797' title='bbox 2246 4827 2413 4887; x_wconf 89' lang='lat' dir='ltr'><strong>terra,</strong></span> 
     </span>
    </p>
   </div>
   <div class='ocr_carea' id='block_1_142' title="bbox 2170 4888 3155 4960">
    <p class='ocr_par' dir='ltr' id='par_1_142' title="bbox 2170 4888 3155 4960">
     <span class='ocr_line' id='line_1_146' title="bbox 2170 4888 3155 4960; baseline 0.001 -18"><span class='ocrx_word' id='word_1_798' title='bbox 2170 4891 2315 4958; x_wconf 90' lang='lat' dir='ltr'><strong>quod</strong></span> <span class='ocrx_word' id='word_1_799' title='bbox 2347 4891 2520 4960; x_wconf 89' lang='lat' dir='ltr'><strong>majus</strong></span> <span class='ocrx_word' id='word_1_800' title='bbox 2547 4890 2650 4946; x_wconf 90' lang='lat' dir='ltr'><strong>erit</strong></span> <span class='ocrx_word' id='word_1_801' title='bbox 2676 4888 2929 4944; x_wconf 88' lang='lat' dir='ltr'><strong>omnibus</strong></span> <span class='ocrx_word' id='word_1_802' title='bbox 2949 4888 3155 4960; x_wconf 83' lang='lat' dir='ltr'><strong>regnis,</strong></span> 
     </span>
    </p>
   </div>
   <div class='ocr_carea' id='block_1_143' title="bbox 2169 4955 3696 5029">
    <p class='ocr_par' dir='ltr' id='par_1_143' title="bbox 2169 4955 3696 5029">
     <span class='ocr_line' id='line_1_147' title="bbox 2169 4955 3696 5029; baseline -0.003 -12"><span class='ocrx_word' id='word_1_803' title='bbox 2169 4955 2228 5017; x_wconf 80' lang='lat' dir='ltr'><strong>et</strong></span> <span class='ocrx_word' id='word_1_804' title='bbox 2249 4955 2532 5021; x_wconf 77' lang='lat' dir='ltr'><strong>devorabit</strong></span> <span class='ocrx_word' id='word_1_805' title='bbox 2550 4963 2870 5019; x_wconf 83' lang='lat' dir='ltr'><strong>universam</strong></span> <span class='ocrx_word' id='word_1_806' title='bbox 2901 4955 3127 5029; x_wconf 73' lang='lat' dir='ltr'><strong>terram,</strong></span> <span class='ocrx_word' id='word_1_807' title='bbox 3154 4966 3210 5017; x_wconf 89' lang='lat' dir='ltr'><strong>et</strong></span> <span class='ocrx_word' id='word_1_808' title='bbox 3236 4955 3604 5029; x_wconf 81' lang='lat' dir='ltr'><strong>conculcabit,</strong></span> <span class='ocrx_word' id='word_1_809' title='bbox 3638 4965 3696 5014; x_wconf 91' lang='lat' dir='ltr'><strong>et</strong></span> 
     </span>
    </p>
   </div>
   <div class='ocr_carea' id='block_1_144' title="bbox 2237 5035 3228 5091">
    <p class='ocr_par' dir='ltr' id='par_1_144' title="bbox 2237 5035 3228 5091">
     <span class='ocr_line' id='line_1_148' title="bbox 2237 5035 3228 5091; baseline -0.004 -1"><span class='ocrx_word' id='word_1_810' title='bbox 2237 5035 2571 5091; x_wconf 89' lang='lat' dir='ltr'><strong>comminuet</strong></span> <span class='ocrx_word' id='word_1_811' title='bbox 2589 5051 2730 5090; x_wconf 90' lang='lat' dir='ltr'><strong>eam.</strong></span> <span class='ocrx_word' id='word_1_812' title='bbox 3222 5071 3228 5076; x_wconf 67' lang='grc' dir='ltr'><strong>ς</strong></span> 
     </span>
    </p>
   </div>
   <div class='ocr_carea' id='block_1_145' title="bbox 2096 5103 3119 5177">
    <p class='ocr_par' dir='ltr' id='par_1_145' title="bbox 2096 5103 3119 5177">
     <span class='ocr_line' id='line_1_149' title="bbox 2096 5103 3119 5177; baseline -0.004 -15"><span class='ocrx_word' id='word_1_813' title='bbox 2096 5104 2271 5162; x_wconf 84' lang='lat' dir='ltr'><strong>Porro</strong></span> <span class='ocrx_word' id='word_1_814' title='bbox 2298 5123 2501 5163; x_wconf 88' lang='lat' dir='ltr'><strong>cornua</strong></span> <span class='ocrx_word' id='word_1_815' title='bbox 2528 5107 2719 5163; x_wconf 88' lang='lat' dir='ltr'><strong>decem</strong></span> <span class='ocrx_word' id='word_1_816' title='bbox 2752 5104 2919 5177; x_wconf 89' lang='lat' dir='ltr'><strong>ipsius</strong></span> <span class='ocrx_word' id='word_1_817' title='bbox 2945 5103 3119 5177; x_wconf 81' lang='lat' dir='ltr'><strong>regni,</strong></span> 
     </span>
    </p>
   </div>
   <div class='ocr_carea' id='block_1_146' title="bbox 2167 5178 2780 5249">
    <p class='ocr_par' dir='ltr' id='par_1_146' title="bbox 2167 5178 2780 5249">
     <span class='ocr_line' id='line_1_150' title="bbox 2167 5178 2780 5249; baseline 0.005 -16"><span class='ocrx_word' id='word_1_818' title='bbox 2167 5178 2360 5235; x_wconf 90' lang='lat' dir='ltr'><strong>decem</strong></span> <span class='ocrx_word' id='word_1_819' title='bbox 2384 5194 2541 5249; x_wconf 81' lang='lat' dir='ltr'><strong>reges</strong></span> <span class='ocrx_word' id='word_1_820' title='bbox 2572 5186 2735 5235; x_wconf 90' lang='lat' dir='ltr'><strong>erunt</strong></span> <span class='ocrx_word' id='word_1_821' title='bbox 2765 5195 2780 5236; x_wconf 87' lang='lat'><strong>:</strong></span> 
     </span>
    </p>
   </div>
   <div class='ocr_carea' id='block_1_147' title="bbox 2096 5248 2933 5322">
    <p class='ocr_par' dir='ltr' id='par_1_147' title="bbox 2096 5248 2933 5322">
     <span class='ocr_line' id='line_1_151' title="bbox 2096 5248 2933 5322; baseline -0.002 -17"><span class='ocrx_word' id='word_1_822' title='bbox 2096 5248 2165 5305; x_wconf 88' lang='lat' dir='ltr'><strong>Et</strong></span> <span class='ocrx_word' id='word_1_823' title='bbox 2190 5250 2332 5307; x_wconf 90' lang='lat' dir='ltr'><strong>alius</strong></span> <span class='ocrx_word' id='word_1_824' title='bbox 2352 5248 2644 5322; x_wconf 83' lang='lat' dir='ltr'><strong>consurget</strong></span> <span class='ocrx_word' id='word_1_825' title='bbox 2668 5257 2794 5321; x_wconf 86' lang='lat' dir='ltr'><strong>post</strong></span> <span class='ocrx_word' id='word_1_826' title='bbox 2817 5263 2933 5312; x_wconf 88' lang='lat' dir='ltr'><strong>eos,</strong></span> 
     </span>
    </p>
   </div>
   <div class='ocr_carea' id='block_1_148' title="bbox 2165 5319 3115 5393">
    <p class='ocr_par' dir='ltr' id='par_1_148' title="bbox 2165 5319 3115 5393">
     <span class='ocr_line' id='line_1_152' title="bbox 2165 5319 3115 5393; baseline -0.002 -16"><span class='ocrx_word' id='word_1_827' title='bbox 2165 5330 2220 5377; x_wconf 90' lang='lat' dir='ltr'><strong>et</strong></span> <span class='ocrx_word' id='word_1_828' title='bbox 2240 5324 2357 5392; x_wconf 87' lang='lat' dir='ltr'><strong>ipse</strong></span> <span class='ocrx_word' id='word_1_829' title='bbox 2387 5319 2791 5393; x_wconf 37' lang='lat' dir='ltr'><strong>potentior—erit</strong></span> <span class='ocrx_word' id='word_1_830' title='bbox 2820 5319 3115 5387; x_wconf 86' lang='lat' dir='ltr'><strong>prioribus,</strong></span> 
     </span>
    </p>
   </div>
   <div class='ocr_carea' id='block_1_149' title="bbox 2166 5394 2887 5465">
    <p class='ocr_par' dir='ltr' id='par_1_149' title="bbox 2166 5394 2887 5465">
     <span class='ocr_line' id='line_1_153' title="bbox 2166 5394 2887 5465; baseline -0.004 -17"><span class='ocrx_word' id='word_1_831' title='bbox 2166 5404 2216 5448; x_wconf 89' lang='lat' dir='ltr'><strong>et</strong></span> <span class='ocrx_word' id='word_1_832' title='bbox 2246 5404 2355 5449; x_wconf 90' lang='lat' dir='ltr'><strong>tres</strong></span> <span class='ocrx_word' id='word_1_833' title='bbox 2383 5410 2536 5465; x_wconf 88' lang='lat' dir='ltr'><strong>reges</strong></span> <span class='ocrx_word' id='word_1_834' title='bbox 2560 5394 2887 5465; x_wconf 62' lang='lat' dir='ltr'><strong>humiliahit,</strong></span> 
     </span>
    </p>
   </div>
   <div class='ocr_carea' id='block_1_150' title="bbox 2096 5464 3313 5535">
    <p class='ocr_par' dir='ltr' id='par_1_150' title="bbox 2096 5464 3313 5535">
     <span class='ocr_line' id='line_1_154' title="bbox 2096 5464 3313 5535; baseline -0.002 -14"><span class='ocrx_word' id='word_1_835' title='bbox 2096 5464 2167 5521; x_wconf 84' lang='lat' dir='ltr'><strong>Et</strong></span> <span class='ocrx_word' id='word_1_836' title='bbox 2198 5464 2482 5523; x_wconf 83' lang='lat' dir='ltr'><strong>sermones</strong></span> <span class='ocrx_word' id='word_1_837' title='bbox 2513 5476 2697 5522; x_wconf 86' lang='lat' dir='ltr'><strong>contra</strong></span> <span class='ocrx_word' id='word_1_838' title='bbox 2726 5464 3016 5522; x_wconf 81' lang='lat' dir='ltr'><strong>Excelsum</strong></span> <span class='ocrx_word' id='word_1_839' title='bbox 3039 5464 3313 5535; x_wconf 90' lang='lat' dir='ltr'><strong>loquetur,</strong></span> 
     </span>
    </p>
   </div>
   <div class='ocr_carea' id='block_1_151' title="bbox 2095 5576 3698 5662">
    <p class='ocr_par' dir='ltr' id='par_1_151' title="bbox 2095 5576 3698 5662">
     <span class='ocr_line' id='line_1_155' title="bbox 2095 5576 3698 5662; baseline -0.002 -20"><span class='ocrx_word' id='word_1_840' title='bbox 2095 5596 2319 5659; x_wconf 80' lang='lat' dir='ltr'><strong>quatuor</strong></span> <span class='ocrx_word' id='word_1_841' title='bbox 2358 5597 2477 5643; x_wconf 76' lang='lat' dir='ltr'><strong>sunt</strong></span> <span class='ocrx_word' id='word_1_842' title='bbox 2523 5605 2684 5662; x_wconf 83' lang='lat' dir='ltr'><strong>regna</strong></span> <span class='ocrx_word' id='word_1_843' title='bbox 2731 5632 2746 5658; x_wconf 94' lang='lat'><strong>,</strong></span> <span class='ocrx_word' id='word_1_844' title='bbox 2795 5576 3273 5657; x_wconf 15' lang='lat' dir='ltr'><strong>quaa‘consurgent</strong></span> <span class='ocrx_word' id='word_1_845' title='bbox 3319 5583 3383 5638; x_wconf 82' lang='lat' dir='ltr'><strong>de</strong></span> <span class='ocrx_word' id='word_1_846' title='bbox 3430 5592 3583 5637; x_wconf 80' lang='lat' dir='ltr'><strong>terra.</strong></span> <span class='ocrx_word' id='word_1_847' title='bbox 3636 5578 3698 5638; x_wconf 85' lang='lat' dir='ltr'><strong>In</strong></span> 
     </span>
    </p>
   </div>
   <div class='ocr_carea' id='block_1_152' title="bbox 2094 5668 3703 5779">
    <p class='ocr_par' dir='ltr' id='par_1_152' title="bbox 2094 5668 3703 5779">
     <span class='ocr_line' id='line_1_156' title="bbox 2094 5668 3703 5779; baseline 0.001 -35"><span class='ocrx_word' id='word_1_848' title='bbox 2094 5688 2390 5747; x_wconf 71' lang='lat' dir='ltr'><strong>Chaldaico</strong></span> <span class='ocrx_word' id='word_1_849' title='bbox 2413 5691 2561 5747; x_wconf 83' lang='lat' dir='ltr'><strong>fonte</strong></span> <span class='ocrx_word' id='word_1_850' title='bbox 2584 5690 2845 5760; x_wconf 82' lang='lat' dir='ltr'><strong>scriptum</strong></span> <span class='ocrx_word' id='word_1_851' title='bbox 2874 5698 2979 5759; x_wconf 88' lang='lat' dir='ltr'><strong>est,</strong></span> <span class='ocrx_word' id='word_1_852' title='bbox 3002 5698 3073 5777; x_wconf 61' lang='lat' dir='ltr'><strong>ti:</strong></span> <span class='ocrx_word' id='word_1_853' title='bbox 3097 5695 3278 5779; x_wconf 58' lang='lat' dir='ltr'><strong>mp:</strong></span> <span class='ocrx_word' id='word_1_854' title='bbox 3303 5668 3488 5747; x_wconf 62' lang='grc' dir='ltr'><strong>ωνοίπε</strong></span> <span class='ocrx_word' id='word_1_855' title='bbox 3506 5695 3703 5751; x_wconf 66' lang='lat' dir='ltr'><strong>nun—ia</strong></span> 
     </span>
    </p>
   </div>
   <div class='ocr_carea' id='block_1_153' title="bbox 2090 5800 3705 5877">
    <p class='ocr_par' dir='ltr' id='par_1_153' title="bbox 2090 5800 3705 5877">
     <span class='ocr_line' id='line_1_157' title="bbox 2090 5800 3705 5877; baseline -0.005 -14"><span class='ocrx_word' id='word_1_856' title='bbox 2090 5814 2251 5869; x_wconf 49' lang='grc' dir='ltr'><strong>κγ’-ης</strong></span> <span class='ocrx_word' id='word_1_857' title='bbox 2272 5805 2426 5861; x_wconf 72' lang='grc' dir='ltr'><em>ανὺεα</em></span> <span class='ocrx_word' id='word_1_858' title='bbox 2467 5806 2711 5862; x_wconf 77' lang='lat' dir='ltr'><strong>male/tim</strong></span> <span class='ocrx_word' id='word_1_859' title='bbox 2742 5804 3127 5877; x_wconf 66' lang='lat' dir='ltr'><strong>jecumuninin</strong></span> <span class='ocrx_word' id='word_1_860' title='bbox 3155 5819 3306 5873; x_wconf 85' lang='lat' dir='ltr'><strong>araa,</strong></span> <span class='ocrx_word' id='word_1_861' title='bbox 3340 5800 3394 5860; x_wconf 91' lang='lat' dir='ltr'><strong>id</strong></span> <span class='ocrx_word' id='word_1_862' title='bbox 3419 5809 3506 5859; x_wconf 89' lang='lat' dir='ltr'><strong>est</strong></span> <span class='ocrx_word' id='word_1_863' title='bbox 3528 5841 3543 5869; x_wconf 92' lang='lat'><strong>,</strong></span> <span class='ocrx_word' id='word_1_864' title='bbox 3574 5816 3705 5873; x_wconf 82' lang='lat' dir='ltr'><strong>qua-</strong></span> 
     </span>
    </p>
   </div>
   <div class='ocr_carea' id='block_1_154' title="bbox 2088 5874 3187 5949">
    <p class='ocr_par' dir='ltr' id='par_1_154' title="bbox 2088 5874 3187 5949">
     <span class='ocr_line' id='line_1_158' title="bbox 2088 5874 3187 5949; baseline 0 -20"><span class='ocrx_word' id='word_1_865' title='bbox 2088 5885 2205 5931; x_wconf 76' lang='lat' dir='ltr'><strong>tuor</strong></span> <span class='ocrx_word' id='word_1_866' title='bbox 2226 5892 2368 5949; x_wconf 74' lang='lat' dir='ltr'><strong>reges</strong></span> <span class='ocrx_word' id='word_1_867' title='bbox 2395 5889 2699 5949; x_wconf 75' lang='lat' dir='ltr'><strong>consurgent</strong></span> <span class='ocrx_word' id='word_1_868' title='bbox 2730 5874 2794 5932; x_wconf 77' lang='lat' dir='ltr'><strong>de</strong></span> <span class='ocrx_word' id='word_1_869' title='bbox 2814 5888 2971 5933; x_wconf 81' lang='lat' dir='ltr'><strong>terra.</strong></span> <span class='ocrx_word' id='word_1_870' title='bbox 3010 5874 3187 5932; x_wconf 73' lang='lat' dir='ltr'><strong>MART.</strong></span> 
     </span>
    </p>
   </div>
  </div>
