  <div class='ocr_page' id='page_1' title='image "/cluster/home/n/w/nwhite01/storage/ocr_20150623/28/hvd.32044015471410/661.png"; bbox 0 0 4112 6354; ppageno 0'>
   <div class='ocr_carea' id='block_1_1' title="bbox 457 333 593 394">
    <p class='ocr_par' dir='ltr' id='par_1_1' title="bbox 457 333 593 394">
     <span class='ocr_line' id='line_1_1' title="bbox 457 333 593 394; baseline 0.015 -2"><span class='ocrx_word' id='word_1_1' title='bbox 457 333 593 394; x_wconf 71' lang='grc'><strong>1311</strong></span> 
     </span>
    </p>
   </div>
   <div class='ocr_carea' id='block_1_2' title="bbox 531 449 1639 513">
    <p class='ocr_par' dir='ltr' id='par_1_2' title="bbox 531 449 1639 513">
     <span class='ocr_line' id='line_1_2' title="bbox 531 449 1639 513; baseline -0.004 -1"><span class='ocrx_word' id='word_1_2' title='bbox 531 464 588 512; x_wconf 90' lang='lat' dir='ltr'><strong>et</strong></span> <span class='ocrx_word' id='word_1_3' title='bbox 619 461 840 513; x_wconf 91' lang='lat' dir='ltr'><strong>sanctos</strong></span> <span class='ocrx_word' id='word_1_4' title='bbox 869 451 1135 511; x_wconf 81' lang='lat' dir='ltr'><strong>Altissimi</strong></span> <span class='ocrx_word' id='word_1_5' title='bbox 1164 458 1450 510; x_wconf 88' lang='lat' dir='ltr'><strong>conteret:</strong></span> <span class='ocrx_word' id='word_1_6' title='bbox 1617 449 1639 508; x_wconf 62' lang='grc' dir='ltr'>τ</span> 
     </span>
    </p>
   </div>
   <div class='ocr_carea' id='block_1_3' title="bbox 467 520 1961 600">
    <p class='ocr_par' dir='ltr' id='par_1_3' title="bbox 467 520 1961 600">
     <span class='ocr_line' id='line_1_3' title="bbox 467 520 1961 600; baseline -0.006 -15"><span class='ocrx_word' id='word_1_7' title='bbox 467 528 536 586; x_wconf 83' lang='lat' dir='ltr'><strong>Et</strong></span> <span class='ocrx_word' id='word_1_8' title='bbox 563 529 772 600; x_wconf 90' lang='lat' dir='ltr'><strong>putabit</strong></span> <span class='ocrx_word' id='word_1_9' title='bbox 793 528 938 598; x_wconf 91' lang='lat' dir='ltr'><strong>quod</strong></span> <span class='ocrx_word' id='word_1_10' title='bbox 966 526 1136 598; x_wconf 91' lang='lat' dir='ltr'><strong>possit</strong></span> <span class='ocrx_word' id='word_1_11' title='bbox 1161 533 1376 600; x_wconf 82' lang='lat' dir='ltr'><strong>mutare</strong></span> <span class='ocrx_word' id='word_1_12' title='bbox 1405 533 1672 600; x_wconf 89' lang='lat' dir='ltr'><strong>tempora_,</strong></span> <span class='ocrx_word' id='word_1_13' title='bbox 1697 520 1961 592; x_wconf 85' lang='lat' dir='ltr'><strong>etleges;</strong></span> 
     </span>
    </p>
   </div>
   <div class='ocr_carea' id='block_1_4' title="bbox 539 593 2060 666">
    <p class='ocr_par' dir='ltr' id='par_1_4' title="bbox 539 593 2060 666">
     <span class='ocr_line' id='line_1_4' title="bbox 539 593 2060 666; baseline -0.005 -10"><span class='ocrx_word' id='word_1_14' title='bbox 539 593 598 656; x_wconf 74' lang='grc' dir='ltr'><strong>εἰ</strong></span> <span class='ocrx_word' id='word_1_15' title='bbox 636 593 915 656; x_wconf 81' lang='lat' dir='ltr'><strong>tradentur</strong></span> <span class='ocrx_word' id='word_1_16' title='bbox 952 593 1005 653; x_wconf 79' lang='lat' dir='ltr'><strong>in</strong></span> <span class='ocrx_word' id='word_1_17' title='bbox 1048 613 1210 653; x_wconf 91' lang='lat' dir='ltr'><strong>manu</strong></span> <span class='ocrx_word' id='word_1_18' title='bbox 1255 596 1373 666; x_wconf 89' lang='lat' dir='ltr'><strong>ejus</strong></span> <span class='ocrx_word' id='word_1_19' title='bbox 1393 609 1563 665; x_wconf 90' lang='lat' dir='ltr'><strong>usque</strong></span> <span class='ocrx_word' id='word_1_20' title='bbox 1593 593 1661 649; x_wconf 89' lang='lat' dir='ltr'><strong>ad</strong></span> <span class='ocrx_word' id='word_1_21' title='bbox 1717 603 1950 666; x_wconf 89' lang='lat' dir='ltr'><strong>tempus,</strong></span> <span class='ocrx_word' id='word_1_22' title='bbox 2002 600 2060 650; x_wconf 91' lang='lat' dir='ltr'><strong>et</strong></span> 
     </span>
    </p>
   </div>
   <div class='ocr_carea' id='block_1_5' title="bbox 619 666 1594 741">
    <p class='ocr_par' dir='ltr' id='par_1_5' title="bbox 619 666 1594 741">
     <span class='ocr_line' id='line_1_5' title="bbox 619 666 1594 741; baseline -0.006 -14"><span class='ocrx_word' id='word_1_23' title='bbox 619 680 887 741; x_wconf 85' lang='lat' dir='ltr'><strong>tempora,</strong></span> <span class='ocrx_word' id='word_1_24' title='bbox 912 679 968 727; x_wconf 93' lang='lat' dir='ltr'><strong>et</strong></span> <span class='ocrx_word' id='word_1_25' title='bbox 1005 669 1288 725; x_wconf 88' lang='lat' dir='ltr'><strong>dimidium</strong></span> <span class='ocrx_word' id='word_1_26' title='bbox 1313 666 1594 739; x_wconf 89' lang='lat' dir='ltr'><strong>temporis.</strong></span> 
     </span>
    </p>
   </div>
   <div class='ocr_carea' id='block_1_6' title="bbox 473 741 1083 815">
    <p class='ocr_par' dir='ltr' id='par_1_6' title="bbox 473 741 1083 815">
     <span class='ocr_line' id='line_1_6' title="bbox 473 741 1083 815; baseline -0.01 -15"><span class='ocrx_word' id='word_1_27' title='bbox 473 745 542 800; x_wconf 84' lang='lat' dir='ltr'><strong>Et</strong></span> <span class='ocrx_word' id='word_1_28' title='bbox 563 743 824 815; x_wconf 90' lang='lat' dir='ltr'><strong>judicium</strong></span> <span class='ocrx_word' id='word_1_29' title='bbox 853 741 1083 804; x_wconf 88' lang='lat' dir='ltr'><strong>sedebit,</strong></span> 
     </span>
    </p>
   </div>
   <div class='ocr_carea' id='block_1_7' title="bbox 543 808 2062 884">
    <p class='ocr_par' dir='ltr' id='par_1_7' title="bbox 543 808 2062 884">
     <span class='ocr_line' id='line_1_7' title="bbox 543 808 2062 884; baseline -0.004 -14"><span class='ocrx_word' id='word_1_30' title='bbox 543 808 599 870; x_wconf 85' lang='lat' dir='ltr'><strong>tit</strong></span> <span class='ocrx_word' id='word_1_31' title='bbox 628 815 904 870; x_wconf 76' lang='lat' dir='ltr'><strong>auferatur</strong></span> <span class='ocrx_word' id='word_1_32' title='bbox 932 813 1195 884; x_wconf 88' lang='lat' dir='ltr'><strong>potentia,</strong></span> <span class='ocrx_word' id='word_1_33' title='bbox 1225 821 1281 869; x_wconf 92' lang='lat' dir='ltr'><strong>et</strong></span> <span class='ocrx_word' id='word_1_34' title='bbox 1331 817 1671 879; x_wconf 91' lang='lat' dir='ltr'><strong>conteratur,</strong></span> <span class='ocrx_word' id='word_1_35' title='bbox 1700 817 1755 867; x_wconf 92' lang='lat' dir='ltr'><strong>et</strong></span> <span class='ocrx_word' id='word_1_36' title='bbox 1783 808 2062 880; x_wconf 89' lang='lat' dir='ltr'><strong>dispereat</strong></span> 
     </span>
    </p>
   </div>
   <div class='ocr_carea' id='block_1_8' title="bbox 617 885 1082 957">
    <p class='ocr_par' dir='ltr' id='par_1_8' title="bbox 617 885 1082 957">
     <span class='ocr_line' id='line_1_8' title="bbox 617 885 1082 957; baseline -0.002 -15"><span class='ocrx_word' id='word_1_37' title='bbox 617 902 786 957; x_wconf 86' lang='lat' dir='ltr'><strong>usque</strong></span> <span class='ocrx_word' id='word_1_38' title='bbox 812 886 864 940; x_wconf 90' lang='lat' dir='ltr'><strong>itt</strong></span> <span class='ocrx_word' id='word_1_39' title='bbox 899 885 1082 941; x_wconf 87' lang='lat' dir='ltr'><strong>linem.</strong></span> 
     </span>
    </p>
   </div>
   <div class='ocr_carea' id='block_1_9' title="bbox 1470 323 2748 389">
    <p class='ocr_par' dir='ltr' id='par_1_9' title="bbox 1470 323 2748 389">
     <span class='ocr_line' id='line_1_9' title="bbox 1470 323 2748 389; baseline -0.002 -1"><span class='ocrx_word' id='word_1_40' title='bbox 1470 328 1531 389; x_wconf 90' lang='lat' dir='ltr'><strong>S.</strong></span> <span class='ocrx_word' id='word_1_41' title='bbox 1571 325 1958 386; x_wconf 77' lang='lat' dir='ltr'><strong>HIERONYMI</strong></span> <span class='ocrx_word' id='word_1_42' title='bbox 1997 323 2232 385; x_wconf 81' lang='lat' dir='ltr'><strong>DIVINA</strong></span> <span class='ocrx_word' id='word_1_43' title='bbox 2273 323 2748 385; x_wconf 81' lang='lat' dir='ltr'><strong>BlBLlOTllECA.</strong></span> 
     </span>
    </p>
   </div>
   <div class='ocr_carea' id='block_1_10' title="bbox 3621 326 3769 386">
    <p class='ocr_par' dir='ltr' id='par_1_10' title="bbox 3621 326 3769 386">
     <span class='ocr_line' id='line_1_10' title="bbox 3621 326 3769 386; baseline -0.007 -1"><span class='ocrx_word' id='word_1_44' title='bbox 3621 326 3769 386; x_wconf 70' lang='grc'><strong>1512</strong></span> 
     </span>
    </p>
   </div>
   <div class='ocr_carea' id='block_1_11' title="bbox 2082 447 3769 523">
    <p class='ocr_par' dir='ltr' id='par_1_11' title="bbox 2082 447 3769 523">
     <span class='ocr_line' id='line_1_11' title="bbox 2082 447 3769 523; baseline -0.001 -15"><span class='ocrx_word' id='word_1_45' title='bbox 2082 447 2137 508; x_wconf 81' lang='grc' dir='ltr'>Α</span> <span class='ocrx_word' id='word_1_46' title='bbox 2233 456 2292 506; x_wconf 89' lang='lat' dir='ltr'><strong>et</strong></span> <span class='ocrx_word' id='word_1_47' title='bbox 2321 457 2703 520; x_wconf 85' lang='lat' dir='ltr'><strong>prosternetur</strong></span> <span class='ocrx_word' id='word_1_48' title='bbox 2729 450 2932 507; x_wconf 86' lang='lat' dir='ltr'><strong>veritas</strong></span> <span class='ocrx_word' id='word_1_49' title='bbox 2958 449 3011 507; x_wconf 94' lang='lat' dir='ltr'><strong>in</strong></span> <span class='ocrx_word' id='word_1_50' title='bbox 3045 457 3211 520; x_wconf 86' lang='lat' dir='ltr'><strong>terra,</strong></span> <span class='ocrx_word' id='word_1_51' title='bbox 3242 458 3298 507; x_wconf 88' lang='lat' dir='ltr'><strong>et</strong></span> <span class='ocrx_word' id='word_1_52' title='bbox 3329 450 3511 521; x_wconf 87' lang='lat' dir='ltr'><strong>faciet,</strong></span> <span class='ocrx_word' id='word_1_53' title='bbox 3542 458 3597 507; x_wconf 90' lang='lat' dir='ltr'><strong>et</strong></span> <span class='ocrx_word' id='word_1_54' title='bbox 3632 464 3769 523; x_wconf 81' lang='lat' dir='ltr'><strong>pro-</strong></span> 
     </span>
    </p>
   </div>
   <div class='ocr_carea' id='block_1_12' title="bbox 2302 523 2630 592">
    <p class='ocr_par' dir='ltr' id='par_1_12' title="bbox 2302 523 2630 592">
     <span class='ocr_line' id='line_1_12' title="bbox 2302 523 2630 592; baseline 0 -16"><span class='ocrx_word' id='word_1_55' title='bbox 2302 523 2630 592; x_wconf 74' lang='lat' dir='ltr'><strong>sperabitur.</strong></span> 
     </span>
    </p>
   </div>
   <div class='ocr_carea' id='block_1_13' title="bbox 2164 591 3363 664">
    <p class='ocr_par' dir='ltr' id='par_1_13' title="bbox 2164 591 3363 664">
     <span class='ocr_line' id='line_1_13' title="bbox 2164 591 3363 664; baseline -0.001 -16"><span class='ocrx_word' id='word_1_56' title='bbox 2164 591 2228 648; x_wconf 85' lang='lat' dir='ltr'><strong>Et</strong></span> <span class='ocrx_word' id='word_1_57' title='bbox 2257 591 2437 648; x_wconf 89' lang='lat' dir='ltr'><strong>audivi</strong></span> <span class='ocrx_word' id='word_1_58' title='bbox 2470 594 2647 650; x_wconf 71' lang='lat' dir='ltr'><strong>unum&#39;</strong></span> <span class='ocrx_word' id='word_1_59' title='bbox 2665 595 2734 651; x_wconf 91' lang='lat' dir='ltr'><strong>de</strong></span> <span class='ocrx_word' id='word_1_60' title='bbox 2762 595 2968 650; x_wconf 75' lang='lat' dir='ltr'><strong>sanctis</strong></span> <span class='ocrx_word' id='word_1_61' title='bbox 2997 595 3312 664; x_wconf 81' lang='lat' dir='ltr'><strong>loquentem</strong></span> <span class='ocrx_word' id='word_1_62' title='bbox 3352 612 3363 647; x_wconf 90' lang='lat'>:</span> 
     </span>
    </p>
   </div>
   <div class='ocr_carea' id='block_1_14' title="bbox 2233 665 3686 738">
    <p class='ocr_par' dir='ltr' id='par_1_14' title="bbox 2233 665 3686 738">
     <span class='ocr_line' id='line_1_14' title="bbox 2233 665 3686 738; baseline 0 -18"><span class='ocrx_word' id='word_1_63' title='bbox 2233 673 2290 720; x_wconf 90' lang='lat' dir='ltr'><strong>et</strong></span> <span class='ocrx_word' id='word_1_64' title='bbox 2317 665 2454 720; x_wconf 77' lang='lat' dir='ltr'><strong>dixit</strong></span> <span class='ocrx_word' id='word_1_65' title='bbox 2483 681 2622 721; x_wconf 90' lang='lat' dir='ltr'><strong>unus</strong></span> <span class='ocrx_word' id='word_1_66' title='bbox 2643 677 2862 722; x_wconf 86' lang='lat' dir='ltr'><strong>sanctus</strong></span> <span class='ocrx_word' id='word_1_67' title='bbox 2892 667 3050 722; x_wconf 86' lang='lat' dir='ltr'><strong>alteri</strong></span> <span class='ocrx_word' id='word_1_68' title='bbox 3102 669 3286 723; x_wconf 88' lang='lat' dir='ltr'><strong>nescio</strong></span> <span class='ocrx_word' id='word_1_69' title='bbox 3306 667 3393 722; x_wconf 80' lang='lat' dir='ltr'><strong>cui</strong></span> <span class='ocrx_word' id='word_1_70' title='bbox 3422 665 3686 738; x_wconf 83' lang='lat' dir='ltr'><strong>loquenti,</strong></span> 
     </span>
    </p>
   </div>
   <div class='ocr_carea' id='block_1_15' title="bbox 2165 734 3259 808">
    <p class='ocr_par' dir='ltr' id='par_1_15' title="bbox 2165 734 3259 808">
     <span class='ocr_line' id='line_1_15' title="bbox 2165 734 3259 808; baseline 0 -16"><span class='ocrx_word' id='word_1_71' title='bbox 2165 734 2456 807; x_wconf 89' lang='lat' dir='ltr'><strong>Usquequo</strong></span> <span class='ocrx_word' id='word_1_72' title='bbox 2484 738 2644 806; x_wconf 86' lang='lat' dir='ltr'><strong>visio,</strong></span> <span class='ocrx_word' id='word_1_73' title='bbox 2673 738 2872 808; x_wconf 86' lang='lat' dir='ltr'><strong>etjuge</strong></span> <span class='ocrx_word' id='word_1_74' title='bbox 2901 739 3259 805; x_wconf 84' lang='lat' dir='ltr'><strong>sacrificium,</strong></span> 
     </span>
    </p>
   </div>
   <div class='ocr_carea' id='block_1_16' title="bbox 2235 810 3468 880">
    <p class='ocr_par' dir='ltr' id='par_1_16' title="bbox 2235 810 3468 880">
     <span class='ocr_line' id='line_1_16' title="bbox 2235 810 3468 880; baseline 0 -17"><span class='ocrx_word' id='word_1_75' title='bbox 2235 819 2288 863; x_wconf 86' lang='lat' dir='ltr'><strong>et</strong></span> <span class='ocrx_word' id='word_1_76' title='bbox 2320 820 2598 879; x_wconf 88' lang='lat' dir='ltr'><strong>peccatum</strong></span> <span class='ocrx_word' id='word_1_77' title='bbox 2628 810 3002 873; x_wconf 85' lang='lat' dir='ltr'><strong>desolationis,</strong></span> <span class='ocrx_word' id='word_1_78' title='bbox 3031 825 3150 880; x_wconf 72' lang='lat' dir='ltr'><strong>qua:</strong></span> <span class='ocrx_word' id='word_1_79' title='bbox 3175 810 3316 866; x_wconf 86' lang='lat' dir='ltr'><strong>facta</strong></span> <span class='ocrx_word' id='word_1_80' title='bbox 3343 819 3427 866; x_wconf 90' lang='lat' dir='ltr'><strong>est</strong></span> <span class='ocrx_word' id='word_1_81' title='bbox 3455 827 3468 863; x_wconf 93' lang='lat'>:</span> 
     </span>
    </p>
   </div>
   <div class='ocr_carea' id='block_1_17' title="bbox 2235 880 3545 949">
    <p class='ocr_par' dir='ltr' id='par_1_17' title="bbox 2235 880 3545 949">
     <span class='ocr_line' id='line_1_17' title="bbox 2235 880 3545 949; baseline -0.002 -14"><span class='ocrx_word' id='word_1_82' title='bbox 2235 890 2291 935; x_wconf 89' lang='lat' dir='ltr'><strong>et</strong></span> <span class='ocrx_word' id='word_1_83' title='bbox 2311 883 2701 949; x_wconf 88' lang='lat' dir='ltr'><strong>sanetuarium,</strong></span> <span class='ocrx_word' id='word_1_84' title='bbox 2727 894 2779 936; x_wconf 90' lang='lat' dir='ltr'><strong>et</strong></span> <span class='ocrx_word' id='word_1_85' title='bbox 2803 881 3064 936; x_wconf 80' lang='lat' dir='ltr'><strong>fortitudo</strong></span> <span class='ocrx_word' id='word_1_86' title='bbox 3093 880 3501 937; x_wconf 89' lang='lat' dir='ltr'><strong>conculcabitnr</strong></span> <span class='ocrx_word' id='word_1_87' title='bbox 3520 881 3545 932; x_wconf 89' lang='lat'><strong>?</strong></span> 
     </span>
    </p>
   </div>
   <div class='ocr_carea' id='block_1_18' title="bbox 474 951 3768 1030">
    <p class='ocr_par' dir='ltr' id='par_1_18' title="bbox 474 951 3768 1030">
     <span class='ocr_line' id='line_1_18' title="bbox 474 951 3768 1030; baseline -0.003 -15"><span class='ocrx_word' id='word_1_88' title='bbox 474 951 720 1030; x_wconf 82' lang='lat' dir='ltr'><strong>Regnum</strong></span> <span class='ocrx_word' id='word_1_89' title='bbox 748 964 952 1030; x_wconf 86' lang='lat' dir='ltr'><strong>autem,</strong></span> <span class='ocrx_word' id='word_1_90' title='bbox 974 966 1028 1012; x_wconf 92' lang='lat' dir='ltr'><strong>et</strong></span> <span class='ocrx_word' id='word_1_91' title='bbox 1051 963 1314 1027; x_wconf 76' lang='lat' dir='ltr'><strong>potestas,</strong></span> <span class='ocrx_word' id='word_1_92' title='bbox 1340 966 1395 1012; x_wconf 91' lang='lat' dir='ltr'><strong>et</strong></span> <span class='ocrx_word' id='word_1_93' title='bbox 1420 953 1736 1028; x_wconf 87' lang='lat' dir='ltr'><strong>magnitudo</strong></span> <span class='ocrx_word' id='word_1_94' title='bbox 1753 953 2063 1026; x_wconf 77' lang='lat' dir='ltr'><strong>regni,qu:e</strong></span> <span class='ocrx_word' id='word_1_95' title='bbox 2168 951 2237 1007; x_wconf 85' lang='lat' dir='ltr'><strong>Et</strong></span> <span class='ocrx_word' id='word_1_96' title='bbox 2263 953 2398 1030; x_wconf 68' lang='lat' dir='ltr'><strong>dixit</strong></span> <span class='ocrx_word' id='word_1_97' title='bbox 2427 954 2476 1010; x_wconf 90' lang='lat' dir='ltr'><strong>ei</strong></span> <span class='ocrx_word' id='word_1_98' title='bbox 2508 971 2521 1006; x_wconf 77' lang='grc' dir='ltr'>ε</span> <span class='ocrx_word' id='word_1_99' title='bbox 2549 953 2730 1030; x_wconf 85' lang='lat' dir='ltr'><strong>Usque</strong></span> <span class='ocrx_word' id='word_1_100' title='bbox 2759 955 2825 1008; x_wconf 87' lang='lat' dir='ltr'><strong>ad</strong></span> <span class='ocrx_word' id='word_1_101' title='bbox 2849 967 3131 1024; x_wconf 83' lang='lat' dir='ltr'><strong>veSperam</strong></span> <span class='ocrx_word' id='word_1_102' title='bbox 3153 962 3210 1009; x_wconf 92' lang='lat' dir='ltr'><strong>et</strong></span> <span class='ocrx_word' id='word_1_103' title='bbox 3237 969 3421 1020; x_wconf 89' lang='lat' dir='ltr'><strong>mane,</strong></span> <span class='ocrx_word' id='word_1_104' title='bbox 3453 952 3480 992; x_wconf 73' lang='grc' dir='ltr'>δ</span> <span class='ocrx_word' id='word_1_105' title='bbox 3504 951 3613 1008; x_wconf 91' lang='lat' dir='ltr'><strong>duo</strong></span> <span class='ocrx_word' id='word_1_106' title='bbox 3640 952 3768 1007; x_wconf 84' lang='lat' dir='ltr'><strong>mil—</strong></span> 
     </span>
    </p>
   </div>
   <div class='ocr_carea' id='block_1_19' title="bbox 619 1029 1347 1090">
    <p class='ocr_par' dir='ltr' id='par_1_19' title="bbox 619 1029 1347 1090">
     <span class='ocr_line' id='line_1_19' title="bbox 619 1029 1347 1090; baseline -0.004 -5"><span class='ocrx_word' id='word_1_107' title='bbox 619 1039 705 1086; x_wconf 90' lang='lat' dir='ltr'><strong>est</strong></span> <span class='ocrx_word' id='word_1_108' title='bbox 734 1029 920 1084; x_wconf 82' lang='lat' dir='ltr'><strong>subter</strong></span> <span class='ocrx_word' id='word_1_109' title='bbox 941 1044 1102 1085; x_wconf 92' lang='lat' dir='ltr'><strong>omne</strong></span> <span class='ocrx_word' id='word_1_110' title='bbox 1124 1031 1347 1090; x_wconf 87' lang='lat' dir='ltr'><strong>coelum,</strong></span> 
     </span>
    </p>
   </div>
   <div class='ocr_carea' id='block_1_20' title="bbox 550 1098 1620 1170">
    <p class='ocr_par' dir='ltr' id='par_1_20' title="bbox 550 1098 1620 1170">
     <span class='ocr_line' id='line_1_20' title="bbox 550 1098 1620 1170; baseline -0.004 -14"><span class='ocrx_word' id='word_1_111' title='bbox 550 1101 708 1156; x_wconf 83' lang='lat' dir='ltr'><strong>detur</strong></span> <span class='ocrx_word' id='word_1_112' title='bbox 738 1101 938 1170; x_wconf 91' lang='lat' dir='ltr'><strong>popqu</strong></span> <span class='ocrx_word' id='word_1_113' title='bbox 965 1107 1274 1155; x_wconf 88' lang='lat' dir='ltr'><strong>sanctorum</strong></span> <span class='ocrx_word' id='word_1_114' title='bbox 1307 1098 1570 1156; x_wconf 82' lang='lat' dir='ltr'><strong>Altissimi</strong></span> <span class='ocrx_word' id='word_1_115' title='bbox 1605 1114 1620 1152; x_wconf 88' lang='lat'><strong>:</strong></span> 
     </span>
    </p>
   </div>
   <div class='ocr_carea' id='block_1_21' title="bbox 475 1173 1731 1244">
    <p class='ocr_par' dir='ltr' id='par_1_21' title="bbox 475 1173 1731 1244">
     <span class='ocr_line' id='line_1_21' title="bbox 475 1173 1731 1244; baseline -0.003 -15"><span class='ocrx_word' id='word_1_116' title='bbox 475 1173 642 1244; x_wconf 86' lang='lat' dir='ltr'><strong>Cujus</strong></span> <span class='ocrx_word' id='word_1_117' title='bbox 671 1187 918 1241; x_wconf 82' lang='lat' dir='ltr'><strong>regnum,</strong></span> <span class='ocrx_word' id='word_1_118' title='bbox 949 1187 1172 1242; x_wconf 89' lang='lat' dir='ltr'><strong>regnum</strong></span> <span class='ocrx_word' id='word_1_119' title='bbox 1200 1174 1731 1244; x_wconf 83' lang='lat' dir='ltr'><strong>sempiternumest,</strong></span> 
     </span>
    </p>
   </div>
   <div class='ocr_carea' id='block_1_22' title="bbox 545 1242 1741 1313">
    <p class='ocr_par' dir='ltr' id='par_1_22' title="bbox 545 1242 1741 1313">
     <span class='ocr_line' id='line_1_22' title="bbox 545 1242 1741 1313; baseline -0.003 -13"><span class='ocrx_word' id='word_1_120' title='bbox 545 1242 602 1301; x_wconf 85' lang='lat' dir='ltr'><strong>et</strong></span> <span class='ocrx_word' id='word_1_121' title='bbox 621 1258 811 1299; x_wconf 90' lang='lat' dir='ltr'><strong>omnes</strong></span> <span class='ocrx_word' id='word_1_122' title='bbox 835 1258 992 1313; x_wconf 84' lang='lat' dir='ltr'><strong>reges</strong></span> <span class='ocrx_word' id='word_1_123' title='bbox 1018 1245 1259 1300; x_wconf 90' lang='lat' dir='ltr'><strong>servient</strong></span> <span class='ocrx_word' id='word_1_124' title='bbox 1285 1245 1357 1309; x_wconf 90' lang='lat' dir='ltr'><strong>ei,</strong></span> <span class='ocrx_word' id='word_1_125' title='bbox 1379 1251 1434 1298; x_wconf 94' lang='lat' dir='ltr'><strong>et</strong></span> <span class='ocrx_word' id='word_1_126' title='bbox 1465 1242 1741 1299; x_wconf 89' lang='lat' dir='ltr'><strong>obedient.</strong></span> 
     </span>
    </p>
   </div>
   <div class='ocr_carea' id='block_1_23' title="bbox 546 1317 1286 1379">
    <p class='ocr_par' dir='ltr' id='par_1_23' title="bbox 546 1317 1286 1379">
     <span class='ocr_line' id='line_1_23' title="bbox 546 1317 1286 1379; baseline -0.004 -8"><span class='ocrx_word' id='word_1_127' title='bbox 546 1317 828 1379; x_wconf 72' lang='lat' dir='ltr'><strong>HUCUSQUE</strong></span> <span class='ocrx_word' id='word_1_128' title='bbox 858 1331 995 1372; x_wconf 76' lang='lat' dir='ltr'><strong>Fl-le</strong></span> <span class='ocrx_word' id='word_1_129' title='bbox 1024 1330 1198 1371; x_wconf 70' lang='lat' dir='ltr'><strong>venat.</strong></span> <span class='ocrx_word' id='word_1_130' title='bbox 1275 1328 1286 1333; x_wconf 75' lang='grc'><strong>’·</strong></span> 
     </span>
    </p>
   </div>
   <div class='ocr_carea' id='block_1_24' title="bbox 472 1380 2069 1514">
    <p class='ocr_par' dir='ltr' id='par_1_24' title="bbox 472 1380 2069 1514">
     <span class='ocr_line' id='line_1_24' title="bbox 472 1380 2069 1514; baseline -0.004 -70"><span class='ocrx_word' id='word_1_131' title='bbox 472 1387 587 1462; x_wconf 87' lang='lat' dir='ltr'><strong>Ego</strong></span> <span class='ocrx_word' id='word_1_132' title='bbox 616 1388 809 1514; x_wconf 68' lang='lat' dir='ltr'><strong>lDaniel</strong></span> <span class='ocrx_word' id='word_1_133' title='bbox 860 1387 1093 1443; x_wconf 89' lang='lat' dir='ltr'><strong>multum</strong></span> <span class='ocrx_word' id='word_1_134' title='bbox 1134 1385 1559 1458; x_wconf 76' lang='lat' dir='ltr'><strong>cogitationibus</strong></span> <span class='ocrx_word' id='word_1_135' title='bbox 1607 1383 1745 1441; x_wconf 91' lang='lat' dir='ltr'><strong>meis</strong></span> <span class='ocrx_word' id='word_1_136' title='bbox 1771 1380 2069 1440; x_wconf 87' lang='lat' dir='ltr'><strong>conturba-</strong></span> 
     </span>
     <span class='ocr_line' id='line_1_25' title="bbox 653 1475 732 1514; baseline 0 0"><span class='ocrx_word' id='word_1_137' title='bbox 653 1475 732 1514; x_wconf 89' lang='lat' dir='ltr'><strong>ar.</strong></span> 
     </span>
    </p>
   </div>
   <div class='ocr_carea' id='block_1_25' title="bbox 653 1475 732 1526">
    <p class='ocr_par' dir='ltr' id='par_1_25' title="bbox 653 1475 732 1526">
     <span class='ocr_line' id='line_1_26' title="bbox 653 1475 732 1526; baseline 0 -12"><span class='ocrx_word' id='word_1_138' title='bbox 653 1475 732 1526; x_wconf 90' lang='lat' dir='ltr'><strong>ar,</strong></span> 
     </span>
    </p>
   </div>
   <div class='ocr_carea' id='block_1_26' title="bbox 540 1529 1528 1589">
    <p class='ocr_par' dir='ltr' id='par_1_26' title="bbox 540 1529 1528 1589">
     <span class='ocr_line' id='line_1_27' title="bbox 540 1529 1528 1589; baseline -0.006 0"><span class='ocrx_word' id='word_1_139' title='bbox 540 1540 600 1589; x_wconf 92' lang='lat' dir='ltr'><strong>et</strong></span> <span class='ocrx_word' id='word_1_140' title='bbox 627 1531 795 1587; x_wconf 83' lang='lat' dir='ltr'><strong>facies</strong></span> <span class='ocrx_word' id='word_1_141' title='bbox 815 1545 935 1587; x_wconf 88' lang='lat' dir='ltr'><strong>mea</strong></span> <span class='ocrx_word' id='word_1_142' title='bbox 963 1539 1167 1587; x_wconf 88' lang='lat' dir='ltr'><strong>mutata</strong></span> <span class='ocrx_word' id='word_1_143' title='bbox 1199 1539 1287 1586; x_wconf 89' lang='lat' dir='ltr'><strong>est</strong></span> <span class='ocrx_word' id='word_1_144' title='bbox 1311 1529 1362 1584; x_wconf 93' lang='lat' dir='ltr'><strong>in</strong></span> <span class='ocrx_word' id='word_1_145' title='bbox 1393 1544 1481 1585; x_wconf 92' lang='lat' dir='ltr'><strong>me</strong></span> <span class='ocrx_word' id='word_1_146' title='bbox 1514 1545 1528 1582; x_wconf 88' lang='lat'><strong>:</strong></span> 
     </span>
    </p>
   </div>
   <div class='ocr_carea' id='block_1_27' title="bbox 543 1597 1782 1659">
    <p class='ocr_par' dir='ltr' id='par_1_27' title="bbox 543 1597 1782 1659">
     <span class='ocr_line' id='line_1_28' title="bbox 543 1597 1782 1659; baseline -0.005 0"><span class='ocrx_word' id='word_1_147' title='bbox 543 1604 769 1659; x_wconf 80' lang='lat' dir='ltr'><strong>verbum</strong></span> <span class='ocrx_word' id='word_1_148' title='bbox 802 1611 981 1659; x_wconf 91' lang='lat' dir='ltr'><strong>autem</strong></span> <span class='ocrx_word' id='word_1_149' title='bbox 1013 1606 1066 1658; x_wconf 90' lang='lat' dir='ltr'><strong>in</strong></span> <span class='ocrx_word' id='word_1_150' title='bbox 1095 1603 1260 1659; x_wconf 89' lang='lat' dir='ltr'><strong>corde</strong></span> <span class='ocrx_word' id='word_1_151' title='bbox 1292 1616 1416 1657; x_wconf 88' lang='lat' dir='ltr'><strong>meo</strong></span> <span class='ocrx_word' id='word_1_152' title='bbox 1443 1597 1782 1656; x_wconf 85' lang='lat' dir='ltr'><strong>conservavi.</strong></span> 
     </span>
    </p>
   </div>
   <div class='ocr_carea' id='block_1_28' title="bbox 473 1667 1958 1749">
    <p class='ocr_par' dir='ltr' id='par_1_28' title="bbox 473 1667 1958 1749">
     <span class='ocr_line' id='line_1_29' title="bbox 473 1667 1958 1749; baseline -0.006 -17"><span class='ocrx_word' id='word_1_153' title='bbox 473 1676 494 1749; x_wconf 91' lang='lat'>[</span> <span class='ocrx_word' id='word_1_154' title='bbox 522 1675 668 1749; x_wconf 81' lang='lat' dir='ltr'><strong>Visio</strong></span> <span class='ocrx_word' id='word_1_155' title='bbox 694 1671 860 1745; x_wconf 76' lang='lat' dir='ltr'><strong>Vlll.]</strong></span> <span class='ocrx_word' id='word_1_156' title='bbox 916 1675 1080 1749; x_wconf 24' lang='lat' dir='ltr'><strong>AAnno</strong></span> <span class='ocrx_word' id='word_1_157' title='bbox 1103 1675 1264 1730; x_wconf 88' lang='lat' dir='ltr'><strong>tertio</strong></span> <span class='ocrx_word' id='word_1_158' title='bbox 1292 1673 1443 1744; x_wconf 82' lang='lat' dir='ltr'><strong>regni</strong></span> <span class='ocrx_word' id='word_1_159' title='bbox 1477 1671 1753 1726; x_wconf 86' lang='lat' dir='ltr'><strong>B.tltassar</strong></span> <span class='ocrx_word' id='word_1_160' title='bbox 1790 1667 1958 1742; x_wconf 87' lang='lat' dir='ltr'><strong>regis,</strong></span> 
     </span>
    </p>
   </div>
   <div class='ocr_carea' id='block_1_29' title="bbox 542 1746 1290 1814">
    <p class='ocr_par' dir='ltr' id='par_1_29' title="bbox 542 1746 1290 1814">
     <span class='ocr_line' id='line_1_30' title="bbox 542 1746 1290 1814; baseline 0.005 -14"><span class='ocrx_word' id='word_1_161' title='bbox 542 1747 680 1802; x_wconf 83' lang='lat' dir='ltr'><strong>visio</strong></span> <span class='ocrx_word' id='word_1_162' title='bbox 705 1746 954 1814; x_wconf 83' lang='lat' dir='ltr'><strong>apparuit</strong></span> <span class='ocrx_word' id='word_1_163' title='bbox 985 1748 1141 1803; x_wconf 90' lang='lat' dir='ltr'><strong>mihi.</strong></span> <span class='ocrx_word' id='word_1_164' title='bbox 1287 1749 1290 1754; x_wconf 83' lang='grc'><em>’</em></span> 
     </span>
    </p>
   </div>
   <div class='ocr_carea' id='block_1_30' title="bbox 472 1813 1910 1890">
    <p class='ocr_par' dir='ltr' id='par_1_30' title="bbox 472 1813 1910 1890">
     <span class='ocr_line' id='line_1_31' title="bbox 472 1813 1910 1890; baseline -0.003 -17"><span class='ocrx_word' id='word_1_165' title='bbox 472 1818 587 1890; x_wconf 87' lang='lat' dir='ltr'><strong>Ego</strong></span> <span class='ocrx_word' id='word_1_166' title='bbox 617 1813 824 1890; x_wconf 82' lang='lat' dir='ltr'><strong>Daniel,</strong></span> <span class='ocrx_word' id='word_1_167' title='bbox 857 1828 980 1888; x_wconf 89' lang='lat' dir='ltr'><strong>post</strong></span> <span class='ocrx_word' id='word_1_168' title='bbox 1013 1818 1066 1875; x_wconf 87' lang='lat' dir='ltr'><strong>id</strong></span> <span class='ocrx_word' id='word_1_169' title='bbox 1095 1815 1504 1889; x_wconf 72' lang='lat' dir='ltr'><strong>quod‘videram</strong></span> <span class='ocrx_word' id='word_1_170' title='bbox 1530 1815 1584 1871; x_wconf 91' lang='lat' dir='ltr'><strong>in</strong></span> <span class='ocrx_word' id='word_1_171' title='bbox 1615 1813 1910 1886; x_wconf 89' lang='lat' dir='ltr'><strong>principio,</strong></span> 
     </span>
    </p>
   </div>
   <div class='ocr_carea' id='block_1_31' title="bbox 539 1889 1211 1954">
    <p class='ocr_par' dir='ltr' id='par_1_31' title="bbox 539 1889 1211 1954">
     <span class='ocr_line' id='line_1_32' title="bbox 539 1889 1211 1954; baseline -0.001 -9"><span class='ocrx_word' id='word_1_172' title='bbox 539 1889 651 1945; x_wconf 90' lang='lat' dir='ltr'><strong>vidi</strong></span> <span class='ocrx_word' id='word_1_173' title='bbox 682 1890 736 1944; x_wconf 91' lang='lat' dir='ltr'><strong>in</strong></span> <span class='ocrx_word' id='word_1_174' title='bbox 777 1891 985 1946; x_wconf 87' lang='lat' dir='ltr'><strong>visione</strong></span> <span class='ocrx_word' id='word_1_175' title='bbox 1017 1900 1043 1928; x_wconf 76' lang='grc' dir='ltr'><strong>ιι</strong></span> <span class='ocrx_word' id='word_1_176' title='bbox 1073 1905 1211 1954; x_wconf 89' lang='lat' dir='ltr'><strong>mea,</strong></span> 
     </span>
    </p>
   </div>
   <div class='ocr_carea' id='block_1_32' title="bbox 542 1954 2072 2033">
    <p class='ocr_par' dir='ltr' id='par_1_32' title="bbox 542 1954 2072 2033">
     <span class='ocr_line' id='line_1_33' title="bbox 542 1954 2072 2033; baseline -0.005 -15"><span class='ocrx_word' id='word_1_177' title='bbox 542 1977 664 2018; x_wconf 90' lang='lat' dir='ltr'><strong>cum</strong></span> <span class='ocrx_word' id='word_1_178' title='bbox 686 1975 864 2017; x_wconf 91' lang='lat' dir='ltr'><strong>essem</strong></span> <span class='ocrx_word' id='word_1_179' title='bbox 897 1963 949 2016; x_wconf 90' lang='lat' dir='ltr'><strong>in</strong></span> <span class='ocrx_word' id='word_1_180' title='bbox 977 1961 1132 2019; x_wconf 90' lang='lat' dir='ltr'><strong>Susis</strong></span> <span class='ocrx_word' id='word_1_181' title='bbox 1153 1968 1356 2029; x_wconf 88' lang='lat' dir='ltr'><strong>castro,</strong></span> <span class='ocrx_word' id='word_1_182' title='bbox 1387 1958 1532 2033; x_wconf 93' lang='lat' dir='ltr'><strong>quod</strong></span> <span class='ocrx_word' id='word_1_183' title='bbox 1559 1965 1646 2017; x_wconf 88' lang='lat' dir='ltr'><strong>est</strong></span> <span class='ocrx_word' id='word_1_184' title='bbox 1675 1957 1732 2014; x_wconf 91' lang='lat' dir='ltr'><strong>in</strong></span> <span class='ocrx_word' id='word_1_185' title='bbox 1755 1957 1911 2013; x_wconf 87' lang='lat' dir='ltr'><strong>Elam</strong></span> <span class='ocrx_word' id='word_1_186' title='bbox 1939 1954 2072 2011; x_wconf 88' lang='lat' dir='ltr'><strong>civi-</strong></span> 
     </span>
    </p>
   </div>
   <div class='ocr_carea' id='block_1_33' title="bbox 613 2041 764 2089">
    <p class='ocr_par' dir='ltr' id='par_1_33' title="bbox 613 2041 764 2089">
     <span class='ocr_line' id='line_1_34' title="bbox 613 2041 764 2089; baseline -0.007 -1"><span class='ocrx_word' id='word_1_187' title='bbox 613 2041 725 2089; x_wconf 88' lang='lat' dir='ltr'><strong>tate</strong></span> <span class='ocrx_word' id='word_1_188' title='bbox 750 2049 764 2087; x_wconf 90' lang='lat'><strong>:</strong></span> 
     </span>
    </p>
   </div>
   <div class='ocr_carea' id='block_1_34' title="bbox 468 2103 1113 2162">
    <p class='ocr_par' dir='ltr' id='par_1_34' title="bbox 468 2103 1113 2162">
     <span class='ocr_line' id='line_1_35' title="bbox 468 2103 1113 2162; baseline -0.003 0"><span class='ocrx_word' id='word_1_189' title='bbox 468 2104 591 2162; x_wconf 84' lang='lat' dir='ltr'><strong>Vidi</strong></span> <span class='ocrx_word' id='word_1_190' title='bbox 621 2115 801 2160; x_wconf 89' lang='lat' dir='ltr'><strong>autem</strong></span> <span class='ocrx_word' id='word_1_191' title='bbox 825 2105 880 2160; x_wconf 93' lang='lat' dir='ltr'><strong>in</strong></span> <span class='ocrx_word' id='word_1_192' title='bbox 901 2103 1113 2162; x_wconf 92' lang='lat' dir='ltr'><strong>visione</strong></span> 
     </span>
    </p>
   </div>
   <div class='ocr_carea' id='block_1_35' title="bbox 541 2173 1383 2248">
    <p class='ocr_par' dir='ltr' id='par_1_35' title="bbox 541 2173 1383 2248">
     <span class='ocr_line' id='line_1_36' title="bbox 541 2173 1383 2248; baseline -0.002 -16"><span class='ocrx_word' id='word_1_193' title='bbox 541 2191 667 2233; x_wconf 87' lang='lat' dir='ltr'><strong>esse</strong></span> <span class='ocrx_word' id='word_1_194' title='bbox 699 2191 786 2231; x_wconf 88' lang='lat' dir='ltr'><strong>me</strong></span> <span class='ocrx_word' id='word_1_195' title='bbox 813 2192 978 2248; x_wconf 82' lang='lat' dir='ltr'><strong>super</strong></span> <span class='ocrx_word' id='word_1_196' title='bbox 1000 2183 1210 2247; x_wconf 89' lang='lat' dir='ltr'><strong>portam</strong></span> <span class='ocrx_word' id='word_1_197' title='bbox 1237 2173 1383 2248; x_wconf 87' lang='lat' dir='ltr'><strong>Ulai.</strong></span> 
     </span>
    </p>
   </div>
   <div class='ocr_carea' id='block_1_36' title="bbox 471 2246 1424 2314">
    <p class='ocr_par' dir='ltr' id='par_1_36' title="bbox 471 2246 1424 2314">
     <span class='ocr_line' id='line_1_37' title="bbox 471 2246 1424 2314; baseline -0.001 -10"><span class='ocrx_word' id='word_1_198' title='bbox 471 2247 542 2304; x_wconf 86' lang='lat' dir='ltr'><strong>Et</strong></span> <span class='ocrx_word' id='word_1_199' title='bbox 570 2248 742 2304; x_wconf 82' lang='lat' dir='ltr'><strong>levavi</strong></span> <span class='ocrx_word' id='word_1_200' title='bbox 773 2246 962 2304; x_wconf 90' lang='lat' dir='ltr'><strong>oculos</strong></span> <span class='ocrx_word' id='word_1_201' title='bbox 988 2246 1161 2314; x_wconf 87' lang='lat' dir='ltr'><strong>meos,</strong></span> <span class='ocrx_word' id='word_1_202' title='bbox 1192 2257 1246 2302; x_wconf 91' lang='lat' dir='ltr'><strong>et</strong></span> <span class='ocrx_word' id='word_1_203' title='bbox 1273 2246 1380 2302; x_wconf 89' lang='lat' dir='ltr'><strong>vidi</strong></span> <span class='ocrx_word' id='word_1_204' title='bbox 1410 2263 1424 2302; x_wconf 91' lang='lat'>:</span> 
     </span>
    </p>
   </div>
   <div class='ocr_carea' id='block_1_37' title="bbox 550 2314 2074 2388">
    <p class='ocr_par' dir='ltr' id='par_1_37' title="bbox 550 2314 2074 2388">
     <span class='ocr_line' id='line_1_38' title="bbox 550 2314 2074 2388; baseline -0.005 -12"><span class='ocrx_word' id='word_1_205' title='bbox 550 2327 608 2376; x_wconf 89' lang='lat' dir='ltr'><strong>et</strong></span> <span class='ocrx_word' id='word_1_206' title='bbox 636 2333 766 2375; x_wconf 88' lang='lat' dir='ltr'><strong>ecce</strong></span> <span class='ocrx_word' id='word_1_207' title='bbox 795 2321 940 2375; x_wconf 89' lang='lat' dir='ltr'><strong>aries</strong></span> <span class='ocrx_word' id='word_1_208' title='bbox 987 2334 1129 2374; x_wconf 92' lang='lat' dir='ltr'><strong>unus</strong></span> <span class='ocrx_word' id='word_1_209' title='bbox 1177 2317 1352 2374; x_wconf 79' lang='lat' dir='ltr'><strong>Stabat</strong></span> <span class='ocrx_word' id='word_1_210' title='bbox 1378 2326 1506 2373; x_wconf 91' lang='lat' dir='ltr'><strong>ante</strong></span> <span class='ocrx_word' id='word_1_211' title='bbox 1546 2316 1822 2388; x_wconf 88' lang='lat' dir='ltr'><strong>paludem,</strong></span> <span class='ocrx_word' id='word_1_212' title='bbox 1868 2314 2074 2372; x_wconf 85' lang='lat' dir='ltr'><strong>habens</strong></span> 
     </span>
    </p>
   </div>
   <div class='ocr_carea' id='block_1_38' title="bbox 612 2391 1089 2455">
    <p class='ocr_par' dir='ltr' id='par_1_38' title="bbox 612 2391 1089 2455">
     <span class='ocr_line' id='line_1_39' title="bbox 612 2391 1089 2455; baseline -0.002 -10"><span class='ocrx_word' id='word_1_213' title='bbox 612 2405 818 2446; x_wconf 87' lang='lat' dir='ltr'><strong>cornua</strong></span> <span class='ocrx_word' id='word_1_214' title='bbox 849 2391 1089 2455; x_wconf 78' lang='lat' dir='ltr'><strong>excelsa,</strong></span> 
     </span>
    </p>
   </div>
   <div class='ocr_carea' id='block_1_39' title="bbox 544 2461 1889 2532">
    <p class='ocr_par' dir='ltr' id='par_1_39' title="bbox 544 2461 1889 2532">
     <span class='ocr_line' id='line_1_40' title="bbox 544 2461 1889 2532; baseline -0.003 -15"><span class='ocrx_word' id='word_1_215' title='bbox 544 2470 600 2517; x_wconf 91' lang='lat' dir='ltr'><strong>et</strong></span> <span class='ocrx_word' id='word_1_216' title='bbox 623 2477 786 2516; x_wconf 88' lang='lat' dir='ltr'><strong>unum</strong></span> <span class='ocrx_word' id='word_1_217' title='bbox 817 2463 1095 2518; x_wconf 81' lang='lat' dir='ltr'><strong>excelsius</strong></span> <span class='ocrx_word' id='word_1_218' title='bbox 1121 2461 1294 2516; x_wconf 90' lang='lat' dir='ltr'><strong>altero</strong></span> <span class='ocrx_word' id='word_1_219' title='bbox 1324 2469 1487 2532; x_wconf 89' lang='lat' dir='ltr'><strong>atque</strong></span> <span class='ocrx_word' id='word_1_220' title='bbox 1513 2474 1889 2516; x_wconf 89' lang='lat' dir='ltr'><strong>suceresccns.</strong></span> 
     </span>
    </p>
   </div>
   <div class='ocr_carea' id='block_1_40' title="bbox 476 2532 2075 2605">
    <p class='ocr_par' dir='ltr' id='par_1_40' title="bbox 476 2532 2075 2605">
     <span class='ocr_line' id='line_1_41' title="bbox 476 2532 2075 2605; baseline -0.002 -16"><span class='ocrx_word' id='word_1_221' title='bbox 476 2532 668 2589; x_wconf 83' lang='lat' dir='ltr'><strong>Postea</strong></span> <span class='ocrx_word' id='word_1_222' title='bbox 686 2532 800 2605; x_wconf 74' lang='lat' dir='ltr'><strong>vidi</strong></span> <span class='ocrx_word' id='word_1_223' title='bbox 830 2535 1057 2590; x_wconf 86' lang='lat' dir='ltr'><strong>arietem</strong></span> <span class='ocrx_word' id='word_1_224' title='bbox 1088 2534 1344 2605; x_wconf 85' lang='lat' dir='ltr'><strong>cornibus</strong></span> <span class='ocrx_word' id='word_1_225' title='bbox 1375 2532 1734 2590; x_wconf 88' lang='lat' dir='ltr'><strong>ventilantem</strong></span> <span class='ocrx_word' id='word_1_226' title='bbox 1767 2540 1957 2588; x_wconf 90' lang='lat' dir='ltr'><strong>contra</strong></span> <span class='ocrx_word' id='word_1_227' title='bbox 1980 2545 2075 2587; x_wconf 88' lang='lat' dir='ltr'><strong>oe-</strong></span> 
     </span>
    </p>
   </div>
   <div class='ocr_carea' id='block_1_41' title="bbox 615 2603 911 2670">
    <p class='ocr_par' dir='ltr' id='par_1_41' title="bbox 615 2603 911 2670">
     <span class='ocr_line' id='line_1_42' title="bbox 615 2603 911 2670; baseline 0.007 -11"><span class='ocrx_word' id='word_1_228' title='bbox 615 2603 911 2670; x_wconf 92' lang='lat' dir='ltr'><strong>cidentem,</strong></span> 
     </span>
    </p>
   </div>
   <div class='ocr_carea' id='block_1_42' title="bbox 545 2675 1172 2747">
    <p class='ocr_par' dir='ltr' id='par_1_42' title="bbox 545 2675 1172 2747">
     <span class='ocr_line' id='line_1_43' title="bbox 545 2675 1172 2747; baseline 0.002 -16"><span class='ocrx_word' id='word_1_229' title='bbox 545 2684 602 2732; x_wconf 92' lang='lat' dir='ltr'><strong>et</strong></span> <span class='ocrx_word' id='word_1_230' title='bbox 627 2685 812 2731; x_wconf 88' lang='lat' dir='ltr'><strong>contra</strong></span> <span class='ocrx_word' id='word_1_231' title='bbox 839 2675 1172 2747; x_wconf 87' lang='lat' dir='ltr'><strong>aquilonem,</strong></span> 
     </span>
    </p>
   </div>
   <div class='ocr_carea' id='block_1_43' title="bbox 548 2748 1165 2816">
    <p class='ocr_par' dir='ltr' id='par_1_43' title="bbox 548 2748 1165 2816">
     <span class='ocr_line' id='line_1_44' title="bbox 548 2748 1165 2816; baseline -0.003 -12"><span class='ocrx_word' id='word_1_232' title='bbox 548 2758 603 2804; x_wconf 91' lang='lat' dir='ltr'><strong>et</strong></span> <span class='ocrx_word' id='word_1_233' title='bbox 629 2757 817 2804; x_wconf 91' lang='lat' dir='ltr'><strong>contra</strong></span> <span class='ocrx_word' id='word_1_234' title='bbox 857 2748 1165 2816; x_wconf 85' lang='lat' dir='ltr'><strong>meridiem,</strong></span> 
     </span>
    </p>
   </div>
   <div class='ocr_carea' id='block_1_44' title="bbox 478 2818 1790 2892">
    <p class='ocr_par' dir='ltr' id='par_1_44' title="bbox 478 2818 1790 2892">
     <span class='ocr_line' id='line_1_45' title="bbox 478 2818 1790 2892; baseline -0.001 -16"><span class='ocrx_word' id='word_1_235' title='bbox 478 2818 549 2876; x_wconf 88' lang='lat' dir='ltr'><strong>Et</strong></span> <span class='ocrx_word' id='word_1_236' title='bbox 575 2833 768 2892; x_wconf 83' lang='lat' dir='ltr'><strong>omnes</strong></span> <span class='ocrx_word' id='word_1_237' title='bbox 783 2819 979 2892; x_wconf 78' lang='lat' dir='ltr'><strong>bestia:</strong></span> <span class='ocrx_word' id='word_1_238' title='bbox 1011 2835 1120 2892; x_wconf 89' lang='lat' dir='ltr'><strong>non</strong></span> <span class='ocrx_word' id='word_1_239' title='bbox 1151 2826 1406 2892; x_wconf 84' lang='lat' dir='ltr'><strong>poterant</strong></span> <span class='ocrx_word' id='word_1_240' title='bbox 1430 2818 1689 2876; x_wconf 88' lang='lat' dir='ltr'><strong>resistere</strong></span> <span class='ocrx_word' id='word_1_241' title='bbox 1714 2818 1790 2884; x_wconf 81' lang='lat' dir='ltr'><strong>ei.</strong></span> 
     </span>
    </p>
   </div>
   <div class='ocr_carea' id='block_1_45' title="bbox 554 2889 1453 2961">
    <p class='ocr_par' dir='ltr' id='par_1_45' title="bbox 554 2889 1453 2961">
     <span class='ocr_line' id='line_1_46' title="bbox 554 2889 1453 2961; baseline 0 -17"><span class='ocrx_word' id='word_1_242' title='bbox 554 2904 732 2961; x_wconf 89' lang='lat' dir='ltr'><strong>neque</strong></span> <span class='ocrx_word' id='word_1_243' title='bbox 755 2890 974 2947; x_wconf 89' lang='lat' dir='ltr'><strong>liberari</strong></span> <span class='ocrx_word' id='word_1_244' title='bbox 1003 2891 1073 2947; x_wconf 93' lang='lat' dir='ltr'><strong>de</strong></span> <span class='ocrx_word' id='word_1_245' title='bbox 1100 2889 1260 2946; x_wconf 84' lang='lat' dir='ltr'><strong>manu</strong></span> <span class='ocrx_word' id='word_1_246' title='bbox 1290 2889 1409 2960; x_wconf 87' lang='lat' dir='ltr'><strong>ejus</strong></span> <span class='ocrx_word' id='word_1_247' title='bbox 1439 2907 1453 2944; x_wconf 87' lang='lat'><strong>:</strong></span> 
     </span>
    </p>
   </div>
   <div class='ocr_carea' id='block_1_46' title="bbox 481 2962 1621 3033">
    <p class='ocr_par' dir='ltr' id='par_1_46' title="bbox 481 2962 1621 3033">
     <span class='ocr_line' id='line_1_47' title="bbox 481 2962 1621 3033; baseline 0.001 -15"><span class='ocrx_word' id='word_1_248' title='bbox 481 2962 743 3030; x_wconf 86' lang='lat' dir='ltr'><strong>Fecitque</strong></span> <span class='ocrx_word' id='word_1_249' title='bbox 768 2963 1062 3018; x_wconf 88' lang='lat' dir='ltr'><strong>secundum</strong></span> <span class='ocrx_word' id='word_1_250' title='bbox 1087 2963 1422 3019; x_wconf 86' lang='lat' dir='ltr'><strong>voluntatem</strong></span> <span class='ocrx_word' id='word_1_251' title='bbox 1444 2976 1621 3033; x_wconf 84' lang='lat' dir='ltr'><strong>suam,</strong></span> 
     </span>
    </p>
   </div>
   <div class='ocr_carea' id='block_1_47' title="bbox 556 3034 1160 3104">
    <p class='ocr_par' dir='ltr' id='par_1_47' title="bbox 556 3034 1160 3104">
     <span class='ocr_line' id='line_1_48' title="bbox 556 3034 1160 3104; baseline 0.003 -16"><span class='ocrx_word' id='word_1_252' title='bbox 556 3041 610 3088; x_wconf 90' lang='lat' dir='ltr'><strong>et</strong></span> <span class='ocrx_word' id='word_1_253' title='bbox 632 3034 1005 3104; x_wconf 82' lang='lat' dir='ltr'><strong>magniﬁcatus</strong></span> <span class='ocrx_word' id='word_1_254' title='bbox 1035 3045 1118 3090; x_wconf 90' lang='lat' dir='ltr'><strong>est</strong></span> <span class='ocrx_word' id='word_1_255' title='bbox 1147 3052 1160 3090; x_wconf 87' lang='lat'><strong>:</strong></span> 
     </span>
    </p>
   </div>
   <div class='ocr_carea' id='block_1_48' title="bbox 487 3103 1844 3177">
    <p class='ocr_par' dir='ltr' id='par_1_48' title="bbox 487 3103 1844 3177">
     <span class='ocr_line' id='line_1_49' title="bbox 487 3103 1844 3177; baseline -0.003 -17"><span class='ocrx_word' id='word_1_256' title='bbox 487 3103 560 3160; x_wconf 85' lang='lat' dir='ltr'><strong>Et</strong></span> <span class='ocrx_word' id='word_1_257' title='bbox 583 3117 684 3176; x_wconf 92' lang='lat' dir='ltr'><strong>ego</strong></span> <span class='ocrx_word' id='word_1_258' title='bbox 707 3103 1069 3177; x_wconf 86' lang='lat' dir='ltr'><strong>intelligebam</strong></span> <span class='ocrx_word' id='word_1_259' title='bbox 1102 3124 1114 3160; x_wconf 89' lang='lat'>:</span> <span class='ocrx_word' id='word_1_260' title='bbox 1575 3176 1582 3177; x_wconf 15' lang='grc' dir='ltr'>ί</span> <span class='ocrx_word' id='word_1_261' title='bbox 1727 3174 1740 3177; x_wconf 25' lang='grc' dir='ltr'><strong>Α</strong></span> <span class='ocrx_word' id='word_1_262' title='bbox 1839 3154 1844 3156; x_wconf 81' lang='grc'>,</span> 
     </span>
    </p>
   </div>
   <div class='ocr_carea' id='block_1_49' title="bbox 558 3174 2081 3252">
    <p class='ocr_par' dir='ltr' id='par_1_49' title="bbox 558 3174 2081 3252">
     <span class='ocr_line' id='line_1_50' title="bbox 558 3174 2081 3252; baseline 0.002 -21"><span class='ocrx_word' id='word_1_263' title='bbox 558 3174 689 3232; x_wconf 85' lang='lat' dir='ltr'><strong>ecce</strong></span> <span class='ocrx_word' id='word_1_264' title='bbox 707 3174 1384 3252; x_wconf 59' lang='lat' dir='ltr'><strong>autem&#39;ltircuscaprarum</strong></span> <span class='ocrx_word' id='word_1_265' title='bbox 1409 3176 1662 3234; x_wconf 87' lang='lat' dir='ltr'><strong>veniebat</strong></span> <span class='ocrx_word' id='word_1_266' title='bbox 1691 3174 1761 3232; x_wconf 90' lang='lat' dir='ltr'><strong>ab</strong></span> <span class='ocrx_word' id='word_1_267' title='bbox 1788 3175 2081 3234; x_wconf 89' lang='lat' dir='ltr'><strong>occidente</strong></span> 
     </span>
    </p>
   </div>
   <div class='ocr_carea' id='block_1_50' title="bbox 632 3251 1407 3320">
    <p class='ocr_par' dir='ltr' id='par_1_50' title="bbox 632 3251 1407 3320">
     <span class='ocr_line' id='line_1_51' title="bbox 632 3251 1407 3320; baseline 0.006 -18"><span class='ocrx_word' id='word_1_268' title='bbox 632 3251 797 3316; x_wconf 85' lang='lat' dir='ltr'><strong>super</strong></span> <span class='ocrx_word' id='word_1_269' title='bbox 821 3251 1012 3305; x_wconf 82' lang='lat' dir='ltr'><strong>faciem</strong></span> <span class='ocrx_word' id='word_1_270' title='bbox 1039 3251 1203 3305; x_wconf 88' lang='lat' dir='ltr'><strong>totius</strong></span> <span class='ocrx_word' id='word_1_271' title='bbox 1224 3258 1407 3320; x_wconf 65' lang='lat' dir='ltr'><strong>terrae,</strong></span> 
     </span>
    </p>
   </div>
   <div class='ocr_carea' id='block_1_51' title="bbox 557 3321 1294 3389">
    <p class='ocr_par' dir='ltr' id='par_1_51' title="bbox 557 3321 1294 3389">
     <span class='ocr_line' id='line_1_52' title="bbox 557 3321 1294 3389; baseline 0.004 -16"><span class='ocrx_word' id='word_1_272' title='bbox 557 3325 614 3374; x_wconf 88' lang='lat' dir='ltr'><strong>et</strong></span> <span class='ocrx_word' id='word_1_273' title='bbox 639 3334 747 3374; x_wconf 94' lang='lat' dir='ltr'><strong>non</strong></span> <span class='ocrx_word' id='word_1_274' title='bbox 778 3321 1040 3389; x_wconf 78' lang='lat' dir='ltr'><strong>tangebat</strong></span> <span class='ocrx_word' id='word_1_275' title='bbox 1061 3330 1294 3377; x_wconf 86' lang='lat' dir='ltr'><strong>terram:</strong></span> 
     </span>
    </p>
   </div>
   <div class='ocr_carea' id='block_1_52' title="bbox 559 3389 2088 3463">
    <p class='ocr_par' dir='ltr' id='par_1_52' title="bbox 559 3389 2088 3463">
     <span class='ocr_line' id='line_1_53' title="bbox 559 3389 2088 3463; baseline 0.003 -19"><span class='ocrx_word' id='word_1_276' title='bbox 559 3404 724 3460; x_wconf 79' lang='lat' dir='ltr'><strong>porro</strong></span> <span class='ocrx_word' id='word_1_277' title='bbox 755 3389 940 3448; x_wconf 86' lang='lat' dir='ltr'><strong>hircus</strong></span> <span class='ocrx_word' id='word_1_278' title='bbox 967 3391 1205 3449; x_wconf 85' lang='lat' dir='ltr'><strong>habebat</strong></span> <span class='ocrx_word' id='word_1_279' title='bbox 1229 3406 1398 3448; x_wconf 91' lang='lat' dir='ltr'><strong>cornu</strong></span> <span class='ocrx_word' id='word_1_280' title='bbox 1451 3392 1666 3463; x_wconf 76' lang='lat' dir='ltr'><strong>insigne</strong></span> <span class='ocrx_word' id='word_1_281' title='bbox 1714 3392 1856 3449; x_wconf 90' lang='lat' dir='ltr'><strong>inter</strong></span> <span class='ocrx_word' id='word_1_282' title='bbox 1901 3393 2088 3449; x_wconf 86' lang='lat' dir='ltr'><strong>oculos</strong></span> 
     </span>
    </p>
   </div>
   <div class='ocr_carea' id='block_1_53' title="bbox 632 3477 1416 3517">
    <p class='ocr_par' dir='ltr' id='par_1_53' title="bbox 632 3477 1416 3517">
     <span class='ocr_line' id='line_1_54' title="bbox 632 3477 1416 3517; baseline 0.003 -1"><span class='ocrx_word' id='word_1_283' title='bbox 632 3477 785 3517; x_wconf 74' lang='grc'><strong>81108.</strong></span> <span class='ocrx_word' id='word_1_284' title='bbox 1398 3481 1416 3508; x_wconf 84' lang='lat'><strong>-&#39;</strong></span> 
     </span>
    </p>
   </div>
   <div class='ocr_carea' id='block_1_54' title="bbox 494 3531 1816 3606">
    <p class='ocr_par' dir='ltr' id='par_1_54' title="bbox 494 3531 1816 3606">
     <span class='ocr_line' id='line_1_55' title="bbox 494 3531 1816 3606; baseline 0.003 -19"><span class='ocrx_word' id='word_1_285' title='bbox 494 3531 570 3588; x_wconf 88' lang='lat' dir='ltr'><strong>Et</strong></span> <span class='ocrx_word' id='word_1_286' title='bbox 601 3533 752 3589; x_wconf 88' lang='lat' dir='ltr'><strong>venit</strong></span> <span class='ocrx_word' id='word_1_287' title='bbox 772 3549 943 3606; x_wconf 91' lang='lat' dir='ltr'><strong>usque</strong></span> <span class='ocrx_word' id='word_1_288' title='bbox 969 3536 1039 3592; x_wconf 85' lang='lat' dir='ltr'><strong>ad</strong></span> <span class='ocrx_word' id='word_1_289' title='bbox 1071 3535 1293 3592; x_wconf 88' lang='lat' dir='ltr'><strong>arietem</strong></span> <span class='ocrx_word' id='word_1_290' title='bbox 1328 3535 1477 3591; x_wconf 92' lang='lat' dir='ltr'><strong>illum</strong></span> <span class='ocrx_word' id='word_1_291' title='bbox 1501 3543 1816 3602; x_wconf 86' lang='lat' dir='ltr'><strong>cornutum,</strong></span> 
     </span>
    </p>
   </div>
   <div class='ocr_carea' id='block_1_55' title="bbox 563 3607 1680 3677">
    <p class='ocr_par' dir='ltr' id='par_1_55' title="bbox 563 3607 1680 3677">
     <span class='ocr_line' id='line_1_56' title="bbox 563 3607 1680 3677; baseline 0 -17"><span class='ocrx_word' id='word_1_292' title='bbox 563 3620 724 3672; x_wconf 89' lang='lat' dir='ltr'><strong>quem</strong></span> <span class='ocrx_word' id='word_1_293' title='bbox 756 3607 995 3663; x_wconf 86' lang='lat' dir='ltr'><strong>videram</strong></span> <span class='ocrx_word' id='word_1_294' title='bbox 1028 3617 1262 3664; x_wconf 89' lang='lat' dir='ltr'><strong>stantem</strong></span> <span class='ocrx_word' id='word_1_295' title='bbox 1295 3620 1419 3662; x_wconf 90' lang='lat' dir='ltr'><strong>ante</strong></span> <span class='ocrx_word' id='word_1_296' title='bbox 1450 3615 1680 3677; x_wconf 88' lang='lat' dir='ltr'><strong>portam,</strong></span> 
     </span>
    </p>
   </div>
   <div class='ocr_carea' id='block_1_56' title="bbox 565 3677 1976 3748">
    <p class='ocr_par' dir='ltr' id='par_1_56' title="bbox 565 3677 1976 3748">
     <span class='ocr_line' id='line_1_57' title="bbox 565 3677 1976 3748; baseline 0 -16"><span class='ocrx_word' id='word_1_297' title='bbox 565 3689 617 3732; x_wconf 92' lang='lat' dir='ltr'><strong>et</strong></span> <span class='ocrx_word' id='word_1_298' title='bbox 641 3681 878 3733; x_wconf 89' lang='lat' dir='ltr'><strong>cucurrit</strong></span> <span class='ocrx_word' id='word_1_299' title='bbox 900 3679 966 3733; x_wconf 88' lang='lat' dir='ltr'><strong>ad</strong></span> <span class='ocrx_word' id='word_1_300' title='bbox 997 3695 1118 3734; x_wconf 90' lang='lat' dir='ltr'><strong>eum</strong></span> <span class='ocrx_word' id='word_1_301' title='bbox 1144 3681 1194 3734; x_wconf 93' lang='lat' dir='ltr'><strong>in</strong></span> <span class='ocrx_word' id='word_1_302' title='bbox 1241 3680 1447 3748; x_wconf 79' lang='lat' dir='ltr'><strong>impetu</strong></span> <span class='ocrx_word' id='word_1_303' title='bbox 1479 3677 1812 3734; x_wconf 88' lang='lat' dir='ltr'><strong>lortitudinis</strong></span> <span class='ocrx_word' id='word_1_304' title='bbox 1841 3693 1976 3734; x_wconf 75' lang='lat' dir='ltr'><strong>sum.</strong></span> 
     </span>
    </p>
   </div>
   <div class='ocr_carea' id='block_1_57' title="bbox 495 3747 2090 3832">
    <p class='ocr_par' dir='ltr' id='par_1_57' title="bbox 495 3747 2090 3832">
     <span class='ocr_line' id='line_1_58' title="bbox 495 3747 2090 3832; baseline 0.002 -29"><span class='ocrx_word' id='word_1_305' title='bbox 495 3747 1252 3832; x_wconf 32' lang='lat' dir='ltr'><strong>CutnqueOappropinquasset</strong></span> <span class='ocrx_word' id='word_1_306' title='bbox 1298 3747 1467 3824; x_wconf 89' lang='lat' dir='ltr'><strong>prope</strong></span> <span class='ocrx_word' id='word_1_307' title='bbox 1513 3751 1740 3807; x_wconf 87' lang='lat' dir='ltr'><strong>arietem</strong></span> <span class='ocrx_word' id='word_1_308' title='bbox 1772 3793 1786 3819; x_wconf 95' lang='lat'><strong>,</strong></span> <span class='ocrx_word' id='word_1_309' title='bbox 1835 3749 2090 3808; x_wconf 74' lang='lat' dir='ltr'><strong>efferatus</strong></span> 
     </span>
    </p>
   </div>
   <div class='ocr_carea' id='block_1_58' title="bbox 637 3828 975 3885">
    <p class='ocr_par' dir='ltr' id='par_1_58' title="bbox 637 3828 975 3885">
     <span class='ocr_line' id='line_1_59' title="bbox 637 3828 975 3885; baseline -0.003 -10"><span class='ocrx_word' id='word_1_310' title='bbox 637 3828 720 3875; x_wconf 61' lang='lat' dir='ltr'><strong>est</strong></span> <span class='ocrx_word' id='word_1_311' title='bbox 748 3828 802 3875; x_wconf 86' lang='lat' dir='ltr'><strong>in</strong></span> <span class='ocrx_word' id='word_1_312' title='bbox 831 3837 975 3885; x_wconf 87' lang='lat' dir='ltr'><strong>eum,</strong></span> 
     </span>
    </p>
   </div>
   <div class='ocr_carea' id='block_1_59' title="bbox 570 3893 1216 3960">
    <p class='ocr_par' dir='ltr' id='par_1_59' title="bbox 570 3893 1216 3960">
     <span class='ocr_line' id='line_1_60' title="bbox 570 3893 1216 3960; baseline 0.009 -16"><span class='ocrx_word' id='word_1_313' title='bbox 570 3901 624 3945; x_wconf 89' lang='lat' dir='ltr'><strong>et</strong></span> <span class='ocrx_word' id='word_1_314' title='bbox 654 3893 913 3960; x_wconf 86' lang='lat' dir='ltr'><strong>percussit</strong></span> <span class='ocrx_word' id='word_1_315' title='bbox 944 3893 1168 3950; x_wconf 90' lang='lat' dir='ltr'><strong>arietem</strong></span> <span class='ocrx_word' id='word_1_316' title='bbox 1201 3913 1216 3950; x_wconf 90' lang='lat'><strong>:</strong></span> 
     </span>
    </p>
   </div>
   <div class='ocr_carea' id='block_1_60' title="bbox 410 3960 1449 4038">
    <p class='ocr_par' dir='ltr' id='par_1_60' title="bbox 410 3960 1449 4038">
     <span class='ocr_line' id='line_1_61' title="bbox 410 3960 1449 4038; baseline 0.008 -26"><span class='ocrx_word' id='word_1_317' title='bbox 410 4009 414 4012; x_wconf 83' lang='lat'><strong>.</strong></span> <span class='ocrx_word' id='word_1_318' title='bbox 499 3960 568 4016; x_wconf 88' lang='lat' dir='ltr'><strong>Et</strong></span> <span class='ocrx_word' id='word_1_319' title='bbox 596 3963 912 4018; x_wconf 88' lang='lat' dir='ltr'><strong>comminuit</strong></span> <span class='ocrx_word' id='word_1_320' title='bbox 937 3964 1044 4020; x_wconf 92' lang='lat' dir='ltr'><strong>duo</strong></span> <span class='ocrx_word' id='word_1_321' title='bbox 1076 3981 1278 4022; x_wconf 90' lang='lat' dir='ltr'><strong>cornua</strong></span> <span class='ocrx_word' id='word_1_322' title='bbox 1305 3965 1449 4038; x_wconf 87' lang='lat' dir='ltr'><strong>ejus.</strong></span> 
     </span>
    </p>
   </div>
   <div class='ocr_carea' id='block_1_61' title="bbox 569 4036 1573 4103">
    <p class='ocr_par' dir='ltr' id='par_1_61' title="bbox 569 4036 1573 4103">
     <span class='ocr_line' id='line_1_62' title="bbox 569 4036 1573 4103; baseline 0.006 -15"><span class='ocrx_word' id='word_1_323' title='bbox 569 4043 752 4088; x_wconf 91' lang='lat' dir='ltr'><strong>etnon</strong></span> <span class='ocrx_word' id='word_1_324' title='bbox 778 4045 988 4103; x_wconf 80' lang='lat' dir='ltr'><strong>poterat</strong></span> <span class='ocrx_word' id='word_1_325' title='bbox 1015 4038 1156 4093; x_wconf 91' lang='lat' dir='ltr'><strong>aries</strong></span> <span class='ocrx_word' id='word_1_326' title='bbox 1185 4036 1446 4093; x_wconf 80' lang='lat' dir='ltr'><strong>resistere</strong></span> <span class='ocrx_word' id='word_1_327' title='bbox 1477 4036 1524 4092; x_wconf 92' lang='lat' dir='ltr'><strong>ei</strong></span> <span class='ocrx_word' id='word_1_328' title='bbox 1558 4054 1573 4094; x_wconf 89' lang='lat'><strong>:</strong></span> 
     </span>
    </p>
   </div>
   <div class='ocr_carea' id='block_1_62' title="bbox 498 4102 1820 4176">
    <p class='ocr_par' dir='ltr' id='par_1_62' title="bbox 498 4102 1820 4176">
     <span class='ocr_line' id='line_1_63' title="bbox 498 4102 1820 4176; baseline 0.001 -16"><span class='ocrx_word' id='word_1_329' title='bbox 498 4102 745 4176; x_wconf 88' lang='lat' dir='ltr'><strong>Cumque</strong></span> <span class='ocrx_word' id='word_1_330' title='bbox 771 4102 892 4161; x_wconf 85' lang='lat' dir='ltr'><strong>eum</strong></span> <span class='ocrx_word' id='word_1_331' title='bbox 928 4109 1164 4163; x_wconf 75' lang='lat' dir='ltr'><strong>misisset</strong></span> <span class='ocrx_word' id='word_1_332' title='bbox 1185 4111 1235 4163; x_wconf 90' lang='lat' dir='ltr'><strong>in</strong></span> <span class='ocrx_word' id='word_1_333' title='bbox 1262 4119 1428 4168; x_wconf 88' lang='lat' dir='ltr'><strong>terra.</strong></span> <span class='ocrx_word' id='word_1_334' title='bbox 1460 4107 1820 4175; x_wconf 88' lang='lat' dir='ltr'><strong>conculcavit,</strong></span> 
     </span>
    </p>
   </div>
   <div class='ocr_carea' id='block_1_63' title="bbox 568 4178 2016 4247">
    <p class='ocr_par' dir='ltr' id='par_1_63' title="bbox 568 4178 2016 4247">
     <span class='ocr_line' id='line_1_64' title="bbox 568 4178 2016 4247; baseline 0.004 -17"><span class='ocrx_word' id='word_1_335' title='bbox 568 4185 624 4230; x_wconf 89' lang='lat' dir='ltr'><strong>et</strong></span> <span class='ocrx_word' id='word_1_336' title='bbox 651 4193 812 4233; x_wconf 89' lang='lat' dir='ltr'><strong>nemo</strong></span> <span class='ocrx_word' id='word_1_337' title='bbox 837 4178 1023 4247; x_wconf 74' lang='lat' dir='ltr'><strong>quibat</strong></span> <span class='ocrx_word' id='word_1_338' title='bbox 1052 4179 1288 4234; x_wconf 87' lang='lat' dir='ltr'><strong>liberare</strong></span> <span class='ocrx_word' id='word_1_339' title='bbox 1316 4180 1542 4233; x_wconf 90' lang='lat' dir='ltr'><strong>arietem</strong></span> <span class='ocrx_word' id='word_1_340' title='bbox 1583 4179 1654 4234; x_wconf 92' lang='lat' dir='ltr'><strong>de</strong></span> <span class='ocrx_word' id='word_1_341' title='bbox 1685 4195 1844 4235; x_wconf 87' lang='lat' dir='ltr'><strong>manu</strong></span> <span class='ocrx_word' id='word_1_342' title='bbox 1877 4180 2016 4247; x_wconf 81' lang='lat' dir='ltr'><strong>ejus.</strong></span> 
     </span>
    </p>
   </div>
   <div class='ocr_carea' id='block_1_64' title="bbox 499 4245 2018 4322">
    <p class='ocr_par' dir='ltr' id='par_1_64' title="bbox 499 4245 2018 4322">
     <span class='ocr_line' id='line_1_65' title="bbox 499 4245 2018 4322; baseline 0.005 -21"><span class='ocrx_word' id='word_1_343' title='bbox 499 4245 691 4302; x_wconf 85' lang='lat' dir='ltr'><strong>llircus</strong></span> <span class='ocrx_word' id='word_1_344' title='bbox 719 4245 897 4304; x_wconf 77' lang='lat' dir='ltr'><strong>autem</strong></span> <span class='ocrx_word' id='word_1_345' title='bbox 924 4265 1211 4320; x_wconf 82' lang='lat' dir='ltr'><strong>caprarum</strong></span> <span class='ocrx_word' id='word_1_346' title='bbox 1244 4267 1469 4322; x_wconf 80' lang='lat' dir='ltr'><strong>magnus</strong></span> <span class='ocrx_word' id='word_1_347' title='bbox 1502 4251 1676 4305; x_wconf 81' lang='lat' dir='ltr'><strong>factus</strong></span> <span class='ocrx_word' id='word_1_348' title='bbox 1699 4261 1783 4304; x_wconf 90' lang='lat' dir='ltr'><strong>est</strong></span> <span class='ocrx_word' id='word_1_349' title='bbox 1812 4245 1974 4307; x_wconf 82' lang='lat' dir='ltr'><strong>nimis</strong></span> <span class='ocrx_word' id='word_1_350' title='bbox 2005 4272 2018 4308; x_wconf 86' lang='lat'><strong>:</strong></span> 
     </span>
    </p>
   </div>
   <div class='ocr_carea' id='block_1_65' title="bbox 568 4323 1992 4393">
    <p class='ocr_par' dir='ltr' id='par_1_65' title="bbox 568 4323 1992 4393">
     <span class='ocr_line' id='line_1_66' title="bbox 568 4323 1992 4393; baseline 0.006 -20"><span class='ocrx_word' id='word_1_351' title='bbox 568 4335 798 4390; x_wconf 90' lang='lat' dir='ltr'><strong>eumque</strong></span> <span class='ocrx_word' id='word_1_352' title='bbox 829 4323 1118 4388; x_wconf 87' lang='lat' dir='ltr'><strong>crevisset,</strong></span> <span class='ocrx_word' id='word_1_353' title='bbox 1148 4324 1376 4377; x_wconf 89' lang='lat' dir='ltr'><strong>fractum</strong></span> <span class='ocrx_word' id='word_1_354' title='bbox 1409 4331 1492 4376; x_wconf 89' lang='lat' dir='ltr'><strong>est</strong></span> <span class='ocrx_word' id='word_1_355' title='bbox 1520 4336 1690 4377; x_wconf 90' lang='lat' dir='ltr'><strong>cornu</strong></span> <span class='ocrx_word' id='word_1_356' title='bbox 1717 4338 1992 4393; x_wconf 88' lang='lat' dir='ltr'><strong>magnum,</strong></span> 
     </span>
    </p>
   </div>
   <div class='ocr_carea' id='block_1_66' title="bbox 570 4393 2091 4472">
    <p class='ocr_par' dir='ltr' id='par_1_66' title="bbox 570 4393 2091 4472">
     <span class='ocr_line' id='line_1_67' title="bbox 570 4393 2091 4472; baseline 0.006 -26"><span class='ocrx_word' id='word_1_357' title='bbox 570 4405 622 4446; x_wconf 87' lang='lat' dir='ltr'><strong>et</strong></span> <span class='ocrx_word' id='word_1_358' title='bbox 652 4402 772 4446; x_wconf 91' lang='lat' dir='ltr'><strong>orta</strong></span> <span class='ocrx_word' id='word_1_359' title='bbox 802 4403 927 4448; x_wconf 91' lang='lat' dir='ltr'><strong>sunt</strong></span> <span class='ocrx_word' id='word_1_360' title='bbox 956 4403 1188 4472; x_wconf 82' lang='lat' dir='ltr'><strong>quatuor</strong></span> <span class='ocrx_word' id='word_1_361' title='bbox 1208 4409 1411 4450; x_wconf 92' lang='lat' dir='ltr'><strong>cornua</strong></span> <span class='ocrx_word' id='word_1_362' title='bbox 1453 4394 1640 4449; x_wconf 77' lang='lat' dir='ltr'><strong>subter</strong></span> <span class='ocrx_word' id='word_1_363' title='bbox 1669 4393 1801 4448; x_wconf 88' lang='lat' dir='ltr'><strong>illttd</strong></span> <span class='ocrx_word' id='word_1_364' title='bbox 1832 4410 1926 4465; x_wconf 90' lang='lat' dir='ltr'><strong>per</strong></span> <span class='ocrx_word' id='word_1_365' title='bbox 1954 4415 2091 4472; x_wconf 79' lang='lat' dir='ltr'><strong>qua~</strong></span> 
     </span>
    </p>
   </div>
   <div class='ocr_carea' id='block_1_67' title="bbox 644 4465 1249 4522">
    <p class='ocr_par' dir='ltr' id='par_1_67' title="bbox 644 4465 1249 4522">
     <span class='ocr_line' id='line_1_68' title="bbox 644 4465 1249 4522; baseline 0.01 -5"><span class='ocrx_word' id='word_1_366' title='bbox 644 4476 764 4518; x_wconf 87' lang='lat' dir='ltr'><strong>tuor</strong></span> <span class='ocrx_word' id='word_1_367' title='bbox 792 4475 986 4520; x_wconf 90' lang='lat' dir='ltr'><strong>ventos</strong></span> <span class='ocrx_word' id='word_1_368' title='bbox 1011 4465 1159 4522; x_wconf 72' lang='lat' dir='ltr'><strong>cadi.</strong></span> <span class='ocrx_word' id='word_1_369' title='bbox 1245 4485 1249 4490; x_wconf 68' lang='lat'><em>‘</em></span> 
     </span>
    </p>
   </div>
   <div class='ocr_carea' id='block_1_68' title="bbox 499 4535 2094 4662">
    <p class='ocr_par' dir='ltr' id='par_1_68' title="bbox 499 4535 2094 4662">
     <span class='ocr_line' id='line_1_69' title="bbox 499 4535 2094 4662; baseline 0.006 -72"><span class='ocrx_word' id='word_1_370' title='bbox 499 4535 578 4592; x_wconf 84' lang='lat' dir='ltr'><strong>De</strong></span> <span class='ocrx_word' id='word_1_371' title='bbox 607 4551 715 4662; x_wconf 52' lang='lat' dir='ltr'><strong>nato</strong></span> <span class='ocrx_word' id='word_1_372' title='bbox 736 4548 921 4594; x_wconf 88' lang='lat' dir='ltr'><strong>autem</strong></span> <span class='ocrx_word' id='word_1_373' title='bbox 947 4553 1014 4594; x_wconf 89' lang='lat' dir='ltr'><strong>ex</strong></span> <span class='ocrx_word' id='word_1_374' title='bbox 1043 4539 1126 4594; x_wconf 88' lang='lat' dir='ltr'><strong>eis</strong></span> <span class='ocrx_word' id='word_1_375' title='bbox 1153 4551 1433 4610; x_wconf 87' lang='lat' dir='ltr'><strong>egressum</strong></span> <span class='ocrx_word' id='word_1_376' title='bbox 1461 4546 1545 4594; x_wconf 87' lang='lat' dir='ltr'><strong>est</strong></span> <span class='ocrx_word' id='word_1_377' title='bbox 1572 4551 1744 4594; x_wconf 93' lang='lat' dir='ltr'><strong>cornu</strong></span> <span class='ocrx_word' id='word_1_378' title='bbox 1777 4553 1943 4598; x_wconf 90' lang='lat' dir='ltr'><strong>unum</strong></span> <span class='ocrx_word' id='word_1_379' title='bbox 1976 4557 2094 4601; x_wconf 85' lang='lat' dir='ltr'><strong>mo-</strong></span> 
     </span>
     <span class='ocr_line' id='line_1_70' title="bbox 683 4623 868 4662; baseline 0 0"><span class='ocrx_word' id='word_1_380' title='bbox 683 4623 820 4662; x_wconf 92' lang='lat' dir='ltr'><strong>tcum</strong></span> <span class='ocrx_word' id='word_1_381' title='bbox 855 4628 868 4662; x_wconf 91' lang='lat'><strong>:</strong></span> 
     </span>
    </p>
   </div>
   <div class='ocr_carea' id='block_1_69' title="bbox 683 4623 868 4665">
    <p class='ocr_par' dir='ltr' id='par_1_69' title="bbox 683 4623 868 4665">
     <span class='ocr_line' id='line_1_71' title="bbox 683 4623 868 4665; baseline 0.011 -3"><span class='ocrx_word' id='word_1_382' title='bbox 683 4623 820 4665; x_wconf 91' lang='lat' dir='ltr'><strong>tcum</strong></span> <span class='ocrx_word' id='word_1_383' title='bbox 855 4628 868 4664; x_wconf 76' lang='grc' dir='ltr'>ζ</span> 
     </span>
    </p>
   </div>
   <div class='ocr_carea' id='block_1_70' title="bbox 566 4679 1734 4753">
    <p class='ocr_par' dir='ltr' id='par_1_70' title="bbox 566 4679 1734 4753">
     <span class='ocr_line' id='line_1_72' title="bbox 566 4679 1734 4753; baseline 0.002 -16"><span class='ocrx_word' id='word_1_384' title='bbox 566 4689 624 4737; x_wconf 90' lang='lat' dir='ltr'><strong>et</strong></span> <span class='ocrx_word' id='word_1_385' title='bbox 642 4680 843 4735; x_wconf 90' lang='lat' dir='ltr'><strong>factum</strong></span> <span class='ocrx_word' id='word_1_386' title='bbox 867 4690 949 4736; x_wconf 89' lang='lat' dir='ltr'><strong>est</strong></span> <span class='ocrx_word' id='word_1_387' title='bbox 978 4681 1183 4751; x_wconf 80' lang='lat' dir='ltr'><strong>grande</strong></span> <span class='ocrx_word' id='word_1_388' title='bbox 1203 4689 1392 4738; x_wconf 84' lang='lat' dir='ltr'><strong>contra</strong></span> <span class='ocrx_word' id='word_1_389' title='bbox 1423 4679 1734 4753; x_wconf 85' lang='lat' dir='ltr'><strong>meridiem,</strong></span> 
     </span>
    </p>
   </div>
   <div class='ocr_carea' id='block_1_71' title="bbox 569 4755 1163 4820">
    <p class='ocr_par' dir='ltr' id='par_1_71' title="bbox 569 4755 1163 4820">
     <span class='ocr_line' id='line_1_73' title="bbox 569 4755 1163 4820; baseline 0.002 -13"><span class='ocrx_word' id='word_1_390' title='bbox 569 4761 624 4808; x_wconf 92' lang='lat' dir='ltr'><strong>et</strong></span> <span class='ocrx_word' id='word_1_391' title='bbox 649 4763 839 4806; x_wconf 86' lang='lat' dir='ltr'><strong>contra</strong></span> <span class='ocrx_word' id='word_1_392' title='bbox 869 4755 1163 4820; x_wconf 88' lang='lat' dir='ltr'><strong>orientem,</strong></span> 
     </span>
    </p>
   </div>
   <div class='ocr_carea' id='block_1_72' title="bbox 571 4825 1280 4881">
    <p class='ocr_par' dir='ltr' id='par_1_72' title="bbox 571 4825 1280 4881">
     <span class='ocr_line' id='line_1_74' title="bbox 571 4825 1280 4881; baseline 0.003 -2"><span class='ocrx_word' id='word_1_393' title='bbox 571 4833 627 4879; x_wconf 88' lang='lat' dir='ltr'><strong>et</strong></span> <span class='ocrx_word' id='word_1_394' title='bbox 655 4833 844 4879; x_wconf 83' lang='lat' dir='ltr'><strong>contra</strong></span> <span class='ocrx_word' id='word_1_395' title='bbox 871 4825 1238 4881; x_wconf 80' lang='lat' dir='ltr'><strong>fortitudinem</strong></span> <span class='ocrx_word' id='word_1_396' title='bbox 1267 4843 1280 4880; x_wconf 90' lang='lat'>:</span> 
     </span>
    </p>
   </div>
   <div class='ocr_carea' id='block_1_73' title="bbox 504 4894 2020 4966">
    <p class='ocr_par' dir='ltr' id='par_1_73' title="bbox 504 4894 2020 4966">
     <span class='ocr_line' id='line_1_75' title="bbox 504 4894 2020 4966; baseline 0.003 -14"><span class='ocrx_word' id='word_1_397' title='bbox 504 4896 570 4952; x_wconf 85' lang='lat' dir='ltr'><strong>Et</strong></span> <span class='ocrx_word' id='word_1_398' title='bbox 600 4897 1003 4965; x_wconf 88' lang='lat' dir='ltr'><strong>magniticatum</strong></span> <span class='ocrx_word' id='word_1_399' title='bbox 1033 4907 1117 4952; x_wconf 90' lang='lat' dir='ltr'><strong>est</strong></span> <span class='ocrx_word' id='word_1_400' title='bbox 1145 4911 1314 4966; x_wconf 91' lang='lat' dir='ltr'><strong>usque</strong></span> <span class='ocrx_word' id='word_1_401' title='bbox 1341 4895 1407 4952; x_wconf 92' lang='lat' dir='ltr'><strong>ad</strong></span> <span class='ocrx_word' id='word_1_402' title='bbox 1441 4894 1814 4956; x_wconf 81' lang='lat' dir='ltr'><strong>fortitudinem</strong></span> <span class='ocrx_word' id='word_1_403' title='bbox 1843 4899 1966 4957; x_wconf 70' lang='lat' dir='ltr'><strong>coeli</strong></span> <span class='ocrx_word' id='word_1_404' title='bbox 2005 4917 2020 4957; x_wconf 74' lang='grc' dir='ltr'><strong>ε</strong></span> 
     </span>
    </p>
   </div>
   <div class='ocr_carea' id='block_1_74' title="bbox 574 4968 2104 5040">
    <p class='ocr_par' dir='ltr' id='par_1_74' title="bbox 574 4968 2104 5040">
     <span class='ocr_line' id='line_1_76' title="bbox 574 4968 2104 5040; baseline 0.006 -18"><span class='ocrx_word' id='word_1_405' title='bbox 574 4975 628 5022; x_wconf 92' lang='lat' dir='ltr'><strong>et</strong></span> <span class='ocrx_word' id='word_1_406' title='bbox 651 4969 852 5036; x_wconf 86' lang='lat' dir='ltr'><strong>dejecit</strong></span> <span class='ocrx_word' id='word_1_407' title='bbox 879 4969 948 5024; x_wconf 89' lang='lat' dir='ltr'><strong>de</strong></span> <span class='ocrx_word' id='word_1_408' title='bbox 980 4968 1320 5037; x_wconf 89' lang='lat' dir='ltr'><strong>fortitudine,</strong></span> <span class='ocrx_word' id='word_1_409' title='bbox 1345 4979 1398 5025; x_wconf 89' lang='lat' dir='ltr'><strong>et</strong></span> <span class='ocrx_word' id='word_1_410' title='bbox 1421 4970 1490 5025; x_wconf 92' lang='lat' dir='ltr'><strong>de</strong></span> <span class='ocrx_word' id='word_1_411' title='bbox 1516 4971 1710 5040; x_wconf 89' lang='lat' dir='ltr'><strong>stellis,</strong></span> <span class='ocrx_word' id='word_1_412' title='bbox 1743 4983 1794 5028; x_wconf 90' lang='lat' dir='ltr'><strong>et</strong></span> <span class='ocrx_word' id='word_1_413' title='bbox 1816 4973 2104 5031; x_wconf 85' lang='lat' dir='ltr'><strong>conculca-</strong></span> 
     </span>
    </p>
   </div>
   <div class='ocr_carea' id='block_1_75' title="bbox 646 5043 882 5099">
    <p class='ocr_par' dir='ltr' id='par_1_75' title="bbox 646 5043 882 5099">
     <span class='ocr_line' id='line_1_77' title="bbox 646 5043 882 5099; baseline 0.013 -3"><span class='ocrx_word' id='word_1_414' title='bbox 646 5043 722 5098; x_wconf 89' lang='lat' dir='ltr'><strong>vit</strong></span> <span class='ocrx_word' id='word_1_415' title='bbox 748 5056 842 5099; x_wconf 91' lang='lat' dir='ltr'><strong>eas</strong></span> <span class='ocrx_word' id='word_1_416' title='bbox 869 5061 882 5099; x_wconf 74' lang='grc' dir='ltr'>ε</span> 
     </span>
    </p>
   </div>
   <div class='ocr_carea' id='block_1_76' title="bbox 504 5113 2092 5186">
    <p class='ocr_par' dir='ltr' id='par_1_76' title="bbox 504 5113 2092 5186">
     <span class='ocr_line' id='line_1_78' title="bbox 504 5113 2092 5186; baseline 0.002 -18"><span class='ocrx_word' id='word_1_417' title='bbox 504 5113 576 5168; x_wconf 90' lang='lat' dir='ltr'><strong>Et</strong></span> <span class='ocrx_word' id='word_1_418' title='bbox 595 5129 769 5182; x_wconf 89' lang='lat' dir='ltr'><strong>usque</strong></span> <span class='ocrx_word' id='word_1_419' title='bbox 789 5114 854 5170; x_wconf 92' lang='lat' dir='ltr'><strong>ad</strong></span> <span class='ocrx_word' id='word_1_420' title='bbox 879 5114 1181 5186; x_wconf 88' lang='lat' dir='ltr'><strong>principem</strong></span> <span class='ocrx_word' id='word_1_421' title='bbox 1207 5113 1537 5171; x_wconf 84' lang='lat' dir='ltr'><strong>fortitudinis</strong></span> <span class='ocrx_word' id='word_1_422' title='bbox 1551 5115 1952 5186; x_wconf 83' lang='lat' dir='ltr'><strong>magnificatum</strong></span> <span class='ocrx_word' id='word_1_423' title='bbox 1980 5127 2092 5174; x_wconf 91' lang='lat' dir='ltr'><strong>est:</strong></span> 
     </span>
    </p>
   </div>
   <div class='ocr_carea' id='block_1_77' title="bbox 573 5186 1502 5256">
    <p class='ocr_par' dir='ltr' id='par_1_77' title="bbox 573 5186 1502 5256">
     <span class='ocr_line' id='line_1_79' title="bbox 573 5186 1502 5256; baseline -0.002 -14"><span class='ocrx_word' id='word_1_424' title='bbox 573 5195 630 5242; x_wconf 91' lang='lat' dir='ltr'><strong>et</strong></span> <span class='ocrx_word' id='word_1_425' title='bbox 655 5186 724 5240; x_wconf 89' lang='lat' dir='ltr'><strong>ab</strong></span> <span class='ocrx_word' id='word_1_426' title='bbox 753 5201 820 5241; x_wconf 91' lang='lat' dir='ltr'><strong>eo</strong></span> <span class='ocrx_word' id='word_1_427' title='bbox 849 5188 967 5242; x_wconf 87' lang='lat' dir='ltr'><strong>tulit</strong></span> <span class='ocrx_word' id='word_1_428' title='bbox 995 5187 1123 5256; x_wconf 85' lang='lat' dir='ltr'><strong>juge</strong></span> <span class='ocrx_word' id='word_1_429' title='bbox 1152 5187 1502 5253; x_wconf 84' lang='lat' dir='ltr'><strong>sacrificium,</strong></span> 
     </span>
    </p>
   </div>
   <div class='ocr_carea' id='block_1_78' title="bbox 574 5256 1700 5328">
    <p class='ocr_par' dir='ltr' id='par_1_78' title="bbox 574 5256 1700 5328">
     <span class='ocr_line' id='line_1_80' title="bbox 574 5256 1700 5328; baseline 0.001 -16"><span class='ocrx_word' id='word_1_430' title='bbox 574 5268 630 5312; x_wconf 91' lang='lat' dir='ltr'><strong>et</strong></span> <span class='ocrx_word' id='word_1_431' title='bbox 657 5256 856 5327; x_wconf 89' lang='lat' dir='ltr'><strong>dejecit</strong></span> <span class='ocrx_word' id='word_1_432' title='bbox 881 5258 1056 5313; x_wconf 93' lang='lat' dir='ltr'><strong>locum</strong></span> <span class='ocrx_word' id='word_1_433' title='bbox 1087 5257 1531 5314; x_wconf 81' lang='lat' dir='ltr'><strong>sanctiﬁcationis</strong></span> <span class='ocrx_word' id='word_1_434' title='bbox 1561 5258 1700 5328; x_wconf 88' lang='lat' dir='ltr'><strong>ejus.</strong></span> 
     </span>
    </p>
   </div>
   <div class='ocr_carea' id='block_1_79' title="bbox 504 5327 2095 5402">
    <p class='ocr_par' dir='ltr' id='par_1_79' title="bbox 504 5327 2095 5402">
     <span class='ocr_line' id='line_1_81' title="bbox 504 5327 2095 5402; baseline 0.003 -17"><span class='ocrx_word' id='word_1_435' title='bbox 504 5327 691 5385; x_wconf 80' lang='lat' dir='ltr'><strong>Robur</strong></span> <span class='ocrx_word' id='word_1_436' title='bbox 735 5340 918 5385; x_wconf 90' lang='lat' dir='ltr'><strong>autem</strong></span> <span class='ocrx_word' id='word_1_437' title='bbox 965 5329 1151 5384; x_wconf 90' lang='lat' dir='ltr'><strong>datum</strong></span> <span class='ocrx_word' id='word_1_438' title='bbox 1201 5340 1289 5385; x_wconf 90' lang='lat' dir='ltr'><strong>est</strong></span> <span class='ocrx_word' id='word_1_439' title='bbox 1339 5341 1530 5385; x_wconf 90' lang='lat' dir='ltr'><strong>contra</strong></span> <span class='ocrx_word' id='word_1_440' title='bbox 1582 5327 1712 5402; x_wconf 87' lang='lat' dir='ltr'><strong>juge</strong></span> <span class='ocrx_word' id='word_1_441' title='bbox 1767 5332 2095 5390; x_wconf 81' lang='lat' dir='ltr'><strong>sacrificium</strong></span> 
     </span>
    </p>
   </div>
   <div class='ocr_carea' id='block_1_80' title="bbox 646 5408 1154 5472">
    <p class='ocr_par' dir='ltr' id='par_1_80' title="bbox 646 5408 1154 5472">
     <span class='ocr_line' id='line_1_82' title="bbox 646 5408 1154 5472; baseline -0.006 -16"><span class='ocrx_word' id='word_1_442' title='bbox 646 5410 868 5471; x_wconf 87' lang='lat' dir='ltr'><strong>prepter</strong></span> <span class='ocrx_word' id='word_1_443' title='bbox 893 5408 1117 5472; x_wconf 86' lang='lat' dir='ltr'><strong>peccata</strong></span> <span class='ocrx_word' id='word_1_444' title='bbox 1141 5416 1154 5454; x_wconf 91' lang='lat'><strong>:</strong></span> 
     </span>
    </p>
   </div>
   <div class='ocr_carea' id='block_1_81' title="bbox 511 5545 2096 5617">
    <p class='ocr_par' dir='ltr' id='par_1_81' title="bbox 511 5545 2096 5617">
     <span class='ocr_line' id='line_1_83' title="bbox 511 5545 2096 5617; baseline 0.003 -12"><span class='ocrx_word' id='word_1_445' title='bbox 511 5589 516 5594; x_wconf 76' lang='lat'><strong>.</strong></span> <span class='ocrx_word' id='word_1_446' title='bbox 571 5557 598 5587; x_wconf 72' lang='grc' dir='ltr'>α</span> <span class='ocrx_word' id='word_1_447' title='bbox 638 5546 745 5606; x_wconf 81' lang='lat' dir='ltr'><strong>Sex</strong></span> <span class='ocrx_word' id='word_1_448' title='bbox 773 5547 859 5605; x_wconf 88' lang='lat' dir='ltr'><strong>vel</strong></span> <span class='ocrx_word' id='word_1_449' title='bbox 886 5554 1092 5617; x_wconf 90' lang='lat' dir='ltr'><strong>septem</strong></span> <span class='ocrx_word' id='word_1_450' title='bbox 1123 5559 1234 5602; x_wconf 88' lang='lat' dir='ltr'><strong>mss</strong></span> <span class='ocrx_word' id='word_1_451' title='bbox 1262 5545 1482 5604; x_wconf 89' lang='lat' dir='ltr'><strong>codices</strong></span> <span class='ocrx_word' id='word_1_452' title='bbox 1506 5589 1520 5616; x_wconf 94' lang='lat'><strong>,</strong></span> <span class='ocrx_word' id='word_1_453' title='bbox 1568 5557 1769 5606; x_wconf 90' lang='lat' dir='ltr'><strong>etcum</strong></span> <span class='ocrx_word' id='word_1_454' title='bbox 1801 5549 1884 5606; x_wconf 90' lang='lat' dir='ltr'><strong>eis</strong></span> <span class='ocrx_word' id='word_1_455' title='bbox 1911 5565 2096 5609; x_wconf 86' lang='lat' dir='ltr'><strong>exem-</strong></span> 
     </span>
    </p>
   </div>
   <div class='ocr_carea' id='block_1_82' title="bbox 498 5618 2094 5694">
    <p class='ocr_par' dir='ltr' id='par_1_82' title="bbox 498 5618 2094 5694">
     <span class='ocr_line' id='line_1_84' title="bbox 498 5618 2094 5694; baseline 0.004 -20"><span class='ocrx_word' id='word_1_456' title='bbox 498 5620 670 5693; x_wconf 88' lang='lat' dir='ltr'><strong>plaria</strong></span> <span class='ocrx_word' id='word_1_457' title='bbox 697 5619 1152 5694; x_wconf 31' lang='lat' dir='ltr'><strong>canonis‘legunt</strong></span> <span class='ocrx_word' id='word_1_458' title='bbox 1179 5618 1282 5675; x_wconf 89' lang='lat' dir='ltr'><strong>hoc</strong></span> <span class='ocrx_word' id='word_1_459' title='bbox 1312 5621 1472 5694; x_wconf 81' lang='lat' dir='ltr'><strong>modo</strong></span> <span class='ocrx_word' id='word_1_460' title='bbox 1497 5638 1518 5694; x_wconf 12' lang='lat'><strong>:7</strong></span> <span class='ocrx_word' id='word_1_461' title='bbox 1545 5621 1638 5694; x_wconf 87' lang='lat' dir='ltr'><strong>alii</strong></span> <span class='ocrx_word' id='word_1_462' title='bbox 1671 5638 1800 5678; x_wconf 90' lang='lat' dir='ltr'><strong>vero</strong></span> <span class='ocrx_word' id='word_1_463' title='bbox 1829 5638 1929 5694; x_wconf 92' lang='lat' dir='ltr'><strong>pro</strong></span> <span class='ocrx_word' id='word_1_464' title='bbox 1958 5625 2094 5681; x_wconf 86' lang='lat' dir='ltr'><strong>civi-</strong></span> 
     </span>
    </p>
   </div>
   <div class='ocr_carea' id='block_1_83' title="bbox 502 5689 2092 5768">
    <p class='ocr_par' dir='ltr' id='par_1_83' title="bbox 502 5689 2092 5768">
     <span class='ocr_line' id='line_1_85' title="bbox 502 5689 2092 5768; baseline 0.003 -20"><span class='ocrx_word' id='word_1_465' title='bbox 502 5689 918 5768; x_wconf 84' lang='lat' dir='ltr'><strong>iat_.e_regionem</strong></span> <span class='ocrx_word' id='word_1_466' title='bbox 949 5689 1189 5768; x_wconf 83' lang='lat' dir='ltr'><strong>habent:</strong></span> <span class='ocrx_word' id='word_1_467' title='bbox 1221 5691 1356 5760; x_wconf 84' lang='lat' dir='ltr'><strong>quod</strong></span> <span class='ocrx_word' id='word_1_468' title='bbox 1394 5701 1467 5768; x_wconf 72' lang='lat' dir='ltr'><strong>est</strong></span> <span class='ocrx_word' id='word_1_469' title='bbox 1489 5693 1556 5768; x_wconf 70' lang='lat' dir='ltr'><strong>in</strong></span> <span class='ocrx_word' id='word_1_470' title='bbox 1595 5692 1749 5749; x_wconf 82' lang='lat' dir='ltr'><strong>Elam</strong></span> <span class='ocrx_word' id='word_1_471' title='bbox 1778 5689 2004 5768; x_wconf 73' lang='lat' dir='ltr'><strong>regione.</strong></span> <span class='ocrx_word' id='word_1_472' title='bbox 2037 5696 2092 5753; x_wconf 86' lang='lat' dir='ltr'><strong>1d</strong></span> 
     </span>
    </p>
   </div>
   <div class='ocr_carea' id='block_1_84' title="bbox 505 5763 2100 5836">
    <p class='ocr_par' dir='ltr' id='par_1_84' title="bbox 505 5763 2100 5836">
     <span class='ocr_line' id='line_1_86' title="bbox 505 5763 2100 5836; baseline 0.003 -17"><span class='ocrx_word' id='word_1_473' title='bbox 505 5765 730 5819; x_wconf 86' lang='lat' dir='ltr'><strong>minime</strong></span> <span class='ocrx_word' id='word_1_474' title='bbox 780 5763 1208 5836; x_wconf 69' lang='lat' dir='ltr'><strong>prmtermissum</strong></span> <span class='ocrx_word' id='word_1_475' title='bbox 1247 5773 1337 5836; x_wconf 85' lang='lat' dir='ltr'><strong>est</strong></span> <span class='ocrx_word' id='word_1_476' title='bbox 1374 5764 1443 5818; x_wconf 90' lang='lat' dir='ltr'><strong>ab</strong></span> <span class='ocrx_word' id='word_1_477' title='bbox 1486 5763 1905 5836; x_wconf 55' lang='lat' dir='ltr'><strong>llieronymo&#39;in</strong></span> <span class='ocrx_word' id='word_1_478' title='bbox 1938 5769 2100 5823; x_wconf 92' lang='lat' dir='ltr'><strong>Com-</strong></span> 
     </span>
    </p>
   </div>
   <div class='ocr_carea' id='block_1_85' title="bbox 503 5833 2097 5912">
    <p class='ocr_par' dir='ltr' id='par_1_85' title="bbox 503 5833 2097 5912">
     <span class='ocr_line' id='line_1_87' title="bbox 503 5833 2097 5912; baseline 0.003 -21"><span class='ocrx_word' id='word_1_479' title='bbox 503 5847 673 5912; x_wconf 89' lang='lat' dir='ltr'><strong>ment.</strong></span> <span class='ocrx_word' id='word_1_480' title='bbox 705 5836 867 5912; x_wconf 75' lang='lat' dir='ltr'><strong>hujus</strong></span> <span class='ocrx_word' id='word_1_481' title='bbox 897 5834 1034 5912; x_wconf 90' lang='lat' dir='ltr'><strong>loci,</strong></span> <span class='ocrx_word' id='word_1_482' title='bbox 1063 5833 1140 5912; x_wconf 82' lang='lat' dir='ltr'><strong>sic</strong></span> <span class='ocrx_word' id='word_1_483' title='bbox 1172 5834 1317 5888; x_wconf 90' lang='lat' dir='ltr'><strong>enim</strong></span> <span class='ocrx_word' id='word_1_484' title='bbox 1351 5835 1655 5891; x_wconf 78' lang='lat' dir='ltr'><strong>scribitzln</strong></span> <span class='ocrx_word' id='word_1_485' title='bbox 1691 5833 1840 5912; x_wconf 76' lang='lat' dir='ltr'><strong>Etam</strong></span> <span class='ocrx_word' id='word_1_486' title='bbox 1869 5841 2097 5912; x_wconf 76' lang='lat' dir='ltr'><strong>regione,</strong></span> 
     </span>
    </p>
   </div>
   <div class='ocr_carea' id='block_1_86' title="bbox 431 5905 2102 5983">
    <p class='ocr_par' dir='ltr' id='par_1_86' title="bbox 431 5905 2102 5983">
     <span class='ocr_line' id='line_1_88' title="bbox 431 5905 2102 5983; baseline -0.001 -18"><span class='ocrx_word' id='word_1_487' title='bbox 431 5937 435 5942; x_wconf 44' lang='grc'><em>“</em></span> <span class='ocrx_word' id='word_1_488' title='bbox 503 5911 627 5977; x_wconf 82' lang='lat' dir='ltr'><strong>sive,</strong></span> <span class='ocrx_word' id='word_1_489' title='bbox 658 5913 713 5960; x_wconf 81' lang='lat' dir='ltr'><strong>ut</strong></span> <span class='ocrx_word' id='word_1_490' title='bbox 740 5905 1085 5978; x_wconf 75' lang='lat' dir='ltr'><strong>Symmachus</strong></span> <span class='ocrx_word' id='word_1_491' title='bbox 1107 5906 1469 5978; x_wconf 77' lang='lat' dir='ltr'><strong>interpretatus</strong></span> <span class='ocrx_word' id='word_1_492' title='bbox 1499 5917 1572 5962; x_wconf 84' lang='lat' dir='ltr'><strong>est</strong></span> <span class='ocrx_word' id='word_1_493' title='bbox 1599 5949 1614 5974; x_wconf 91' lang='lat'><strong>,</strong></span> <span class='ocrx_word' id='word_1_494' title='bbox 1656 5911 1898 5966; x_wconf 81' lang='lat' dir='ltr'><strong>civitate:</strong></span> <span class='ocrx_word' id='word_1_495' title='bbox 1927 5905 1958 5964; x_wconf 78' lang='grc' dir='ltr'><strong><em>ἷι</em></strong></span> <span class='ocrx_word' id='word_1_496' title='bbox 2002 5927 2102 5983; x_wconf 83' lang='lat' dir='ltr'><strong>qua</strong></span> 
     </span>
    </p>
   </div>
   <div class='ocr_carea' id='block_1_87' title="bbox 2101 1851 2152 1913">
    <p class='ocr_par' dir='ltr' id='par_1_87' title="bbox 2101 1851 2152 1913">
     <span class='ocr_line' id='line_1_89' title="bbox 2101 1851 2152 1913; baseline 0 0"><span class='ocrx_word' id='word_1_497' title='bbox 2101 1851 2152 1913; x_wconf 87' lang='lat' dir='ltr'><strong>B</strong></span> 
     </span>
    </p>
   </div>
   <div class='ocr_carea' id='block_1_88' title="bbox 2309 1025 2687 1085">
    <p class='ocr_par' dir='ltr' id='par_1_88' title="bbox 2309 1025 2687 1085">
     <span class='ocr_line' id='line_1_90' title="bbox 2309 1025 2687 1085; baseline 0.003 -7"><span class='ocrx_word' id='word_1_498' title='bbox 2309 1025 2388 1085; x_wconf 58' lang='lat' dir='ltr'><strong>lia,</strong></span> <span class='ocrx_word' id='word_1_499' title='bbox 2403 1027 2628 1080; x_wconf 89' lang='lat' dir='ltr'><strong>trecenti</strong></span> <span class='ocrx_word' id='word_1_500' title='bbox 2672 1041 2687 1079; x_wconf 88' lang='lat'><strong>:</strong></span> 
     </span>
    </p>
   </div>
   <div class='ocr_carea' id='block_1_89' title="bbox 2240 1095 3107 1152">
    <p class='ocr_par' dir='ltr' id='par_1_89' title="bbox 2240 1095 3107 1152">
     <span class='ocr_line' id='line_1_91' title="bbox 2240 1095 3107 1152; baseline 0 -2"><span class='ocrx_word' id='word_1_501' title='bbox 2240 1104 2292 1150; x_wconf 90' lang='lat' dir='ltr'><strong>et</strong></span> <span class='ocrx_word' id='word_1_502' title='bbox 2325 1095 2671 1152; x_wconf 89' lang='lat' dir='ltr'><strong>nntndabitur</strong></span> <span class='ocrx_word' id='word_1_503' title='bbox 2698 1096 3064 1152; x_wconf 88' lang='lat' dir='ltr'><strong>sanctuarium</strong></span> <span class='ocrx_word' id='word_1_504' title='bbox 3093 1114 3107 1150; x_wconf 93' lang='lat'><strong>:</strong></span> 
     </span>
    </p>
   </div>
   <div class='ocr_carea' id='block_1_90' title="bbox 2170 1165 3760 1237">
    <p class='ocr_par' dir='ltr' id='par_1_90' title="bbox 2170 1165 3760 1237">
     <span class='ocr_line' id='line_1_92' title="bbox 2170 1165 3760 1237; baseline 0 -15"><span class='ocrx_word' id='word_1_505' title='bbox 2170 1165 2393 1222; x_wconf 87' lang='lat' dir='ltr'><strong>Factum</strong></span> <span class='ocrx_word' id='word_1_506' title='bbox 2417 1177 2692 1225; x_wconf 89' lang='lat' dir='ltr'><strong>estautem</strong></span> <span class='ocrx_word' id='word_1_507' title='bbox 2717 1184 2837 1224; x_wconf 91' lang='lat' dir='ltr'><strong>cum</strong></span> <span class='ocrx_word' id='word_1_508' title='bbox 2860 1169 3099 1224; x_wconf 89' lang='lat' dir='ltr'><strong>viderem</strong></span> <span class='ocrx_word' id='word_1_509' title='bbox 3119 1183 3222 1237; x_wconf 84' lang='lat' dir='ltr'><strong>ego</strong></span> <span class='ocrx_word' id='word_1_510' title='bbox 3246 1165 3437 1224; x_wconf 89' lang='lat' dir='ltr'><strong>Daniel</strong></span> <span class='ocrx_word' id='word_1_511' title='bbox 3467 1166 3760 1234; x_wconf 86' lang='lat' dir='ltr'><strong>visionem,</strong></span> 
     </span>
    </p>
   </div>
   <div class='ocr_carea' id='block_1_91' title="bbox 2241 1239 3668 1324">
    <p class='ocr_par' dir='ltr' id='par_1_91' title="bbox 2241 1239 3668 1324">
     <span class='ocr_line' id='line_1_93' title="bbox 2241 1239 3668 1324; baseline 0.01 -31"><span class='ocrx_word' id='word_1_512' title='bbox 2241 1249 2297 1294; x_wconf 91' lang='lat' dir='ltr'><strong>et</strong></span> <span class='ocrx_word' id='word_1_513' title='bbox 2325 1254 2629 1324; x_wconf 70' lang='lat' dir='ltr'><strong>quzererem</strong></span> <span class='ocrx_word' id='word_1_514' title='bbox 2658 1239 3072 1311; x_wconf 83' lang='lat' dir='ltr'><strong>intelligentiam</strong></span> <span class='ocrx_word' id='word_1_515' title='bbox 3103 1255 3120 1295; x_wconf 93' lang='lat'><strong>:</strong></span> <span class='ocrx_word' id='word_1_516' title='bbox 3289 1310 3302 1324; x_wconf 42' lang='grc' dir='ltr'><strong>ο</strong></span> <span class='ocrx_word' id='word_1_517' title='bbox 3469 1312 3481 1323; x_wconf 84' lang='lat'>_</span> <span class='ocrx_word' id='word_1_518' title='bbox 3605 1309 3618 1321; x_wconf 62' lang='grc'>,</span> <span class='ocrx_word' id='word_1_519' title='bbox 3656 1309 3668 1321; x_wconf 70' lang='grc'>,</span> 
     </span>
    </p>
   </div>
   <div class='ocr_carea' id='block_1_92' title="bbox 2243 1319 3691 1383">
    <p class='ocr_par' dir='ltr' id='par_1_92' title="bbox 2243 1319 3691 1383">
     <span class='ocr_line' id='line_1_94' title="bbox 2243 1319 3691 1383; baseline 0 -19"><span class='ocrx_word' id='word_1_520' title='bbox 2243 1325 2372 1383; x_wconf 84' lang='lat' dir='ltr'><strong>ecce</strong></span> <span class='ocrx_word' id='word_1_521' title='bbox 2401 1319 2551 1367; x_wconf 85' lang='lat' dir='ltr'><strong>stetit</strong></span> <span class='ocrx_word' id='word_1_522' title='bbox 2577 1319 2630 1368; x_wconf 83' lang='lat' dir='ltr'><strong>in</strong></span> <span class='ocrx_word' id='word_1_523' title='bbox 2659 1322 2952 1380; x_wconf 88' lang='lat' dir='ltr'><strong>conspectu</strong></span> <span class='ocrx_word' id='word_1_524' title='bbox 2985 1328 3108 1366; x_wconf 90' lang='lat' dir='ltr'><strong>meo</strong></span> <span class='ocrx_word' id='word_1_525' title='bbox 3150 1319 3304 1381; x_wconf 89' lang='lat' dir='ltr'><strong>quasi</strong></span> <span class='ocrx_word' id='word_1_526' title='bbox 3333 1319 3549 1383; x_wconf 85' lang='lat' dir='ltr'><strong>species</strong></span> <span class='ocrx_word' id='word_1_527' title='bbox 3567 1319 3691 1366; x_wconf 71' lang='lat' dir='ltr'><strong>Viri.</strong></span> 
     </span>
    </p>
   </div>
   <div class='ocr_carea' id='block_1_93' title="bbox 2174 1381 3178 1441">
    <p class='ocr_par' dir='ltr' id='par_1_93' title="bbox 2174 1381 3178 1441">
     <span class='ocr_line' id='line_1_95' title="bbox 2174 1381 3178 1441; baseline 0.001 -5"><span class='ocrx_word' id='word_1_528' title='bbox 2174 1381 2244 1436; x_wconf 79' lang='lat' dir='ltr'><strong>Et</strong></span> <span class='ocrx_word' id='word_1_529' title='bbox 2273 1381 2459 1438; x_wconf 90' lang='lat' dir='ltr'><strong>audivi</strong></span> <span class='ocrx_word' id='word_1_530' title='bbox 2489 1399 2677 1440; x_wconf 86' lang='lat' dir='ltr'><strong>vocem</strong></span> <span class='ocrx_word' id='word_1_531' title='bbox 2703 1384 2803 1440; x_wconf 84' lang='lat' dir='ltr'><strong>viri</strong></span> <span class='ocrx_word' id='word_1_532' title='bbox 2828 1384 2970 1440; x_wconf 90' lang='lat' dir='ltr'><strong>inter</strong></span> <span class='ocrx_word' id='word_1_533' title='bbox 3001 1383 3121 1441; x_wconf 90' lang='lat' dir='ltr'><strong>Ulai</strong></span> <span class='ocrx_word' id='word_1_534' title='bbox 3165 1402 3178 1437; x_wconf 92' lang='lat'>:</span> 
     </span>
    </p>
   </div>
   <div class='ocr_carea' id='block_1_94' title="bbox 2245 1454 2827 1523">
    <p class='ocr_par' dir='ltr' id='par_1_94' title="bbox 2245 1454 2827 1523">
     <span class='ocr_line' id='line_1_96' title="bbox 2245 1454 2827 1523; baseline 0.003 -16"><span class='ocrx_word' id='word_1_535' title='bbox 2245 1463 2299 1507; x_wconf 90' lang='lat' dir='ltr'><strong>et</strong></span> <span class='ocrx_word' id='word_1_536' title='bbox 2323 1454 2598 1523; x_wconf 89' lang='lat' dir='ltr'><strong>clamavit,</strong></span> <span class='ocrx_word' id='word_1_537' title='bbox 2631 1465 2687 1512; x_wconf 92' lang='lat' dir='ltr'><strong>et</strong></span> <span class='ocrx_word' id='word_1_538' title='bbox 2707 1457 2784 1510; x_wconf 87' lang='lat' dir='ltr'><strong>ait</strong></span> <span class='ocrx_word' id='word_1_539' title='bbox 2812 1472 2827 1509; x_wconf 88' lang='lat'><strong>:</strong></span> 
     </span>
    </p>
   </div>
   <div class='ocr_carea' id='block_1_95' title="bbox 2245 1524 3444 1598">
    <p class='ocr_par' dir='ltr' id='par_1_95' title="bbox 2245 1524 3444 1598">
     <span class='ocr_line' id='line_1_97' title="bbox 2245 1524 3444 1598; baseline 0.001 -17"><span class='ocrx_word' id='word_1_540' title='bbox 2245 1524 2490 1593; x_wconf 89' lang='lat' dir='ltr'><strong>Gabriel,</strong></span> <span class='ocrx_word' id='word_1_541' title='bbox 2518 1526 2602 1581; x_wconf 89' lang='lat' dir='ltr'><strong>fac</strong></span> <span class='ocrx_word' id='word_1_542' title='bbox 2629 1528 2929 1598; x_wconf 82' lang='lat' dir='ltr'><strong>intelligere</strong></span> <span class='ocrx_word' id='word_1_543' title='bbox 2967 1527 3124 1582; x_wconf 91' lang='lat' dir='ltr'><strong>istam</strong></span> <span class='ocrx_word' id='word_1_544' title='bbox 3157 1528 3444 1583; x_wconf 88' lang='lat' dir='ltr'><strong>visionem.</strong></span> 
     </span>
    </p>
   </div>
   <div class='ocr_carea' id='block_1_96' title="bbox 2176 1597 3413 1670">
    <p class='ocr_par' dir='ltr' id='par_1_96' title="bbox 2176 1597 3413 1670">
     <span class='ocr_line' id='line_1_98' title="bbox 2176 1597 3413 1670; baseline 0.001 -18"><span class='ocrx_word' id='word_1_545' title='bbox 2176 1597 2244 1652; x_wconf 80' lang='lat' dir='ltr'><strong>Et</strong></span> <span class='ocrx_word' id='word_1_546' title='bbox 2267 1597 2437 1662; x_wconf 87' lang='lat' dir='ltr'><strong>venit,</strong></span> <span class='ocrx_word' id='word_1_547' title='bbox 2469 1606 2524 1653; x_wconf 93' lang='lat' dir='ltr'><strong>et</strong></span> <span class='ocrx_word' id='word_1_548' title='bbox 2553 1600 2703 1654; x_wconf 88' lang='lat' dir='ltr'><strong>stetit</strong></span> <span class='ocrx_word' id='word_1_549' title='bbox 2729 1597 2882 1669; x_wconf 89' lang='lat' dir='ltr'><strong>juxta</strong></span> <span class='ocrx_word' id='word_1_550' title='bbox 2911 1599 2999 1654; x_wconf 89' lang='lat' dir='ltr'><strong>ubi</strong></span> <span class='ocrx_word' id='word_1_551' title='bbox 3025 1615 3127 1670; x_wconf 89' lang='lat' dir='ltr'><strong>ego</strong></span> <span class='ocrx_word' id='word_1_552' title='bbox 3150 1602 3359 1655; x_wconf 89' lang='lat' dir='ltr'><strong>stabam</strong></span> <span class='ocrx_word' id='word_1_553' title='bbox 3399 1617 3413 1653; x_wconf 92' lang='lat'>:</span> 
     </span>
    </p>
   </div>
   <div class='ocr_carea' id='block_1_97' title="bbox 2248 1669 3732 1795">
    <p class='ocr_par' dir='ltr' id='par_1_97' title="bbox 2248 1669 3732 1795">
     <span class='ocr_line' id='line_1_99' title="bbox 2248 1669 3732 1795; baseline 0.001 -71"><span class='ocrx_word' id='word_1_554' title='bbox 2248 1672 2764 1795; x_wconf 67' lang='lat' dir='ltr'><strong>cinnquedvenisset,</strong></span> <span class='ocrx_word' id='word_1_555' title='bbox 2799 1685 3004 1743; x_wconf 88' lang='lat' dir='ltr'><strong>pavens</strong></span> <span class='ocrx_word' id='word_1_556' title='bbox 3025 1669 3205 1728; x_wconf 87' lang='lat' dir='ltr'><strong>corrui</strong></span> <span class='ocrx_word' id='word_1_557' title='bbox 3234 1673 3287 1728; x_wconf 93' lang='lat' dir='ltr'><strong>in</strong></span> <span class='ocrx_word' id='word_1_558' title='bbox 3314 1669 3501 1727; x_wconf 90' lang='lat' dir='ltr'><strong>faciem</strong></span> <span class='ocrx_word' id='word_1_559' title='bbox 3531 1685 3732 1740; x_wconf 86' lang='lat' dir='ltr'><strong>meam,</strong></span> 
     </span>
     <span class='ocr_line' id='line_1_100' title="bbox 2249 1750 2665 1795; baseline 0 0"><span class='ocrx_word' id='word_1_560' title='bbox 2249 1756 2278 1795; x_wconf 93' lang='lat' dir='ltr'><strong>e</strong></span> <span class='ocrx_word' id='word_1_561' title='bbox 2331 1750 2408 1795; x_wconf 88' lang='lat' dir='ltr'><strong>att</strong></span> <span class='ocrx_word' id='word_1_562' title='bbox 2437 1756 2466 1794; x_wconf 91' lang='lat' dir='ltr'><strong>a</strong></span> <span class='ocrx_word' id='word_1_563' title='bbox 2538 1757 2665 1795; x_wconf 88' lang='lat' dir='ltr'><strong>me:</strong></span> 
     </span>
    </p>
   </div>
   <div class='ocr_carea' id='block_1_98' title="bbox 2249 1750 2665 1797">
    <p class='ocr_par' dir='ltr' id='par_1_98' title="bbox 2249 1750 2665 1797">
     <span class='ocr_line' id='line_1_101' title="bbox 2249 1750 2665 1797; baseline 0.005 -2"><span class='ocrx_word' id='word_1_564' title='bbox 2249 1750 2303 1795; x_wconf 91' lang='lat' dir='ltr'><strong>et</strong></span> <span class='ocrx_word' id='word_1_565' title='bbox 2331 1750 2408 1795; x_wconf 81' lang='lat' dir='ltr'><strong>all</strong></span> <span class='ocrx_word' id='word_1_566' title='bbox 2437 1750 2503 1795; x_wconf 85' lang='lat' dir='ltr'><strong>ad</strong></span> <span class='ocrx_word' id='word_1_567' title='bbox 2538 1757 2626 1797; x_wconf 92' lang='lat' dir='ltr'><strong>me</strong></span> <span class='ocrx_word' id='word_1_568' title='bbox 2651 1761 2665 1797; x_wconf 83' lang='lat'>:</span> 
     </span>
    </p>
   </div>
   <div class='ocr_carea' id='block_1_99' title="bbox 2177 1810 2839 1882">
    <p class='ocr_par' dir='ltr' id='par_1_99' title="bbox 2177 1810 2839 1882">
     <span class='ocr_line' id='line_1_102' title="bbox 2177 1810 2839 1882; baseline 0.003 -15"><span class='ocrx_word' id='word_1_569' title='bbox 2177 1810 2443 1882; x_wconf 84' lang='lat' dir='ltr'><strong>lntellige,</strong></span> <span class='ocrx_word' id='word_1_570' title='bbox 2480 1812 2552 1868; x_wconf 84' lang='lat' dir='ltr'><strong>fili</strong></span> <span class='ocrx_word' id='word_1_571' title='bbox 2586 1814 2839 1881; x_wconf 84' lang='lat' dir='ltr'><strong>hominis,</strong></span> 
     </span>
    </p>
   </div>
   <div class='ocr_carea' id='block_1_100' title="bbox 2250 1883 3586 1957">
    <p class='ocr_par' dir='ltr' id='par_1_100' title="bbox 2250 1883 3586 1957">
     <span class='ocr_line' id='line_1_103' title="bbox 2250 1883 3586 1957; baseline 0.001 -19"><span class='ocrx_word' id='word_1_572' title='bbox 2250 1886 2499 1957; x_wconf 86' lang='lat' dir='ltr'><strong>quoniam</strong></span> <span class='ocrx_word' id='word_1_573' title='bbox 2522 1884 2579 1940; x_wconf 90' lang='lat' dir='ltr'><strong>in</strong></span> <span class='ocrx_word' id='word_1_574' title='bbox 2607 1896 2852 1955; x_wconf 89' lang='lat' dir='ltr'><strong>tempore</strong></span> <span class='ocrx_word' id='word_1_575' title='bbox 2883 1885 3009 1941; x_wconf 84' lang='lat' dir='ltr'><strong>ﬂuis</strong></span> <span class='ocrx_word' id='word_1_576' title='bbox 3032 1885 3398 1957; x_wconf 89' lang='lat' dir='ltr'><strong>eomplebitur</strong></span> <span class='ocrx_word' id='word_1_577' title='bbox 3425 1883 3586 1940; x_wconf 90' lang='lat' dir='ltr'><strong>visio.</strong></span> 
     </span>
    </p>
   </div>
   <div class='ocr_carea' id='block_1_101' title="bbox 2176 1955 3850 2030">
    <p class='ocr_par' dir='ltr' id='par_1_101' title="bbox 2176 1955 3850 2030">
     <span class='ocr_line' id='line_1_104' title="bbox 2176 1955 3850 2030; baseline 0 -17"><span class='ocrx_word' id='word_1_578' title='bbox 2176 1955 2420 2026; x_wconf 88' lang='lat' dir='ltr'><strong>Cumque</strong></span> <span class='ocrx_word' id='word_1_579' title='bbox 2441 1956 2760 2028; x_wconf 68' lang='lat' dir='ltr'><strong>loqueretur,</strong></span> <span class='ocrx_word' id='word_1_580' title='bbox 2785 1957 2852 2013; x_wconf 89' lang='lat' dir='ltr'><strong>ad</strong></span> <span class='ocrx_word' id='word_1_581' title='bbox 2881 1973 2991 2027; x_wconf 91' lang='lat' dir='ltr'><strong>me,</strong></span> <span class='ocrx_word' id='word_1_582' title='bbox 3013 1955 3286 2030; x_wconf 88' lang='lat' dir='ltr'><strong>collapsus</strong></span> <span class='ocrx_word' id='word_1_583' title='bbox 3324 1973 3444 2013; x_wconf 87' lang='lat' dir='ltr'><strong>sum</strong></span> <span class='ocrx_word' id='word_1_584' title='bbox 3484 1973 3687 2029; x_wconf 88' lang='lat' dir='ltr'><strong>pronus</strong></span> <span class='ocrx_word' id='word_1_585' title='bbox 3716 1958 3772 2014; x_wconf 92' lang='lat' dir='ltr'><strong>in</strong></span> <span class='ocrx_word' id='word_1_586' title='bbox 3829 1978 3850 1997; x_wconf 75' lang='grc' dir='ltr'><strong><em>ο</em></strong></span> 
     </span>
    </p>
   </div>
   <div class='ocr_carea' id='block_1_102' title="bbox 2325 2036 2549 2094">
    <p class='ocr_par' dir='ltr' id='par_1_102' title="bbox 2325 2036 2549 2094">
     <span class='ocr_line' id='line_1_105' title="bbox 2325 2036 2549 2094; baseline 0.009 -13"><span class='ocrx_word' id='word_1_587' title='bbox 2325 2036 2549 2094; x_wconf 89' lang='lat' dir='ltr'><strong>terram,</strong></span> 
     </span>
    </p>
   </div>
   <div class='ocr_carea' id='block_1_103' title="bbox 2246 2099 3764 2225">
    <p class='ocr_par' dir='ltr' id='par_1_103' title="bbox 2246 2099 3764 2225">
     <span class='ocr_line' id='line_1_106' title="bbox 2246 2099 3764 2225; baseline 0.002 -70"><span class='ocrx_word' id='word_1_588' title='bbox 2246 2106 2302 2155; x_wconf 93' lang='lat' dir='ltr'><strong>et</strong></span> <span class='ocrx_word' id='word_1_589' title='bbox 2330 2101 2505 2225; x_wconf 71' lang='lat' dir='ltr'><strong>tetligit</strong></span> <span class='ocrx_word' id='word_1_590' title='bbox 2530 2115 2636 2168; x_wconf 88' lang='lat' dir='ltr'><strong>me,</strong></span> <span class='ocrx_word' id='word_1_591' title='bbox 2659 2109 2714 2157; x_wconf 92' lang='lat' dir='ltr'><strong>et</strong></span> <span class='ocrx_word' id='word_1_592' title='bbox 2745 2100 2936 2156; x_wconf 89' lang='lat' dir='ltr'><strong>statuit</strong></span> <span class='ocrx_word' id='word_1_593' title='bbox 2959 2117 3046 2158; x_wconf 92' lang='lat' dir='ltr'><strong>me</strong></span> <span class='ocrx_word' id='word_1_594' title='bbox 3075 2102 3130 2157; x_wconf 90' lang='lat' dir='ltr'><strong>in</strong></span> <span class='ocrx_word' id='word_1_595' title='bbox 3158 2101 3326 2174; x_wconf 88' lang='lat' dir='ltr'><strong>gradu</strong></span> <span class='ocrx_word' id='word_1_596' title='bbox 3354 2115 3497 2167; x_wconf 90' lang='lat' dir='ltr'><strong>meo,</strong></span> <span class='ocrx_word' id='word_1_597' title='bbox 3516 2099 3764 2171; x_wconf 74' lang='lat' dir='ltr'><strong>dixitque</strong></span> 
     </span>
     <span class='ocr_line' id='line_1_107' title="bbox 2322 2186 2502 2225; baseline 0 0"><span class='ocrx_word' id='word_1_598' title='bbox 2322 2186 2392 2225; x_wconf 91' lang='lat' dir='ltr'><strong>mt</strong></span> <span class='ocrx_word' id='word_1_599' title='bbox 2417 2188 2450 2225; x_wconf 87' lang='lat' dir='ltr'><strong>tt</strong></span> <span class='ocrx_word' id='word_1_600' title='bbox 2488 2187 2502 2225; x_wconf 92' lang='lat'>:</span> 
     </span>
    </p>
   </div>
   <div class='ocr_carea' id='block_1_104' title="bbox 2322 2186 2502 2226">
    <p class='ocr_par' dir='ltr' id='par_1_104' title="bbox 2322 2186 2502 2226">
     <span class='ocr_line' id='line_1_108' title="bbox 2322 2186 2502 2226; baseline 0 0"><span class='ocrx_word' id='word_1_601' title='bbox 2322 2186 2450 2226; x_wconf 84' lang='lat' dir='ltr'><strong>mllll</strong></span> <span class='ocrx_word' id='word_1_602' title='bbox 2488 2187 2502 2226; x_wconf 73' lang='grc' dir='ltr'><strong>Ξ</strong></span> 
     </span>
    </p>
   </div>
   <div class='ocr_carea' id='block_1_105' title="bbox 2177 2240 3774 2317">
    <p class='ocr_par' dir='ltr' id='par_1_105' title="bbox 2177 2240 3774 2317">
     <span class='ocr_line' id='line_1_109' title="bbox 2177 2240 3774 2317; baseline 0.001 -19"><span class='ocrx_word' id='word_1_603' title='bbox 2177 2240 2294 2314; x_wconf 83' lang='lat' dir='ltr'><strong>Ego</strong></span> <span class='ocrx_word' id='word_1_604' title='bbox 2315 2243 2599 2317; x_wconf 80' lang='lat' dir='ltr'><strong>ostendam</strong></span> <span class='ocrx_word' id='word_1_605' title='bbox 2625 2242 2721 2300; x_wconf 89' lang='lat' dir='ltr'><strong>tibi</strong></span> <span class='ocrx_word' id='word_1_606' title='bbox 2745 2259 2868 2317; x_wconf 73' lang='lat' dir='ltr'><strong>qute</strong></span> <span class='ocrx_word' id='word_1_607' title='bbox 2891 2244 3067 2302; x_wconf 88' lang='lat' dir='ltr'><strong>futura</strong></span> <span class='ocrx_word' id='word_1_608' title='bbox 3096 2254 3223 2302; x_wconf 91' lang='lat' dir='ltr'><strong>sunt</strong></span> <span class='ocrx_word' id='word_1_609' title='bbox 3248 2245 3304 2301; x_wconf 91' lang='lat' dir='ltr'><strong>in</strong></span> <span class='ocrx_word' id='word_1_610' title='bbox 3336 2244 3636 2302; x_wconf 90' lang='lat' dir='ltr'><strong>novissimo</strong></span> <span class='ocrx_word' id='word_1_611' title='bbox 3658 2261 3774 2302; x_wconf 91' lang='lat' dir='ltr'><strong>ma-</strong></span> 
     </span>
    </p>
   </div>
   <div class='ocr_carea' id='block_1_106' title="bbox 2324 2314 2678 2370">
    <p class='ocr_par' dir='ltr' id='par_1_106' title="bbox 2324 2314 2678 2370">
     <span class='ocr_line' id='line_1_110' title="bbox 2324 2314 2678 2370; baseline 0 -2"><span class='ocrx_word' id='word_1_612' title='bbox 2324 2314 2631 2370; x_wconf 81' lang='lat' dir='ltr'><strong>lediCtionis</strong></span> <span class='ocrx_word' id='word_1_613' title='bbox 2667 2335 2678 2368; x_wconf 92' lang='lat'><strong>:</strong></span> 
     </span>
    </p>
   </div>
   <div class='ocr_carea' id='block_1_107' title="bbox 2249 2387 3351 2458">
    <p class='ocr_par' dir='ltr' id='par_1_107' title="bbox 2249 2387 3351 2458">
     <span class='ocr_line' id='line_1_111' title="bbox 2249 2387 3351 2458; baseline 0.004 -18"><span class='ocrx_word' id='word_1_614' title='bbox 2249 2387 2507 2458; x_wconf 80' lang='lat' dir='ltr'><strong>quoniam</strong></span> <span class='ocrx_word' id='word_1_615' title='bbox 2541 2387 2703 2442; x_wconf 88' lang='lat' dir='ltr'><strong>habet</strong></span> <span class='ocrx_word' id='word_1_616' title='bbox 2736 2395 2949 2458; x_wconf 87' lang='lat' dir='ltr'><strong>tempus</strong></span> <span class='ocrx_word' id='word_1_617' title='bbox 2972 2388 3136 2444; x_wconf 87' lang='lat' dir='ltr'><strong>finem</strong></span> <span class='ocrx_word' id='word_1_618' title='bbox 3167 2404 3351 2446; x_wconf 91' lang='lat' dir='ltr'><strong>suum.</strong></span> 
     </span>
    </p>
   </div>
   <div class='ocr_carea' id='block_1_108' title="bbox 2178 2455 3222 2529">
    <p class='ocr_par' dir='ltr' id='par_1_108' title="bbox 2178 2455 3222 2529">
     <span class='ocr_line' id='line_1_112' title="bbox 2178 2455 3222 2529; baseline 0 -16"><span class='ocrx_word' id='word_1_619' title='bbox 2178 2455 2336 2513; x_wconf 77' lang='lat' dir='ltr'><strong>Aries</strong></span> <span class='ocrx_word' id='word_1_620' title='bbox 2361 2473 2522 2526; x_wconf 91' lang='lat' dir='ltr'><strong>quem</strong></span> <span class='ocrx_word' id='word_1_621' title='bbox 2555 2459 2730 2515; x_wconf 87' lang='lat' dir='ltr'><strong>vidisti</strong></span> <span class='ocrx_word' id='word_1_622' title='bbox 2765 2455 2967 2516; x_wconf 78' lang='lat' dir='ltr'><strong>habere</strong></span> <span class='ocrx_word' id='word_1_623' title='bbox 2994 2475 3222 2529; x_wconf 88' lang='lat' dir='ltr'><strong>cornua,</strong></span> 
     </span>
    </p>
   </div>
   <div class='ocr_carea' id='block_1_109' title="bbox 2255 2529 3310 2601">
    <p class='ocr_par' dir='ltr' id='par_1_109' title="bbox 2255 2529 3310 2601">
     <span class='ocr_line' id='line_1_113' title="bbox 2255 2529 3310 2601; baseline 0.003 -18"><span class='ocrx_word' id='word_1_624' title='bbox 2255 2543 2349 2584; x_wconf 89' lang='lat' dir='ltr'><strong>rex</strong></span> <span class='ocrx_word' id='word_1_625' title='bbox 2381 2529 2662 2601; x_wconf 74' lang='lat' dir='ltr'><strong>Medorum</strong></span> <span class='ocrx_word' id='word_1_626' title='bbox 2687 2541 2771 2586; x_wconf 90' lang='lat' dir='ltr'><strong>est</strong></span> <span class='ocrx_word' id='word_1_627' title='bbox 2797 2541 2958 2601; x_wconf 89' lang='lat' dir='ltr'><strong>atque</strong></span> <span class='ocrx_word' id='word_1_628' title='bbox 2999 2533 3310 2588; x_wconf 89' lang='lat' dir='ltr'><strong>Persarum.</strong></span> 
     </span>
    </p>
   </div>
   <div class='ocr_carea' id='block_1_110' title="bbox 2179 2599 3521 2671">
    <p class='ocr_par' dir='ltr' id='par_1_110' title="bbox 2179 2599 3521 2671">
     <span class='ocr_line' id='line_1_114' title="bbox 2179 2599 3521 2671; baseline 0 -14"><span class='ocrx_word' id='word_1_629' title='bbox 2179 2600 2352 2657; x_wconf 80' lang='lat' dir='ltr'><strong>l’orro</strong></span> <span class='ocrx_word' id='word_1_630' title='bbox 2380 2599 2563 2656; x_wconf 87' lang='lat' dir='ltr'><strong>hircus</strong></span> <span class='ocrx_word' id='word_1_631' title='bbox 2619 2599 2924 2670; x_wconf 81' lang='lat' dir='ltr'><strong>caprarum,</strong></span> <span class='ocrx_word' id='word_1_632' title='bbox 2949 2619 3041 2659; x_wconf 86' lang='lat' dir='ltr'><strong>rex</strong></span> <span class='ocrx_word' id='word_1_633' title='bbox 3069 2604 3521 2671; x_wconf 66' lang='lat' dir='ltr'><strong>Graecorum&#39;est,</strong></span> 
     </span>
    </p>
   </div>
   <div class='ocr_carea' id='block_1_111' title="bbox 2255 2674 3781 2756">
    <p class='ocr_par' dir='ltr' id='par_1_111' title="bbox 2255 2674 3781 2756">
     <span class='ocr_line' id='line_1_115' title="bbox 2255 2674 3781 2756; baseline 0.003 -29"><span class='ocrx_word' id='word_1_634' title='bbox 2255 2681 2309 2727; x_wconf 92' lang='lat' dir='ltr'><strong>et</strong></span> <span class='ocrx_word' id='word_1_635' title='bbox 2330 2686 2498 2756; x_wconf 78' lang='lat' dir='ltr'><strong>cornu</strong></span> <span class='ocrx_word' id='word_1_636' title='bbox 2522 2674 2727 2756; x_wconf 79' lang='lat' dir='ltr'><strong>grande</strong></span> <span class='ocrx_word' id='word_1_637' title='bbox 2754 2675 2896 2744; x_wconf 90' lang='lat' dir='ltr'><strong>quod</strong></span> <span class='ocrx_word' id='word_1_638' title='bbox 2924 2686 3036 2731; x_wconf 88' lang='lat' dir='ltr'><strong>erat</strong></span> <span class='ocrx_word' id='word_1_639' title='bbox 3071 2676 3214 2732; x_wconf 90' lang='lat' dir='ltr'><strong>inter</strong></span> <span class='ocrx_word' id='word_1_640' title='bbox 3237 2676 3429 2732; x_wconf 92' lang='lat' dir='ltr'><strong>oculos</strong></span> <span class='ocrx_word' id='word_1_641' title='bbox 3470 2677 3612 2746; x_wconf 87' lang='lat' dir='ltr'><strong>ejus,</strong></span> <span class='ocrx_word' id='word_1_642' title='bbox 3661 2675 3781 2746; x_wconf 80' lang='lat' dir='ltr'><strong>ipse</strong></span> 
     </span>
    </p>
   </div>
   <div class='ocr_carea' id='block_1_112' title="bbox 2324 2752 2786 2814">
    <p class='ocr_par' dir='ltr' id='par_1_112' title="bbox 2324 2752 2786 2814">
     <span class='ocr_line' id='line_1_116' title="bbox 2324 2752 2786 2814; baseline -0.004 -14"><span class='ocrx_word' id='word_1_643' title='bbox 2324 2752 2410 2800; x_wconf 88' lang='lat' dir='ltr'><strong>est</strong></span> <span class='ocrx_word' id='word_1_644' title='bbox 2432 2759 2523 2800; x_wconf 81' lang='lat' dir='ltr'><strong>rex</strong></span> <span class='ocrx_word' id='word_1_645' title='bbox 2557 2752 2786 2814; x_wconf 85' lang='lat' dir='ltr'><strong>primus.</strong></span> 
     </span>
    </p>
   </div>
   <div class='ocr_carea' id='block_1_113' title="bbox 2180 2814 3784 2892">
    <p class='ocr_par' dir='ltr' id='par_1_113' title="bbox 2180 2814 3784 2892">
     <span class='ocr_line' id='line_1_117' title="bbox 2180 2814 3784 2892; baseline 0.002 -22"><span class='ocrx_word' id='word_1_646' title='bbox 2180 2815 2338 2884; x_wconf 86' lang='lat' dir='ltr'><strong>Quod</strong></span> <span class='ocrx_word' id='word_1_647' title='bbox 2369 2824 2589 2884; x_wconf 85' lang='lat' dir='ltr'><strong>autent,</strong></span> <span class='ocrx_word' id='word_1_648' title='bbox 2625 2814 2798 2873; x_wconf 87' lang='lat' dir='ltr'><strong>fracto</strong></span> <span class='ocrx_word' id='word_1_649' title='bbox 2824 2817 2915 2874; x_wconf 90' lang='lat' dir='ltr'><strong>illo</strong></span> <span class='ocrx_word' id='word_1_650' title='bbox 2941 2859 2956 2888; x_wconf 92' lang='lat'><strong>,</strong></span> <span class='ocrx_word' id='word_1_651' title='bbox 2987 2827 3346 2878; x_wconf 82' lang='lat' dir='ltr'><strong>surrexerunt</strong></span> <span class='ocrx_word' id='word_1_652' title='bbox 3398 2828 3634 2892; x_wconf 84' lang='lat' dir='ltr'><strong>quatuor</strong></span> <span class='ocrx_word' id='word_1_653' title='bbox 3680 2833 3784 2892; x_wconf 88' lang='lat' dir='ltr'><strong>pro</strong></span> 
     </span>
    </p>
   </div>
   <div class='ocr_carea' id='block_1_114' title="bbox 2253 2902 3476 3038">
    <p class='ocr_par' dir='ltr' id='par_1_114' title="bbox 2253 2902 3476 3038">
     <span class='ocr_line' id='line_1_118' title="bbox 2323 2902 2389 2944; baseline -0.03 0"><span class='ocrx_word' id='word_1_654' title='bbox 2323 2902 2389 2944; x_wconf 89' lang='lat' dir='ltr'><strong>eo</strong></span> 
     </span>
     <span class='ocr_line' id='line_1_119' title="bbox 2253 2932 3476 3038; baseline 0.005 -26"><span class='ocrx_word' id='word_1_655' title='bbox 2253 2932 2485 3038; x_wconf 59' lang='lat' dir='ltr'><strong>quattior</strong></span> <span class='ocrx_word' id='word_1_656' title='bbox 2510 2977 2668 3038; x_wconf 64' lang='lat' dir='ltr'><strong>reges</strong></span> <span class='ocrx_word' id='word_1_657' title='bbox 2691 2962 2757 3038; x_wconf 87' lang='lat' dir='ltr'><strong>de</strong></span> <span class='ocrx_word' id='word_1_658' title='bbox 2785 2972 2947 3038; x_wconf 84' lang='lat' dir='ltr'><strong>gente</strong></span> <span class='ocrx_word' id='word_1_659' title='bbox 2972 2962 3094 3038; x_wconf 79' lang='lat' dir='ltr'><strong>ejus</strong></span> <span class='ocrx_word' id='word_1_660' title='bbox 3123 2971 3476 3038; x_wconf 77' lang='lat' dir='ltr'><strong>consurgent,</strong></span> 
     </span>
    </p>
   </div>
   <div class='ocr_carea' id='block_1_115' title="bbox 2255 3031 3076 3103">
    <p class='ocr_par' dir='ltr' id='par_1_115' title="bbox 2255 3031 3076 3103">
     <span class='ocr_line' id='line_1_120' title="bbox 2255 3031 3076 3103; baseline 0.002 -17"><span class='ocrx_word' id='word_1_661' title='bbox 2255 3031 2350 3087; x_wconf 89' lang='lat' dir='ltr'><strong>sed</strong></span> <span class='ocrx_word' id='word_1_662' title='bbox 2376 3046 2482 3088; x_wconf 93' lang='lat' dir='ltr'><strong>non</strong></span> <span class='ocrx_word' id='word_1_663' title='bbox 2509 3034 2560 3087; x_wconf 89' lang='lat' dir='ltr'><strong>itt</strong></span> <span class='ocrx_word' id='word_1_664' title='bbox 2592 3031 2908 3090; x_wconf 83' lang='lat' dir='ltr'><strong>fortitudine</strong></span> <span class='ocrx_word' id='word_1_665' title='bbox 2933 3031 3076 3103; x_wconf 80' lang='lat' dir='ltr'><strong>ejus.</strong></span> 
     </span>
    </p>
   </div>
   <div class='ocr_carea' id='block_1_116' title="bbox 2187 3105 3708 3175">
    <p class='ocr_par' dir='ltr' id='par_1_116' title="bbox 2187 3105 3708 3175">
     <span class='ocr_line' id='line_1_121' title="bbox 2187 3105 3708 3175; baseline -0.001 -13"><span class='ocrx_word' id='word_1_666' title='bbox 2187 3105 2253 3162; x_wconf 84' lang='lat' dir='ltr'><strong>Et</strong></span> <span class='ocrx_word' id='word_1_667' title='bbox 2284 3112 2404 3173; x_wconf 87' lang='lat' dir='ltr'><strong>post</strong></span> <span class='ocrx_word' id='word_1_668' title='bbox 2427 3120 2649 3175; x_wconf 86' lang='lat' dir='ltr'><strong>regnum</strong></span> <span class='ocrx_word' id='word_1_669' title='bbox 2677 3120 2889 3173; x_wconf 88' lang='lat' dir='ltr'><strong>eorum,</strong></span> <span class='ocrx_word' id='word_1_670' title='bbox 2917 3122 3039 3161; x_wconf 91' lang='lat' dir='ltr'><strong>cum</strong></span> <span class='ocrx_word' id='word_1_671' title='bbox 3065 3109 3339 3166; x_wconf 89' lang='lat' dir='ltr'><strong>creverint</strong></span> <span class='ocrx_word' id='word_1_672' title='bbox 3371 3106 3708 3175; x_wconf 87' lang='lat' dir='ltr'><strong>iniquitates,</strong></span> 
     </span>
    </p>
   </div>
   <div class='ocr_carea' id='block_1_117' title="bbox 2258 3177 3786 3259">
    <p class='ocr_par' dir='ltr' id='par_1_117' title="bbox 2258 3177 3786 3259">
     <span class='ocr_line' id='line_1_122' title="bbox 2258 3177 3786 3259; baseline 0.001 -29"><span class='ocrx_word' id='word_1_673' title='bbox 2258 3187 2543 3259; x_wconf 79' lang='lat' dir='ltr'><strong>consurget</strong></span> <span class='ocrx_word' id='word_1_674' title='bbox 2571 3194 2665 3233; x_wconf 83' lang='lat' dir='ltr'><strong>rex</strong></span> <span class='ocrx_word' id='word_1_675' title='bbox 2684 3179 2969 3248; x_wconf 89' lang='lat' dir='ltr'><strong>impudens</strong></span> <span class='ocrx_word' id='word_1_676' title='bbox 2992 3177 3151 3250; x_wconf 86' lang='lat' dir='ltr'><strong>faeie,</strong></span> <span class='ocrx_word' id='word_1_677' title='bbox 3166 3191 3222 3238; x_wconf 93' lang='lat' dir='ltr'><strong>et</strong></span> <span class='ocrx_word' id='word_1_678' title='bbox 3243 3179 3549 3251; x_wconf 85' lang='lat' dir='ltr'><strong>intelligens</strong></span> <span class='ocrx_word' id='word_1_679' title='bbox 3579 3193 3786 3249; x_wconf 89' lang='lat' dir='ltr'><strong>propo-</strong></span> 
     </span>
    </p>
   </div>
   <div class='ocr_carea' id='block_1_118' title="bbox 2195 3258 3087 3393">
    <p class='ocr_par' dir='ltr' id='par_1_118' title="bbox 2195 3258 3087 3393">
     <span class='ocr_line' id='line_1_123' title="bbox 2331 3258 2579 3316; baseline 0.004 -14"><span class='ocrx_word' id='word_1_680' title='bbox 2331 3258 2579 3316; x_wconf 83' lang='lat' dir='ltr'><strong>Stttones,</strong></span> 
     </span>
     <span class='ocr_line' id='line_1_124' title="bbox 2195 3319 3087 3393; baseline 0.003 -18"><span class='ocrx_word' id='word_1_681' title='bbox 2195 3319 2264 3375; x_wconf 88' lang='lat' dir='ltr'><strong>Et</strong></span> <span class='ocrx_word' id='word_1_682' title='bbox 2289 3319 2640 3393; x_wconf 28' lang='lat' dir='ltr'><strong>ro‘borabitur</strong></span> <span class='ocrx_word' id='word_1_683' title='bbox 2660 3320 2924 3393; x_wconf 83' lang='lat' dir='ltr'><strong>fortitudo</strong></span> <span class='ocrx_word' id='word_1_684' title='bbox 2945 3321 3087 3393; x_wconf 78' lang='lat' dir='ltr'><strong>ejus,</strong></span> 
     </span>
    </p>
   </div>
   <div class='ocr_carea' id='block_1_119' title="bbox 2263 3390 2994 3450">
    <p class='ocr_par' dir='ltr' id='par_1_119' title="bbox 2263 3390 2994 3450">
     <span class='ocr_line' id='line_1_125' title="bbox 2263 3390 2994 3450; baseline 0.001 -4"><span class='ocrx_word' id='word_1_685' title='bbox 2263 3390 2358 3446; x_wconf 90' lang='lat' dir='ltr'><strong>sed</strong></span> <span class='ocrx_word' id='word_1_686' title='bbox 2385 3407 2491 3446; x_wconf 86' lang='lat' dir='ltr'><strong>non</strong></span> <span class='ocrx_word' id='word_1_687' title='bbox 2515 3394 2567 3446; x_wconf 91' lang='lat' dir='ltr'><strong>in</strong></span> <span class='ocrx_word' id='word_1_688' title='bbox 2594 3391 2804 3448; x_wconf 89' lang='lat' dir='ltr'><strong>vit-ibus</strong></span> <span class='ocrx_word' id='word_1_689' title='bbox 2827 3394 2941 3450; x_wconf 88' lang='lat' dir='ltr'><strong>suis</strong></span> <span class='ocrx_word' id='word_1_690' title='bbox 2976 3390 2994 3447; x_wconf 74' lang='grc' dir='ltr'>Ξ</span> 
     </span>
    </p>
   </div>
   <div class='ocr_carea' id='block_1_120' title="bbox 2193 3441 3603 3534">
    <p class='ocr_par' dir='ltr' id='par_1_120' title="bbox 2193 3441 3603 3534">
     <span class='ocr_line' id='line_1_126' title="bbox 2193 3441 3603 3534; baseline 0 -14"><span class='ocrx_word' id='word_1_691' title='bbox 2193 3441 2812 3533; x_wconf 36' lang='lat' dir='ltr'><strong>Et&#39;su—pr&#39;a‘quam&#39;er&#39;e‘di</strong></span> <span class='ocrx_word' id='word_1_692' title='bbox 2827 3441 3036 3533; x_wconf 66' lang='lat' dir='ltr'><strong>potest,</strong></span> <span class='ocrx_word' id='word_1_693' title='bbox 3063 3441 3316 3523; x_wconf 83' lang='lat' dir='ltr'><strong>universa</strong></span> <span class='ocrx_word' id='word_1_694' title='bbox 3344 3465 3603 3534; x_wconf 87' lang='lat' dir='ltr'><strong>vastabit,</strong></span> 
     </span>
    </p>
   </div>
   <div class='ocr_carea' id='block_1_121' title="bbox 2263 3535 3068 3606">
    <p class='ocr_par' dir='ltr' id='par_1_121' title="bbox 2263 3535 3068 3606">
     <span class='ocr_line' id='line_1_127' title="bbox 2263 3535 3068 3606; baseline 0.006 -17"><span class='ocrx_word' id='word_1_695' title='bbox 2263 3545 2316 3590; x_wconf 89' lang='lat' dir='ltr'><strong>et</strong></span> <span class='ocrx_word' id='word_1_696' title='bbox 2341 3535 2770 3606; x_wconf 90' lang='lat' dir='ltr'><strong>prosperabitur,</strong></span> <span class='ocrx_word' id='word_1_697' title='bbox 2798 3547 2855 3591; x_wconf 83' lang='lat' dir='ltr'><strong>et</strong></span> <span class='ocrx_word' id='word_1_698' title='bbox 2887 3536 3068 3594; x_wconf 87' lang='lat' dir='ltr'><strong>faciet.</strong></span> 
     </span>
    </p>
   </div>
   <div class='ocr_carea' id='block_1_122' title="bbox 2193 3605 2900 3675">
    <p class='ocr_par' dir='ltr' id='par_1_122' title="bbox 2193 3605 2900 3675">
     <span class='ocr_line' id='line_1_128' title="bbox 2193 3605 2900 3675; baseline 0.001 -13"><span class='ocrx_word' id='word_1_699' title='bbox 2193 3605 2257 3662; x_wconf 86' lang='lat' dir='ltr'><strong>Et</strong></span> <span class='ocrx_word' id='word_1_700' title='bbox 2298 3605 2585 3662; x_wconf 86' lang='lat' dir='ltr'><strong>interficiet</strong></span> <span class='ocrx_word' id='word_1_701' title='bbox 2624 3607 2900 3675; x_wconf 86' lang='lat' dir='ltr'><strong>robustos,</strong></span> 
     </span>
    </p>
   </div>
   <div class='ocr_carea' id='block_1_123' title="bbox 2265 3678 3787 3748">
    <p class='ocr_par' dir='ltr' id='par_1_123' title="bbox 2265 3678 3787 3748">
     <span class='ocr_line' id='line_1_129' title="bbox 2265 3678 3787 3748; baseline 0.002 -15"><span class='ocrx_word' id='word_1_702' title='bbox 2265 3687 2322 3733; x_wconf 87' lang='lat' dir='ltr'><strong>et</strong></span> <span class='ocrx_word' id='word_1_703' title='bbox 2379 3679 2633 3748; x_wconf 84' lang='lat' dir='ltr'><strong>p0pulum</strong></span> <span class='ocrx_word' id='word_1_704' title='bbox 2696 3689 3007 3737; x_wconf 87' lang='lat' dir='ltr'><strong>sanctorum</strong></span> <span class='ocrx_word' id='word_1_705' title='bbox 3036 3721 3051 3748; x_wconf 95' lang='lat'><strong>,</strong></span> <span class='ocrx_word' id='word_1_706' title='bbox 3102 3680 3401 3739; x_wconf 86' lang='lat' dir='ltr'><strong>secundum</strong></span> <span class='ocrx_word' id='word_1_707' title='bbox 3446 3678 3787 3738; x_wconf 84' lang='lat' dir='ltr'><strong>voluntatem</strong></span> 
     </span>
    </p>
   </div>
   <div class='ocr_carea' id='block_1_124' title="bbox 2335 3763 2510 3818">
    <p class='ocr_par' dir='ltr' id='par_1_124' title="bbox 2335 3763 2510 3818">
     <span class='ocr_line' id='line_1_130' title="bbox 2335 3763 2510 3818; baseline 0 -15"><span class='ocrx_word' id='word_1_708' title='bbox 2335 3763 2510 3818; x_wconf 92' lang='lat' dir='ltr'><strong>suam,</strong></span> 
     </span>
    </p>
   </div>
   <div class='ocr_carea' id='block_1_125' title="bbox 2265 3819 3270 3895">
    <p class='ocr_par' dir='ltr' id='par_1_125' title="bbox 2265 3819 3270 3895">
     <span class='ocr_line' id='line_1_131' title="bbox 2265 3819 3270 3895; baseline 0.006 -19"><span class='ocrx_word' id='word_1_709' title='bbox 2265 3830 2316 3876; x_wconf 87' lang='lat' dir='ltr'><strong>et</strong></span> <span class='ocrx_word' id='word_1_710' title='bbox 2349 3819 2615 3892; x_wconf 88' lang='lat' dir='ltr'><strong>dirigetur</strong></span> <span class='ocrx_word' id='word_1_711' title='bbox 2639 3819 2797 3895; x_wconf 87' lang='lat' dir='ltr'><strong>dolus</strong></span> <span class='ocrx_word' id='word_1_712' title='bbox 2824 3824 2877 3880; x_wconf 91' lang='lat' dir='ltr'><strong>in</strong></span> <span class='ocrx_word' id='word_1_713' title='bbox 2909 3838 3072 3880; x_wconf 87' lang='lat' dir='ltr'><strong>manu</strong></span> <span class='ocrx_word' id='word_1_714' title='bbox 3102 3822 3223 3895; x_wconf 81' lang='lat' dir='ltr'><strong>ejus</strong></span> <span class='ocrx_word' id='word_1_715' title='bbox 3254 3839 3270 3883; x_wconf 87' lang='lat'><strong>:</strong></span> 
     </span>
    </p>
   </div>
   <div class='ocr_carea' id='block_1_126' title="bbox 2196 3891 2996 3964">
    <p class='ocr_par' dir='ltr' id='par_1_126' title="bbox 2196 3891 2996 3964">
     <span class='ocr_line' id='line_1_132' title="bbox 2196 3891 2996 3964; baseline 0.003 -16"><span class='ocrx_word' id='word_1_716' title='bbox 2196 3891 2262 3948; x_wconf 87' lang='lat' dir='ltr'><strong>Et</strong></span> <span class='ocrx_word' id='word_1_717' title='bbox 2284 3906 2382 3947; x_wconf 85' lang='lat' dir='ltr'><strong>eor</strong></span> <span class='ocrx_word' id='word_1_718' title='bbox 2411 3891 2570 3964; x_wconf 86' lang='lat' dir='ltr'><strong>suum</strong></span> <span class='ocrx_word' id='word_1_719' title='bbox 2611 3893 2996 3964; x_wconf 85' lang='lat' dir='ltr'><strong>magnificahit,</strong></span> 
     </span>
    </p>
   </div>
   <div class='ocr_carea' id='block_1_127' title="bbox 2267 3963 3644 4038">
    <p class='ocr_par' dir='ltr' id='par_1_127' title="bbox 2267 3963 3644 4038">
     <span class='ocr_line' id='line_1_133' title="bbox 2267 3963 3644 4038; baseline 0.002 -20"><span class='ocrx_word' id='word_1_720' title='bbox 2267 3973 2322 4018; x_wconf 93' lang='lat' dir='ltr'><strong>et</strong></span> <span class='ocrx_word' id='word_1_721' title='bbox 2351 3965 2400 4018; x_wconf 93' lang='lat' dir='ltr'><strong>in</strong></span> <span class='ocrx_word' id='word_1_722' title='bbox 2433 3963 2586 4038; x_wconf 82' lang='lat' dir='ltr'><strong>copia</strong></span> <span class='ocrx_word' id='word_1_723' title='bbox 2614 3963 2798 4038; x_wconf 86' lang='lat' dir='ltr'><strong>rerUm</strong></span> <span class='ocrx_word' id='word_1_724' title='bbox 2829 3967 3070 4022; x_wconf 89' lang='lat' dir='ltr'><strong>omnium</strong></span> <span class='ocrx_word' id='word_1_725' title='bbox 3103 3965 3317 4022; x_wconf 87' lang='lat' dir='ltr'><strong>occidet</strong></span> <span class='ocrx_word' id='word_1_726' title='bbox 3340 3964 3607 4038; x_wconf 83' lang='lat' dir='ltr'><strong>plurimos</strong></span> <span class='ocrx_word' id='word_1_727' title='bbox 3631 3983 3644 4021; x_wconf 90' lang='lat'><strong>:</strong></span> 
     </span>
    </p>
   </div>
   <div class='ocr_carea' id='block_1_128' title="bbox 2197 4035 3496 4118">
    <p class='ocr_par' dir='ltr' id='par_1_128' title="bbox 2197 4035 3496 4118">
     <span class='ocr_line' id='line_1_134' title="bbox 2197 4035 3496 4118; baseline 0 -27"><span class='ocrx_word' id='word_1_728' title='bbox 2197 4035 2266 4091; x_wconf 86' lang='lat' dir='ltr'><strong>Et</strong></span> <span class='ocrx_word' id='word_1_729' title='bbox 2293 4047 2481 4118; x_wconf 73' lang='lat' dir='ltr'><strong>contra</strong></span> <span class='ocrx_word' id='word_1_730' title='bbox 2506 4036 2803 4106; x_wconf 87' lang='lat' dir='ltr'><strong>principem</strong></span> <span class='ocrx_word' id='word_1_731' title='bbox 2833 4040 3135 4109; x_wconf 89' lang='lat' dir='ltr'><strong>principum</strong></span> <span class='ocrx_word' id='word_1_732' title='bbox 3177 4035 3496 4109; x_wconf 80' lang='lat' dir='ltr'><strong>consurget,</strong></span> 
     </span>
    </p>
   </div>
   <div class='ocr_carea' id='block_1_129' title="bbox 2266 4117 3021 4168">
    <p class='ocr_par' dir='ltr' id='par_1_129' title="bbox 2266 4117 3021 4168">
     <span class='ocr_line' id='line_1_135' title="bbox 2266 4117 3021 4168; baseline 0.004 -7"><span class='ocrx_word' id='word_1_733' title='bbox 2266 4117 2321 4161; x_wconf 88' lang='lat' dir='ltr'><strong>et</strong></span> <span class='ocrx_word' id='word_1_734' title='bbox 2347 4117 2471 4168; x_wconf 83' lang='lat' dir='ltr'><strong>stuc</strong></span> <span class='ocrx_word' id='word_1_735' title='bbox 2498 4123 2660 4162; x_wconf 88' lang='lat' dir='ltr'><strong>manu</strong></span> <span class='ocrx_word' id='word_1_736' title='bbox 2687 4119 3021 4164; x_wconf 85' lang='lat' dir='ltr'><strong>conteretur.</strong></span> 
     </span>
    </p>
   </div>
   <div class='ocr_carea' id='block_1_130' title="bbox 2197 4178 3715 4250">
    <p class='ocr_par' dir='ltr' id='par_1_130' title="bbox 2197 4178 3715 4250">
     <span class='ocr_line' id='line_1_136' title="bbox 2197 4178 3715 4250; baseline 0 -16"><span class='ocrx_word' id='word_1_737' title='bbox 2197 4178 2267 4234; x_wconf 84' lang='lat' dir='ltr'><strong>Et</strong></span> <span class='ocrx_word' id='word_1_738' title='bbox 2295 4178 2430 4234; x_wconf 91' lang='lat' dir='ltr'><strong>visio</strong></span> <span class='ocrx_word' id='word_1_739' title='bbox 2448 4193 2674 4250; x_wconf 90' lang='lat' dir='ltr'><strong>vespere</strong></span> <span class='ocrx_word' id='word_1_740' title='bbox 2705 4188 2761 4233; x_wconf 85' lang='lat' dir='ltr'><strong>et</strong></span> <span class='ocrx_word' id='word_1_741' title='bbox 2790 4195 2970 4250; x_wconf 86' lang='lat' dir='ltr'><strong>mane,</strong></span> <span class='ocrx_word' id='word_1_742' title='bbox 2998 4196 3117 4248; x_wconf 76' lang='lat' dir='ltr'><strong>qua:</strong></span> <span class='ocrx_word' id='word_1_743' title='bbox 3141 4179 3284 4235; x_wconf 87' lang='lat' dir='ltr'><strong>dicta</strong></span> <span class='ocrx_word' id='word_1_744' title='bbox 3304 4189 3411 4244; x_wconf 89' lang='lat' dir='ltr'><strong>est,</strong></span> <span class='ocrx_word' id='word_1_745' title='bbox 3433 4193 3559 4234; x_wconf 86' lang='lat' dir='ltr'><strong>vera</strong></span> <span class='ocrx_word' id='word_1_746' title='bbox 3591 4188 3674 4236; x_wconf 88' lang='lat' dir='ltr'><strong>est</strong></span> <span class='ocrx_word' id='word_1_747' title='bbox 3700 4195 3715 4234; x_wconf 89' lang='lat'><strong>:</strong></span> 
     </span>
    </p>
   </div>
   <div class='ocr_carea' id='block_1_131' title="bbox 2268 4250 3792 4325">
    <p class='ocr_par' dir='ltr' id='par_1_131' title="bbox 2268 4250 3792 4325">
     <span class='ocr_line' id='line_1_137' title="bbox 2268 4250 3792 4325; baseline 0.003 -19"><span class='ocrx_word' id='word_1_748' title='bbox 2268 4258 2324 4306; x_wconf 94' lang='lat' dir='ltr'><strong>tu</strong></span> <span class='ocrx_word' id='word_1_749' title='bbox 2349 4266 2480 4325; x_wconf 75' lang='lat' dir='ltr'><strong>ergo</strong></span> <span class='ocrx_word' id='word_1_750' title='bbox 2503 4254 2654 4321; x_wconf 80' lang='lat' dir='ltr'><strong>signa</strong></span> <span class='ocrx_word' id='word_1_751' title='bbox 2678 4252 2962 4320; x_wconf 89' lang='lat' dir='ltr'><strong>visionem,</strong></span> <span class='ocrx_word' id='word_1_752' title='bbox 2985 4253 3112 4323; x_wconf 88' lang='lat' dir='ltr'><strong>quia</strong></span> <span class='ocrx_word' id='word_1_753' title='bbox 3143 4260 3267 4323; x_wconf 90' lang='lat' dir='ltr'><strong>post</strong></span> <span class='ocrx_word' id='word_1_754' title='bbox 3287 4252 3402 4308; x_wconf 91' lang='lat' dir='ltr'><strong>dies</strong></span> <span class='ocrx_word' id='word_1_755' title='bbox 3424 4250 3627 4308; x_wconf 87' lang='lat' dir='ltr'><strong>multos</strong></span> <span class='ocrx_word' id='word_1_756' title='bbox 3661 4250 3792 4310; x_wconf 80' lang='lat' dir='ltr'><strong>erit.</strong></span> 
     </span>
    </p>
   </div>
   <div class='ocr_carea' id='block_1_132' title="bbox 2197 4320 2844 4394">
    <p class='ocr_par' dir='ltr' id='par_1_132' title="bbox 2197 4320 2844 4394">
     <span class='ocr_line' id='line_1_138' title="bbox 2197 4320 2844 4394; baseline 0 -16"><span class='ocrx_word' id='word_1_757' title='bbox 2197 4320 2267 4376; x_wconf 89' lang='lat' dir='ltr'><strong>Et</strong></span> <span class='ocrx_word' id='word_1_758' title='bbox 2297 4338 2398 4393; x_wconf 80' lang='lat' dir='ltr'><strong>ego</strong></span> <span class='ocrx_word' id='word_1_759' title='bbox 2413 4320 2608 4382; x_wconf 30' lang='lat' dir='ltr'><strong>‘Daniel</strong></span> <span class='ocrx_word' id='word_1_760' title='bbox 2637 4325 2844 4394; x_wconf 84' lang='lat' dir='ltr'><strong>langni,</strong></span> 
     </span>
    </p>
   </div>
   <div class='ocr_carea' id='block_1_133' title="bbox 2270 4395 3452 4471">
    <p class='ocr_par' dir='ltr' id='par_1_133' title="bbox 2270 4395 3452 4471">
     <span class='ocr_line' id='line_1_139' title="bbox 2270 4395 3452 4471; baseline 0.003 -23"><span class='ocrx_word' id='word_1_761' title='bbox 2270 4404 2324 4449; x_wconf 91' lang='lat' dir='ltr'><strong>et</strong></span> <span class='ocrx_word' id='word_1_762' title='bbox 2345 4398 2596 4471; x_wconf 63' lang='lat' dir='ltr'><strong>mgrotztvi</strong></span> <span class='ocrx_word' id='word_1_763' title='bbox 2623 4411 2718 4471; x_wconf 81' lang='lat' dir='ltr'><strong>per</strong></span> <span class='ocrx_word' id='word_1_764' title='bbox 2740 4395 2858 4451; x_wconf 89' lang='lat' dir='ltr'><strong>dies</strong></span> <span class='ocrx_word' id='word_1_765' title='bbox 2885 4414 2909 4471; x_wconf 88' lang='lat'><strong>:_</strong></span> <span class='ocrx_word' id='word_1_766' title='bbox 2976 4467 3042 4471; x_wconf 87' lang='lat'><strong>__</strong></span> <span class='ocrx_word' id='word_1_767' title='bbox 3445 4462 3452 4464; x_wconf 96' lang='lat'>_</span> 
     </span>
    </p>
   </div>
   <div class='ocr_carea' id='block_1_134' title="bbox 2197 4465 3541 4540">
    <p class='ocr_par' dir='ltr' id='par_1_134' title="bbox 2197 4465 3541 4540">
     <span class='ocr_line' id='line_1_140' title="bbox 2197 4465 3541 4540; baseline -0.004 -14"><span class='ocrx_word' id='word_1_768' title='bbox 2197 4465 2442 4538; x_wconf 60' lang='lat' dir='ltr'><strong>Cumqu&#39;e</strong></span> <span class='ocrx_word' id='word_1_769' title='bbox 2474 4465 2860 4540; x_wconf 83' lang='lat' dir='ltr'><strong>surrexissem,</strong></span> <span class='ocrx_word' id='word_1_770' title='bbox 2891 4467 3150 4524; x_wconf 87' lang='lat' dir='ltr'><strong>faciebam</strong></span> <span class='ocrx_word' id='word_1_771' title='bbox 3179 4479 3345 4537; x_wconf 82' lang='lat' dir='ltr'><strong>opera</strong></span> <span class='ocrx_word' id='word_1_772' title='bbox 3376 4465 3541 4540; x_wconf 86' lang='lat' dir='ltr'><strong>regis,</strong></span> 
     </span>
    </p>
   </div>
   <div class='ocr_carea' id='block_1_135' title="bbox 2269 4539 3046 4615">
    <p class='ocr_par' dir='ltr' id='par_1_135' title="bbox 2269 4539 3046 4615">
     <span class='ocr_line' id='line_1_141' title="bbox 2269 4539 3046 4615; baseline -0.008 -16"><span class='ocrx_word' id='word_1_773' title='bbox 2269 4546 2327 4593; x_wconf 73' lang='lat' dir='ltr'><strong>et</strong></span> <span class='ocrx_word' id='word_1_774' title='bbox 2354 4543 2637 4615; x_wconf 89' lang='lat' dir='ltr'><strong>stupebam</strong></span> <span class='ocrx_word' id='word_1_775' title='bbox 2663 4539 3046 4615; x_wconf 79' lang='lat' dir='ltr'><strong>advisionem.</strong></span> 
     </span>
    </p>
   </div>
   <div class='ocr_carea' id='block_1_136' title="bbox 2271 4612 3212 4682">
    <p class='ocr_par' dir='ltr' id='par_1_136' title="bbox 2271 4612 3212 4682">
     <span class='ocr_line' id='line_1_142' title="bbox 2271 4612 3212 4682; baseline 0 -18"><span class='ocrx_word' id='word_1_776' title='bbox 2271 4617 2328 4682; x_wconf 85' lang='lat' dir='ltr'><strong>et</strong></span> <span class='ocrx_word' id='word_1_777' title='bbox 2357 4612 2462 4669; x_wconf 78' lang='lat' dir='ltr'><strong>non</strong></span> <span class='ocrx_word' id='word_1_778' title='bbox 2483 4622 2598 4670; x_wconf 88' lang='lat' dir='ltr'><strong>erat</strong></span> <span class='ocrx_word' id='word_1_779' title='bbox 2621 4614 2713 4682; x_wconf 88' lang='lat' dir='ltr'><strong>qui</strong></span> <span class='ocrx_word' id='word_1_780' title='bbox 2740 4612 3212 4678; x_wconf 88' lang='lat' dir='ltr'><strong>interpretaretur.</strong></span> 
     </span>
    </p>
   </div>
   <div class='ocr_carea' id='block_1_137' title="bbox 2120 4652 3799 4756">
    <p class='ocr_par' dir='ltr' id='par_1_137' title="bbox 2120 4652 3799 4756">
     <span class='ocr_line' id='line_1_143' title="bbox 2120 4652 3799 4756; baseline 0.001 -22"><span class='ocrx_word' id='word_1_781' title='bbox 2120 4652 3312 4756; x_wconf 58' lang='grc' dir='ltr'><strong>1)[γῖἕίὲἲὶίῗὶ’ἰίι“¹εὶίἱιίὶ;“ῖ›’τῖἱιῖὁ“ὑῐίἷί’ῆιῑῑ</strong></span> <span class='ocrx_word' id='word_1_782' title='bbox 3354 4680 3578 4738; x_wconf 81' lang='lat' dir='ltr'><strong>Assueri</strong></span> <span class='ocrx_word' id='word_1_783' title='bbox 3607 4679 3678 4737; x_wconf 90' lang='lat' dir='ltr'><strong>de</strong></span> <span class='ocrx_word' id='word_1_784' title='bbox 3707 4694 3799 4736; x_wconf 89' lang='lat' dir='ltr'><strong>se-</strong></span> 
     </span>
    </p>
   </div>
   <div class='ocr_carea' id='block_1_138' title="bbox 2346 4755 2826 4821">
    <p class='ocr_par' dir='ltr' id='par_1_138' title="bbox 2346 4755 2826 4821">
     <span class='ocr_line' id='line_1_144' title="bbox 2346 4755 2826 4821; baseline -0.01 -9"><span class='ocrx_word' id='word_1_785' title='bbox 2346 4759 2492 4814; x_wconf 90' lang='lat' dir='ltr'><strong>mine</strong></span> <span class='ocrx_word' id='word_1_786' title='bbox 2514 4755 2826 4821; x_wconf 78' lang='lat' dir='ltr'><strong>Medorum,</strong></span> 
     </span>
    </p>
   </div>
   <div class='ocr_carea' id='block_1_139' title="bbox 2272 4823 3578 4899">
    <p class='ocr_par' dir='ltr' id='par_1_139' title="bbox 2272 4823 3578 4899">
     <span class='ocr_line' id='line_1_145' title="bbox 2272 4823 3578 4899; baseline -0.001 -17"><span class='ocrx_word' id='word_1_787' title='bbox 2272 4831 2361 4897; x_wconf 92' lang='lat' dir='ltr'><strong>qui</strong></span> <span class='ocrx_word' id='word_1_788' title='bbox 2394 4829 2684 4899; x_wconf 85' lang='lat' dir='ltr'><strong>imperavit</strong></span> <span class='ocrx_word' id='word_1_789' title='bbox 2707 4841 2871 4899; x_wconf 84' lang='lat' dir='ltr'><strong>super</strong></span> <span class='ocrx_word' id='word_1_790' title='bbox 2895 4840 3122 4898; x_wconf 90' lang='lat' dir='ltr'><strong>regnum</strong></span> <span class='ocrx_word' id='word_1_791' title='bbox 3151 4823 3533 4882; x_wconf 64' lang='lat' dir='ltr'><strong>Chaldaeorum</strong></span> <span class='ocrx_word' id='word_1_792' title='bbox 3564 4842 3578 4881; x_wconf 88' lang='lat'><strong>:</strong></span> 
     </span>
    </p>
   </div>
   <div class='ocr_carea' id='block_1_140' title="bbox 2201 4897 2849 4970">
    <p class='ocr_par' dir='ltr' id='par_1_140' title="bbox 2201 4897 2849 4970">
     <span class='ocr_line' id='line_1_146' title="bbox 2201 4897 2849 4970; baseline -0.003 -16"><span class='ocrx_word' id='word_1_793' title='bbox 2201 4897 2360 4956; x_wconf 78' lang='lat' dir='ltr'><strong>Anno</strong></span> <span class='ocrx_word' id='word_1_794' title='bbox 2391 4897 2498 4956; x_wconf 86' lang='lat' dir='ltr'><strong>uno</strong></span> <span class='ocrx_word' id='word_1_795' title='bbox 2531 4899 2682 4970; x_wconf 82' lang='lat' dir='ltr'><strong>regni</strong></span> <span class='ocrx_word' id='word_1_796' title='bbox 2710 4898 2849 4968; x_wconf 87' lang='lat' dir='ltr'><strong>ejus,</strong></span> 
     </span>
    </p>
   </div>
   <div class='ocr_carea' id='block_1_141' title="bbox 2275 4969 3797 5045">
    <p class='ocr_par' dir='ltr' id='par_1_141' title="bbox 2275 4969 3797 5045">
     <span class='ocr_line' id='line_1_147' title="bbox 2275 4969 3797 5045; baseline -0.003 -19"><span class='ocrx_word' id='word_1_797' title='bbox 2275 4986 2378 5045; x_wconf 88' lang='lat' dir='ltr'><strong>ego</strong></span> <span class='ocrx_word' id='word_1_798' title='bbox 2405 4969 2872 5045; x_wconf 32' lang='lat' dir='ltr'><strong>Daniel’intellexi</strong></span> <span class='ocrx_word' id='word_1_799' title='bbox 2899 4970 2953 5025; x_wconf 92' lang='lat' dir='ltr'><strong>in</strong></span> <span class='ocrx_word' id='word_1_800' title='bbox 2984 4969 3139 5026; x_wconf 90' lang='lat' dir='ltr'><strong>libris</strong></span> <span class='ocrx_word' id='word_1_801' title='bbox 3162 4983 3464 5045; x_wconf 67' lang='lat' dir='ltr'><strong>numerum</strong></span> <span class='ocrx_word' id='word_1_802' title='bbox 3498 4983 3797 5045; x_wconf 76' lang='lat' dir='ltr'><strong>annorum,</strong></span> 
     </span>
    </p>
   </div>
   <div class='ocr_carea' id='block_1_142' title="bbox 2343 5040 3801 5116">
    <p class='ocr_par' dir='ltr' id='par_1_142' title="bbox 2343 5040 3801 5116">
     <span class='ocr_line' id='line_1_148' title="bbox 2343 5040 3801 5116; baseline -0.004 -15"><span class='ocrx_word' id='word_1_803' title='bbox 2343 5045 2412 5101; x_wconf 90' lang='lat' dir='ltr'><strong>de</strong></span> <span class='ocrx_word' id='word_1_804' title='bbox 2465 5059 2574 5116; x_wconf 93' lang='lat' dir='ltr'><strong>quo</strong></span> <span class='ocrx_word' id='word_1_805' title='bbox 2623 5042 2798 5098; x_wconf 89' lang='lat' dir='ltr'><strong>factus</strong></span> <span class='ocrx_word' id='word_1_806' title='bbox 2825 5052 2909 5098; x_wconf 89' lang='lat' dir='ltr'><strong>est</strong></span> <span class='ocrx_word' id='word_1_807' title='bbox 2953 5055 3136 5097; x_wconf 89' lang='lat' dir='ltr'><strong>sermo</strong></span> <span class='ocrx_word' id='word_1_808' title='bbox 3160 5043 3373 5098; x_wconf 91' lang='lat' dir='ltr'><strong>Domini</strong></span> <span class='ocrx_word' id='word_1_809' title='bbox 3401 5040 3466 5097; x_wconf 90' lang='lat' dir='ltr'><strong>ad</strong></span> <span class='ocrx_word' id='word_1_810' title='bbox 3497 5040 3801 5097; x_wconf 86' lang='lat' dir='ltr'><strong>Jeremiam</strong></span> 
     </span>
    </p>
   </div>
   <div class='ocr_carea' id='block_1_143' title="bbox 2345 5119 2687 5187">
    <p class='ocr_par' dir='ltr' id='par_1_143' title="bbox 2345 5119 2687 5187">
     <span class='ocr_line' id='line_1_149' title="bbox 2345 5119 2687 5187; baseline -0.006 -15"><span class='ocrx_word' id='word_1_811' title='bbox 2345 5119 2687 5187; x_wconf 88' lang='lat' dir='ltr'><strong>prophetam,</strong></span> 
     </span>
    </p>
   </div>
   <div class='ocr_carea' id='block_1_144' title="bbox 2275 5183 3798 5258">
    <p class='ocr_par' dir='ltr' id='par_1_144' title="bbox 2275 5183 3798 5258">
     <span class='ocr_line' id='line_1_150' title="bbox 2275 5183 3798 5258; baseline -0.004 -14"><span class='ocrx_word' id='word_1_812' title='bbox 2275 5183 2764 5258; x_wconf 80' lang='lat' dir='ltr'><strong>tttcomplerentur</strong></span> <span class='ocrx_word' id='word_1_813' title='bbox 2809 5183 3166 5243; x_wconf 89' lang='lat' dir='ltr'><strong>desolationis</strong></span> <span class='ocrx_word' id='word_1_814' title='bbox 3213 5184 3518 5242; x_wconf 89' lang='lat' dir='ltr'><strong>Jerusalem</strong></span> <span class='ocrx_word' id='word_1_815' title='bbox 3570 5191 3798 5255; x_wconf 86' lang='lat' dir='ltr'><strong>septua-</strong></span> 
     </span>
    </p>
   </div>
   <div class='ocr_carea' id='block_1_145' title="bbox 2383 5260 2672 5326">
    <p class='ocr_par' dir='ltr' id='par_1_145' title="bbox 2383 5260 2672 5326">
     <span class='ocr_line' id='line_1_151' title="bbox 2383 5260 2672 5326; baseline -0.01 -11"><span class='ocrx_word' id='word_1_816' title='bbox 2383 5262 2493 5316; x_wconf 92' lang='lat' dir='ltr'><strong>inta</strong></span> <span class='ocrx_word' id='word_1_817' title='bbox 2520 5260 2672 5326; x_wconf 89' lang='lat' dir='ltr'><strong>anni,</strong></span> 
     </span>
    </p>
   </div>
   <div class='ocr_carea' id='block_1_146' title="bbox 2203 5277 3797 5405">
    <p class='ocr_par' dir='ltr' id='par_1_146' title="bbox 2203 5277 3797 5405">
     <span class='ocr_line' id='line_1_152' title="bbox 2614 5279 2624 5312; baseline 0 0"><span class='ocrx_word' id='word_1_818' title='bbox 2614 5279 2624 5312; x_wconf 89' lang='lat' dir='ltr'><strong>l</strong></span> 
     </span>
     <span class='ocr_line' id='line_1_153' title="bbox 2203 5277 3797 5405; baseline -0.004 -17"><span class='ocrx_word' id='word_1_819' title='bbox 2203 5331 2272 5388; x_wconf 87' lang='lat' dir='ltr'><strong>Et</strong></span> <span class='ocrx_word' id='word_1_820' title='bbox 2295 5277 2672 5405; x_wconf 44' lang='lat' dir='ltr'><strong>ptfswilfazi‘em’</strong></span> <span class='ocrx_word' id='word_1_821' title='bbox 2685 5344 2862 5387; x_wconf 90' lang='lat' dir='ltr'><strong>meam</strong></span> <span class='ocrx_word' id='word_1_822' title='bbox 2887 5328 2955 5384; x_wconf 90' lang='lat' dir='ltr'><strong>ad</strong></span> <span class='ocrx_word' id='word_1_823' title='bbox 2989 5328 3275 5386; x_wconf 92' lang='lat' dir='ltr'><strong>Dominum</strong></span> <span class='ocrx_word' id='word_1_824' title='bbox 3301 5329 3473 5386; x_wconf 90' lang='lat' dir='ltr'><strong>Deum</strong></span> <span class='ocrx_word' id='word_1_825' title='bbox 3502 5342 3684 5384; x_wconf 90' lang='lat' dir='ltr'><strong>meum</strong></span> <span class='ocrx_word' id='word_1_826' title='bbox 3709 5341 3797 5383; x_wconf 92' lang='lat' dir='ltr'><strong>ro-</strong></span> 
     </span>
    </p>
   </div>
   <div class='ocr_carea' id='block_1_147' title="bbox 2345 5421 2494 5479">
    <p class='ocr_par' dir='ltr' id='par_1_147' title="bbox 2345 5421 2494 5479">
     <span class='ocr_line' id='line_1_154' title="bbox 2345 5421 2494 5479; baseline 0 -17"><span class='ocrx_word' id='word_1_827' title='bbox 2345 5421 2494 5479; x_wconf 86' lang='lat' dir='ltr'><strong>gare,</strong></span> 
     </span>
    </p>
   </div>
   <div class='ocr_carea' id='block_1_148' title="bbox 2202 5539 3796 5622">
    <p class='ocr_par' dir='ltr' id='par_1_148' title="bbox 2202 5539 3796 5622">
     <span class='ocr_line' id='line_1_155' title="bbox 2202 5539 3796 5622; baseline -0.01 -13"><span class='ocrx_word' id='word_1_828' title='bbox 2202 5554 2356 5610; x_wconf 82' lang='lat' dir='ltr'><strong>etiam</strong></span> <span class='ocrx_word' id='word_1_829' title='bbox 2385 5551 2526 5622; x_wconf 82' lang='lat' dir='ltr'><strong>regio</strong></span> <span class='ocrx_word' id='word_1_830' title='bbox 2547 5565 2729 5622; x_wconf 82' lang='lat' dir='ltr'><strong>nomen</strong></span> <span class='ocrx_word' id='word_1_831' title='bbox 2755 5547 2950 5616; x_wconf 75' lang='lat' dir='ltr'><strong>accepit</strong></span> <span class='ocrx_word' id='word_1_832' title='bbox 2970 5585 3013 5622; x_wconf 92' lang='lat'><strong>,_</strong></span> <span class='ocrx_word' id='word_1_833' title='bbox 3027 5553 3087 5622; x_wconf 62' lang='lat' dir='ltr'><strong>tu</strong></span> <span class='ocrx_word' id='word_1_834' title='bbox 3135 5561 3168 5598; x_wconf 89' lang='lat' dir='ltr'><strong>a</strong></span> <span class='ocrx_word' id='word_1_835' title='bbox 3189 5542 3457 5614; x_wconf 81' lang='lat' dir='ltr'><strong>Babylone</strong></span> <span class='ocrx_word' id='word_1_836' title='bbox 3478 5539 3765 5612; x_wconf 81' lang='lat' dir='ltr'><strong>Babylonis</strong></span> <span class='ocrx_word' id='word_1_837' title='bbox 3780 5584 3796 5610; x_wconf 87' lang='lat'><strong>,</strong></span> 
     </span>
    </p>
   </div>
   <div class='ocr_carea' id='block_1_149' title="bbox 2205 5618 3179 5685">
    <p class='ocr_par' dir='ltr' id='par_1_149' title="bbox 2205 5618 3179 5685">
     <span class='ocr_line' id='line_1_156' title="bbox 2205 5618 3179 5685; baseline -0.011 -4"><span class='ocrx_word' id='word_1_838' title='bbox 2205 5635 2252 5681; x_wconf 85' lang='lat' dir='ltr'><strong>et</strong></span> <span class='ocrx_word' id='word_1_839' title='bbox 2281 5626 2344 5680; x_wconf 86' lang='lat' dir='ltr'><strong>ab</strong></span> <span class='ocrx_word' id='word_1_840' title='bbox 2378 5618 2532 5677; x_wconf 66' lang='lat' dir='ltr'><strong>Elum</strong></span> <span class='ocrx_word' id='word_1_841' title='bbox 2565 5621 2824 5685; x_wconf 75' lang='lat' dir='ltr'><strong>Elamitw,</strong></span> <span class='ocrx_word' id='word_1_842' title='bbox 2858 5629 2964 5675; x_wconf 87' lang='lat' dir='ltr'><strong>etc.</strong></span> <span class='ocrx_word' id='word_1_843' title='bbox 2995 5618 3179 5672; x_wconf 76' lang='lat' dir='ltr'><strong>MART.</strong></span> 
     </span>
    </p>
   </div>
   <div class='ocr_carea' id='block_1_150' title="bbox 2275 5685 3796 5758">
    <p class='ocr_par' dir='ltr' id='par_1_150' title="bbox 2275 5685 3796 5758">
     <span class='ocr_line' id='line_1_157' title="bbox 2275 5685 3796 5758; baseline -0.01 -6"><span class='ocrx_word' id='word_1_844' title='bbox 2275 5697 2303 5736; x_wconf 73' lang='grc' dir='ltr'><strong>ι)</strong></span> <span class='ocrx_word' id='word_1_845' title='bbox 2334 5695 2512 5752; x_wconf 86' lang='lat' dir='ltr'><strong>Nostri</strong></span> <span class='ocrx_word' id='word_1_846' title='bbox 2570 5709 2704 5749; x_wconf 89' lang='lat' dir='ltr'><strong>mss.</strong></span> <span class='ocrx_word' id='word_1_847' title='bbox 2732 5707 2854 5747; x_wconf 91' lang='lat' dir='ltr'><strong>cum</strong></span> <span class='ocrx_word' id='word_1_848' title='bbox 2888 5689 3114 5758; x_wconf 81' lang='lat' dir='ltr'><strong>Vulgata</strong></span> <span class='ocrx_word' id='word_1_849' title='bbox 3163 5686 3365 5758; x_wconf 84' lang='lat' dir='ltr'><strong>ipsum,</strong></span> <span class='ocrx_word' id='word_1_850' title='bbox 3411 5685 3541 5751; x_wconf 76' lang='lat' dir='ltr'><strong>dies,</strong></span> <span class='ocrx_word' id='word_1_851' title='bbox 3600 5697 3796 5758; x_wconf 79' lang='lat' dir='ltr'><strong>nomen</strong></span> 
     </span>
    </p>
   </div>
   <div class='ocr_carea' id='block_1_151' title="bbox 2206 5755 3797 5838">
    <p class='ocr_par' dir='ltr' id='par_1_151' title="bbox 2206 5755 3797 5838">
     <span class='ocr_line' id='line_1_158' title="bbox 2206 5755 3797 5838; baseline -0.01 -14"><span class='ocrx_word' id='word_1_852' title='bbox 2206 5774 2547 5838; x_wconf 74' lang='lat' dir='ltr'><strong>prmponnnt,</strong></span> <span class='ocrx_word' id='word_1_853' title='bbox 2580 5766 2689 5821; x_wconf 86' lang='lat' dir='ltr'><strong>dies</strong></span> <span class='ocrx_word' id='word_1_854' title='bbox 2716 5766 2822 5818; x_wconf 86' lang='lat' dir='ltr'><strong>duo</strong></span> <span class='ocrx_word' id='word_1_855' title='bbox 2851 5755 3035 5830; x_wconf 66' lang='lat' dir='ltr'><strong>millia,</strong></span> <span class='ocrx_word' id='word_1_856' title='bbox 3060 5755 3197 5827; x_wconf 56' lang='lat' dir='ltr'><strong>etc.,&#39;</strong></span> <span class='ocrx_word' id='word_1_857' title='bbox 3226 5757 3368 5830; x_wconf 87' lang='lat' dir='ltr'><strong>quod</strong></span> <span class='ocrx_word' id='word_1_858' title='bbox 3393 5765 3573 5814; x_wconf 88' lang='lat' dir='ltr'><strong>tamen</strong></span> <span class='ocrx_word' id='word_1_859' title='bbox 3604 5755 3655 5810; x_wconf 87' lang='lat' dir='ltr'><strong>itt</strong></span> <span class='ocrx_word' id='word_1_860' title='bbox 3690 5755 3797 5815; x_wconf 85' lang='lat' dir='ltr'><strong>lle-</strong></span> 
     </span>
    </p>
   </div>
   <div class='ocr_carea' id='block_1_152' title="bbox 2208 5841 2576 5899">
    <p class='ocr_par' dir='ltr' id='par_1_152' title="bbox 2208 5841 2576 5899">
     <span class='ocr_line' id='line_1_159' title="bbox 2208 5841 2576 5899; baseline -0.014 0"><span class='ocrx_word' id='word_1_861' title='bbox 2208 5841 2391 5899; x_wconf 86' lang='lat' dir='ltr'><strong>braico</strong></span> <span class='ocrx_word' id='word_1_862' title='bbox 2416 5848 2576 5896; x_wconf 90' lang='lat' dir='ltr'><strong>tacet.</strong></span> 
     </span>
    </p>
   </div>
  </div>
