4112 6354
330 308 473 369 1513

401 439 456 485 ct
478 428 755 497 deprecari
787 430 838 484 in
861 427 1103 499 jejuniis,
1132 440 1289 483 sacco
1338 434 1394 483 et
1422 426 1627 483 cinere.

329 502 397 558 Et
428 501 577 556 oravi
612 501 898 556 Dominum
944 502 1109 557 Deum
1142 514 1344 567 meum,

398 582 455 628 et
474 572 753 628 confessus
779 589 920 634 sum.
953 583 1007 627 et
1043 572 1155 627 dixi
1186 588 1201 625 :
1684 612 1692 615 .

326 646 588 708 Obsecro,
622 644 850 700 Domine
877 645 1017 699 Deus
1041 658 1233 714 magne
1260 651 1314 697 et
1341 642 1626 714 terribilis,

402 715 716 773 custodiens
751 726 962 787 paetum
993 725 1049 772 et
1091 712 1518 772 miscricordiam
1567 712 1917 786 diligentibus

468 796 544 853 te,

396 869 452 914 et
480 858 909 915 custodientibus
939 858 1193 916 mandata
1224 867 1337 915 tua.

323 931 691 999 Peccavimus,

395 1005 732 1074 iniquitatem
766 1002 1013 1073 fecimus,

394 1076 560 1146 impie
586 1076 818 1147 egimus,

394 1158 450 1204 et
471 1149 793 1203 recessimus
826 1168 839 1203 :

322 1222 389 1277 Et
416 1218 805 1275 declinavimus
825 1236 853 1274 a
888 1220 1150 1275 mandatis
1182 1219 1287 1275 tnis
1316 1234 1379 1273 ac
1406 1218 1626 1287 judiciis
1656 1237 1672 1273 :

320 1294 436 1350 Non
468 1291 805 1346 obedivimus
832 1293 1004 1346 servis
1034 1292 1138 1346 tuis
1180 1292 1481 1361 prophetis,

391 1364 483 1436 qui
512 1364 672 1418 locuti
698 1372 821 1418 sunt
852 1364 902 1417 in
923 1364 1156 1436 nomine
1188 1374 1280 1419 tuo
1321 1364 1536 1435 regibus
1571 1363 1801 1433 nostris,

393 1434 728 1507 principibus
766 1434 987 1502 nostris,

390 1508 636 1578 patribus
660 1507 879 1571 nostris,

392 1578 649 1648 omnique
683 1580 879 1649 populo
909 1586 1092 1634 terra}.

317 1651 466 1715 Tibi,
490 1651 737 1717 Domine,
756 1651 959 1720 justitia
990 1667 1005 1707 :

390 1724 544 1779 nobis
570 1731 747 1777 autem
784 1724 1030 1777 confusio
1062 1721 1213 1777 faciei
1252 1738 1267 1776 :

391 1798 532 1850 sicut
555 1805 637 1850 est
659 1794 819 1849 hodie
845 1795 960 1848 viro
985 1794 1010 1848 .l
1022 1795 1146 1862 uda,
1176 1804 1230 1850 et
1258 1793 1650 1851 habitatoribus
1692 1793 1915 1849 Jerusa-

461 1868 587 1937 lem,
618 1876 674 1922 et
702 1864 847 1921 omni
882 1866 1080 1930 Israel;

317 1940 413 1997 llis
443 1940 532 2010 qui
560 1954 727 2011 prope
756 1947 901 2011 sunt,
933 1945 988 1992 et
1013 1937 1097 2011 his
1135 1936 1225 2007 qui
1257 1938 1467 2011 procul,

388 2014 441 2068 in
464 2008 736 2067 universis
763 2010 943 2075 terris,
973 2008 1038 2063 ad
1071 2023 1205 2078 quas
1233 2009 1436 2078 ejeeisti
1465 2024 1581 2075 eos,

390 2091 608 2166 propter
633 2081 942 2153 iniquitates
970 2096 1187 2149 eorum,
1238 2083 1290 2135 in
1320 2082 1514 2151 quibus
1547 2091 1911 2153 peccaverunt

461 2172 512 2210 Ill
546 2166 615 2212 te.

316 2228 567 2293 Domine,
597 2226 752 2282 nobis
776 2223 1024 2281 confusio
1046 2222 1225 2293 faciei,

386 2298 601 2368 regibus
627 2297 847 2363 nostris,

385 2371 718 2442 principibus
758 2369 978 2438 nostris,

386 2438 441 2497 et
473 2438 711 2513 patribus
744 2441 963 2505 nostris,
1005 2438 1096 2512 qui
1130 2448 1513 2513 peccaverunt.

312 2515 431 2573 Tibi
462 2511 641 2571 autem
673 2513 902 2569 Domino
932 2511 1042 2569 Deo
1072 2522 1259 2568 nostro
1286 2511 1680 2583 misericordia,
1708 2522 1761 2571 et
1785 2528 1909 2585 pro-

456 2588 688 2656 pitiatio,
1102 2590 1105 2595 ’
1468 2600 1475 2605 ’

384 2660 508 2726 quia
537 2656 861 2713 recessimus
891 2672 918 2710 a
953 2665 1007 2713 te
1036 2674 1048 2711 :

313 2730 383 2787 Et
411 2747 517 2786 non
548 2730 849 2785 audivimus
874 2744 1063 2784 vocem
1104 2727 1311 2783 Domini
1345 2727 1438 2782 Dei
1471 2729 1661 2793 nostri,

383 2802 867 2858 utambularemus
925 2802 977 2856 in
1008 2802 1126 2870 lege
1153 2800 1290 2868 ejus,
1330 2814 1488 2871 quam
1536 2801 1712 2870 posuit
1751 2801 1909 2859 nobis

469 2890 563 2944 per
592 2889 780 2929 servos
816 2888 943 2927 suos
978 2872 1293 2943 prophetas.

314 2945 380 3003 Et
409 2942 582 3001 omnis
608 2944 771 3001 Israel
801 2942 1135 3015 praevaricari
1162 2952 1289 2998 sunt
1321 2942 1493 3011 legem
1528 2951 1695 3013 tuam,
1730 2953 1785 3000 et
1807 2945 1907 3004 de-

382 3018 740 3084 clinaverunt,
780 3031 849 3072 ne
885 3015 1135 3070 audirent
1160 3030 1346 3069 vocem
1376 3023 1544 3079 tuam,

314 3090 383 3147 Et
409 3090 636 3145 stillavit
665 3104 830 3159 super
856 3103 953 3161 nos
980 3086 1307 3161 maledictio,
1347 3086 1746 3161 _ct_d_etcstatio,
1786 3104 1907 3161 quae

455 3161 653 3231 scripta
685 3158 767 3216 est
796 3161 849 3214 in
882 3160 1019 3214 libro
1045 3159 1181 3214 Mosi
1213 3158 1357 3214 servi
1387 3158 1508 3225 Dei,

381 3238 503 3306 quia
535 3235 871 3304 peccavimus
902 3231 973 3285 ei.

312 3300 621 3363 Et'stat'uit
675 3317 957 3359 sermones
1010 3316 1162 3371 suos,
1216 3316 1353 3373 quos
1388 3300 1598 3357 locutus
1629 3311 1713 3359 est
1737 3318 1904 3375 super

380 3392 480 3434 nos
494 3423 508 3445 ,

451 3460 506 3506 et
560 3463 722 3521 super
779 3446 1048 3520 principes
1100 3454 1344 3515 nostros,
1392 3446 1485 3519 qui
1524 3446 1906 3517 judicaverunt

488 3535 587 3576 nos

307 3592 378 3650 Ut
404 3563 851 3659 superinduceret
884 3592 935 3647 in
965 3606 1064 3647 nos
1096 3590 1298 3645 malum
1332 3603 1607 3661 magnum,

377 3666 535 3735 quale
565 3680 858 3735 numquam
888 3664 989 3735 fuit
1017 3665 1118 3717 sub
1146 3662 1292 3735 omni
1316 3663 1478 3735 caelo,

377 3732 674 3792 secundum
706 3732 846 3807 quod
878 3734 1081 3807 factum
1110 3744 1193 3807 est
1224 3733 1277 3788 in
1308 3732 1633 3789 Jerusalem.

311 3806 467 3864 Sicut
494 3805 754 3879 scriptum
781 3816 865 3862 est
892 3805 945 3861 in
977 3808 1093 3877 lege
1120 3806 1274 3872 Mosi,

377 3897 538 3937 omne
570 3882 767 3935 malum
795 3880 898 3935 hoc
918 3881 1065 3934 venit
1089 3894 1254 3947 super
1282 3891 1401 3932 nos.

311 3952 379 4008 Et
422 3968 529 4008 non
578 3952 886 4024 rogavimus
928 3949 1121 4006 faciem
1163 3958 1335 4017 tuam,
1379 3949 1606 4006 Domine
1634 3948 1775 4005 Deus
1805 3964 1901 4008 no-

450 4034 581 4090 8101⁵,

375 4107 436 4151 ut
464 4104 859 4153 reverteremur
884 4093 951 4150 ab
978 4092 1353 4165 iniquitatibus
1384 4093 1608 4163 nostris,

374 4178 429 4223 et
457 4171 821 4238 cogitaremus
846 4168 1129 4222 veritatem
1175 4178 1342 4220 tuam.

307 4240 372 4296 Et
400 4237 641 4312 vigilavit
680 4237 936 4294 Dominus
965 4254 1129 4309 super
1153 4238 1436 4305 malitiam,

376 4324 425 4366 et
460 4312 682 4368 adduxit
710 4327 827 4367 eam
870 4326 1033 4381 super
1062 4326 1159 4366 nos
1193 4328 1207 4365 :
1276 4333 1284 4344 -

305 4384 489 4440 Jusms
536 4383 791 4439 Dominus
822 4378 968 4439 Deus
1012 4392 1199 4438 noster
1244 4383 1298 4438 in
1343 4378 1594 4438 omnibus
1640 4383 1897 4453 operibus

448 4454 729 4524 suis,'qua:
762 4454 886 4509 fecit
918 4471 931 4507 :

382 4541 489 4579 non
513 4527 656 4579 enim
682 4524 985 4597 audivimus
1015 4539 1202 4580 vocem
1232 4525 1369 4597 ejus.

306 4598 373 4653 Et
403 4613 569 4663 nunc,
600 4597 828 4650 Domine
860 4596 1000 4648 Deus
1027 4606 1232 4660 noster,

375 4668 467 4740 qui
505 4666 1044 4740 eduxistipopulum
1089 4677 1241 4721 tuum
1291 4664 1359 4721 de
1409 4674 1553 4723 terra
1595 4667 1813 4739 [Egypti
1842 4669 1895 4725 in

449 4756 611 4795 manu
637 4738 783 4808 forti,

378 4824 429 4867 et
459 4813 631 4867 fecisti
663 4811 755 4867 tibi
785 4824 983 4867 nomen
1011 4809 1309 4866 secundum
1354 4808 1496 4867 diem
1525 4809 1667 4868 hanc
1702 4829 1715 4868 :

307 4885 677 4950 Peccavimus,
723 4881 1057 4953 iniquitatem
1089 4882 1335 4952 fecimus,

382 4957 622 5026 Domine,
657 4957 710 5010 in
740 4971 953 5011 omnem
994 4954 1428 5026 juStitiamituam
1461 4972 1477 5009 :

305 5032 615 5095 Avertatur,
642 5027 893 5095 obsecro,
926 5028 1002 5083 ira
1034 5035 1145 5094 tua,
1171 5037 1223 5082 et
1254 5025 1402 5081 furor
1427 5036 1572 5094 tuus,

376 5117 406 5157 a
431 5101 647 5158 civitate
678 5108 768 5158 tua
795 5100 1119 5168 Jerusalem,
1150 5108 1206 5158 et
1243 5109 1431 5156 monte
1459 5107 1650 5158 saneto
1676 5106 1788 5156 tuo.

380 5412 405 5441 α
444 5403 502 5459 lu
533 5400 704 5474 Regio
748 5416 856 5458 ms.
893 5400 1105 5474 codice
1148 5399 1449 5456 Bibliorum
1476 5398 1902 5474 ,Lct‘imipfeqlur

314 5476 445 5530 visio
475 5485 522 5529 et
551 5471 843 5547 prophetes.
890 5473 947 5530 In
975 5490 1042 5530 eo
1064 5483 1241 5547 autem
1266 5514 1280 5538 ,
1310 5488 1468 5547 quem
1493 5471 1550 5527 S.
1584 5471 1767 5547 Albini
1791 5472 1905 5527 Att-

308 5544 630 5617 degavenSis
650 5544 893 5602 diximus
922 5560 1082 5614 supra
1111 5585 1127 5611 ,
1182 5544 1322 5599 idem
1354 5544 1587 5617 legimr_,
1636 5544 1731 5597 sed
1779 5559 1907 5617 casu

310 5612 504 5690 plurali
530 5658 545 5683 ,
598 5626 643 5671 et
671 5618 944 5690 impleatur
974 5612 1103 5671 visio
1131 5626 1175 5669 et
1217 5612 1498 5687 prop/reice.
1527 5612 1908 5690 Exemplaria

316 5687 549 5744 Carminis
570 5734 584 5757 ,
629 5687 828 5757 aliique
877 5689 1224 5760 quamplures
1252 5702 1385 5742 mss.
1416 5702 1506 5742 cor.
1526 5687 1637 5743 ices
1671 5689 1913 5743 retinent

310 5760 452 5832 quod
482 5776 580 5815 nos
615 5762 903 5817 edidimus.
936 5762 1117 5817 Manr.

384 5852 744 5913 —-Vaticanus
766 5871 866 5915 ms.
883 5866 931 5914 et
956 5853 1205 5933 prapheta
1227 5870 1246 5915 :
1267 5853 1356 5914 alii
1375 5852 1597 5925 habent,
1621 5852 1911 5929 praphetes,

1477 304 1682 364 LIBER
1722 304 2041 365 DANIELlS
2080 304 2496 364 PROPllETZE.

1943 428 1995 488 Α
2022 423 2253 497 Propter
2299 434 2522 496 peccata
2566 424 2713 482 enim
2745 433 2951 499 nostra,
2991 436 3047 485 et
3076 426 3389 501 iniquitates
3410 439 3626 501 patrum

1944 1833 1992 1893 B

3488 311 3630 400 isti

2176 508 2509 563 nostrorum,

2027 568 2327 644 Jerusalem
2358 581 2409 625 et
2439 570 2666 644 populus
2695 580 2819 627 tuus
2850 572 2901 627 in
2934 572 3285 644 opprobrium
3311 583 3435 629 sunt
3458 574 3627 630 omni-

2165 642 2265 697 bus
2296 658 2388 711 per
2415 642 2698 697 circuitum
2746 656 3011 700 nostrum.

2026 712 2180 769 Nune
2203 729 2331 784 ergo
2368 715 2583 795 exaudi.
2615 714 2757 772 Deus
2782 725 2991 785 noster,
3016 716 3315 774 orationem
3348 719 3489 774 servi
3516 719 3615 788 tui,

2165 796 2217 841 et
2246 801 2436 855 preces
2470 800 2589 854 ejus
2621 803 2634 839 :
3462 830 3465 835 ,

2094 866 2150 913 et
2179 857 2405 935 ostende
2435 856 2623 912 faciem
2658 867 2803 915 tuam
2850 872 3014 932 super
3045 860 3412 918 sanctuarium
3444 871 3616 935 tuum,

2164 930 2307 999 quod
2338 929 2613 985 desertum
2641 939 2746 997 est,

2094 1011 2316 1072 propter
2351 1002 2717 1070 temetipsum.

2019 1068 2244 1135 Inclina,
2279 1074 2419 1129 Deus
2449 1068 2622 1143 meus,
2656 1088 2842 1130 aurem
2876 1083 3043 1139 tuam,
3076 1086 3132 1131 et
3157 1077 3281 1132 audi
3317 1095 3332 1133 :

2091 1146 2241 1216 aperi
2274 1146 2461 1219 oculos
2492 1154 2633 1212 tuos,
2678 1156 2732 1200 et
2761 1146 2884 1201 vide
2913 1148 3305 1204 desolationem
3339 1158 3604 1219 nostram,
3646 1148 3656 1162 '

2090 1229 2145 1275 et
2190 1218 2481 1285 civitatem,
2535 1231 2701 1288 super
2745 1224 2904 1289 quain
2950 1220 3256 1276 invocatum
3294 1231 3377 1277 est
3418 1238 3615 1280 nomen

2168 1301 2316 1344 tuum
2351 1308 2364 1345 τ

2017 1364 2201 1436 Neque
2222 1362 2365 1418 enim
2395 1362 2447 1416 in
2471 1360 2943 1436 iustificationibus
2966 1364 3165 1419 neStris
3187 1366 3581 1435 prosternimus

2164 1449 2355 1503 preces
2394 1442 2521 1488 ante
2554 1433 2743 1487 faciem
2770 1443 2938 1500 tuam,

2090 1510 2183 1563 sed
2218 1507 2269 1560 in
2306 1504 2747 1562 miserationibus
2779 1506 2883 1563 tuis
2912 1505 3117 1563 multis.

2021 1576 2251 1645 Exaudi,
2286 1578 2535 1643 Domine,

2090 1652 2333 1721 placare,
2379 1651 2603 1705 Domine
2637 1666 2651 1703 :

2090 1722 2335 1786 a.tende,
2364 1732 2416 1776 et
2450 1721 2532 1776 fac
2561 1736 2577 1776 :

2018 1794 2097 1852 Ne
2128 1795 2355 1849 moreris
2389 1802 2608 1863 propter
2638 1793 3009 1864 temetipsum,
3040 1793 3183 1848 Deus
3212 1811 3364 1853 meus
3399 1814 3415 1853 :

2089 1867 2214 1936 quia
2247 1879 2443 1919 nomen
2488 1875 2637 1939 tuum
2671 1864 2977 1919 invocatum
3006 1876 3089 1920 est
3119 1882 3284 1937 super
3311 1869 3611 1939 civitatein,

2090 1949 2145 1993 et
2170 1952 2334 2007 super
2366 1937 2620 2006 populum
2664 1944 2837 2003 tuum,

2017 2009 2260 2080 Cumque
2289 2007 2463 2061 adhuc
2492 2007 2764 2076 loquerer,
2812 2016 2867 2061 et
2895 2022 3130 2077 orarem,

2087 2082 2481 2206 ctlconllitcret‘
2511 2090 2730 2149 peccata
2760 2094 2900 2145 mea,
2953 2090 3009 2136 et
3038 2090 3256 2150 peccata
3298 2084 3477 2155 populi
3514 2084 3618 2140 mei

2185 2167 2303 2206 srae
2347 2193 2363 2206 .

2185 2167 2363 2218 sraet,

2088 2234 2141 2281 et
2168 2234 2569 2295 prosternerem
2598 2237 2787 2293 preces
2808 2236 2957 2279 meas
2978 2221 3031 2277 in
3057 2234 3352 2294 conspectu
3380 2225 3471 2283 Dei
3491 2227 3618 2295 mei,

2089 2313 2184 2362 pro
2216 2304 2399 2351 monte
2424 2304 2612 2350 saneto
2641 2296 2733 2350 Dei
2761 2297 2864 2350 mei
2903 2313 2915 2350 :

2011 2367 2202 2424 Adhuc
2228 2382 2314 2423 me
2341 2369 2593 2437 loquente
2625 2368 2676 2420 iu
2702 2368 2972 2431 oratione,

2085 2455 2213 2496 ecce
2269 2440 2348 2493 vir
2376 2437 2626 2507 Gabriel,
2679 2453 2841 2509 quem
2896 2438 3142 2493 videram
3198 2440 3251 2495 in
3304 2441 3513 2498 visione
3560 2443 3615 2499 in

2165 2511 2433 2582 principio
2454 2552 2470 2577 ,

2085 2580 2195 2667 cito
2218 2583 2405 2667 volans
2434 2581 2609 2652 tetigit
2637 2595 2724 2637 me
2754 2580 2807 2636 in
2838 2589 3080 2653 tempore
3109 2583 3364 2640 sacrificii
3394 2598 3610 2657 veSper-

2159 2668 2277 2711 llm.

2012 2727 2079 2785 Et
2109 2727 2292 2784 docuit
2323 2740 2430 2796 me,

2083 2810 2137 2855 et
2164 2800 2377 2855 locutus
2404 2795 2490 2853 est
2516 2795 2670 2862 mihi,
2706 2795 2950 2867 dixitque
2986 2815 2999 2852 :

2012 2870 2201 2928 Daniel
2235 2886 2379 2927 nunc
2412 2883 2665 2940 egressus
2694 2884 2837 2936 sum,
2880 2880 2937 2925 ut
2964 2870 3218 2927 docerem
3252 2880 3325 2941 te,

2081 2952 2138 2999 et
2182 2944 2531 3013 intelligeres.

2010 3014 2095 3072 Ab
2121 3018 2344 3071 exordio
2390 3028 2607 3084 precum
2638 3021 2851 3068 tuarum
2885 3028 3139 3084 egressus
3166 3024 3248 3072 est
3271 3030 3453 3071 sermo
3483 3033 3499 3070 :

2082 3102 2183 3158 ego
2214 3096 2395 3158 autem
2426 3086 2571 3158 veni,
2616 3094 2675 3140 ut
2703 3085 2995 3142 indicarem
3027 3088 3149 3157 tibi,

2082 3156 2204 3231 quia
2237 3160 2319 3216 vir
2341 3156 2734 3231 desideriorum
2766 3172 2824 3212 es
2856 3173 2873 3211 :

3472 1544 3479 1551 .
3508 1536 3613 1577 ,ηυγ

1930 3224 1978 3290 C
2008 3224 2250 3301 Tu'ergo
2284 3228 2653 3285 animadverte
2695 3243 3028 3298 sermonem,

2078 3313 2131 3359 et
2159 3300 2402 3373 intellige
2438 3300 2718 3373 visionem.

2004 3370 2360 3446 Septuaginta
2407 3370 2775 3427 hebdomades
2800 3372 3126 3446 abbreviatm
3166 3385 3295 3431 sunt
3319 3390 3480 3446 super
3511 3390 3608 3445 po-

2078 3448 2261 3517 pulum
2296 3457 2445 3502 tuum
2475 3452 2530 3499 et
2553 3459 2717 3514 super
2757 3445 2944 3501 urbem
2972 3458 3212 3503 sanctam
3248 3445 3417 3515 tuam,

2077 3530 2137 3575 ut
2182 3524 2588 3574 consummetur
2635 3518 3030 3587 praevaricatio,
3078 3530 3132 3576 ct
3161 3521 3323 3577 finem
3371 3522 3603 3594 accipiat

2151 3602 2454 3660 peccatum,

2004 3661 2073 3718 Et
2100 3661 2348 3735 deleatur
2379 3663 2658 3735 iniquitas,

2077 3744 2133 3788 et
2159 3734 2457 3789 adducatur
2480 3734 2691 3804 justitia
2722 3736 3077 3805 sempiterna,

2005 3804 2075 3861 Et
2103 3806 2393 3876 impleatur
2419 3807 2577 3874 visio,
2619 3815 2675 3863 et
2705 3815 2730 3844 α
2764 3804 3072 3878 prephetia,

2077 3888 2131 3932 et
2161 3888 2391 3947 ungatur
2422 3880 2655 3935 Sanctus
2695 3890 3029 3936 sanetorum.

2002 3947 2152 4005 Scito
2182 3964 2331 4019 ergo,
2358 3957 2417 4006 et
2440 3951 2810 4006 animadverte
2840 3970 2850 4005 :

2074 4022 2159 4077 Ab
2189 4022 2335 4077 exitu
2366 4024 2657 4087 sermonis,
2705 4030 2765 4077 ut
2811 4024 3006 4079 iterum
3048 4023 3344 4081 zedilieetur
3386 4023 3604 4080 Jerusa-

2148 4095 2277 4158 lem,
2310 4108 2481 4165 usque
2510 4094 2574 4149 ad
2604 4094 2882 4150 Christum
2911 4095 3129 4160 ducem,

2075 4164 2443 4239 hebdomades
2488 4176 2729 4238 septem,
2808 4178 2865 4223 et
2909 4166 3275 4225 hebdomades
3324 4170 3602 4239 sexaginta

2144 4237 2267 4293 dum
2292 4246 2451 4294 erunt
2482 4256 2496 4294 :

2003 4308 2072 4366 Et
2100 4310 2705 4383 rursum_mdificabitur
2736 4313 2934 4383 platea,

2072 4390 2129 4437 et
2151 4383 2286 4453 muri
2321 4380 2374 4435 in
2406 4388 2652 4452 angustia
2697 4380 3018 4453 temporum.

2002 4453 2071 4509 Et
2102 4463 2223 4524 post
2249 4452 2617 4511 hebdomades
2647 4452 2925 4527 sexaginta
2965 4455 3098 4510 duas
3139 4455 3416 4512 occidetur
3446 4456 3602 4513 Clu-i-

2142 4535 2257 4580 SlllS
2287 4541 2301 4578 ζ

2073 4605 2130 4651 et
2156 4613 2260 4651 non
2297 4597 2400 4652 erit
2426 4595 2585 4667 ejusb
2619 4616 2633 4654 :

2010 4667 2072 4723 Et
2103 4668 2375 4745 civitatem
2401 4678 2455 4723 et
2488 4670 2857 4726 sanctuarium
2887 4668 3171 4741 dissipabit
3196 4672 3428 4745 populus

2076 4755 2199 4795 eum
2228 4738 2365 4795 duce
2394 4748 2624 4796 venturo
2656 4759 2669 4797 :

2007 4810 2074 4867 Et
2106 4810 2227 4866 linis
2253 4811 2372 4881 ejus
2396 4813 2639 4881 vastitas,

2078 4893 2133 4938 et
2164 4894 2282 4953 post
2316 4884 2477 4939 linem
2509 4884 2635 4940 belli
2660 4893 2859 4941 statuta
2882 4885 3170 4941 desolatio.

2007 4954 2362 5027 Confirmahit
2403 4965 2583 5012 autem
2627 4966 2841 5027 pactum
2876 4959 3059 5012 multis
3086 4957 3420 5015 hebdomada
3451 4974 3553 5015 una
3590 4977 3607 5019 :

2078 5036 2135 5084 et
2178 5025 2263 5153 inr
2282 5027 2508 5109 dimidio
2558 5025 2913 5086 hebdomadis
2962 5030 3177 5107 deficiet
3221 5030 3396 5087 hostia
3440 5042 3603 5087 etsa-

2149 5112 2228 5153 (δτι
2252 5114 2414 5153 ictum
2449 5117 2461 5153 :

2149 5112 2414 5156 crntcmm
2449 5117 2461 5153 ε

2010 5400 2065 5458 in
2100 5399 2327 5458 Hebraeo
2352 5411 2528 5459 autem
2562 5412 2644 5460 est
2672 5414 2820 5465 mna.

2080 5471 2108 5513 ι)
2138 5474 2521 5548 _Sal_)audienda
2548 5475 2637 5548 hic
2666 5486 2789 5531 sunt
2820 5490 2939 5546 qua).
2974 5475 3302 5548 supplentur
3344 5477 3397 5534 in
3444 5478 3603 5533 editis

2011 5559 2075 5601 ac
2102 5546 2348 5615 pluribus
2370 5562 2499 5602 mss.
2528 5547 2700 5621 libris,
2728 5562 2952 5621 nempe,
2992 5546 3220 5621 populus
3253 5551 3343 5621 qui
3373 5567 3487 5604 eum
3518 5568 3607 5604 nc-

2012 5627 2228 5693 gaturus
2258 5626 2329 5672 est
2360 5633 2377 5671 :
2406 5633 2531 5673 nam
2560 5618 2613 5673 in
2639 5618 2871 5675 llebrzeo
2892 5620 3025 5675 nihil
3056 5618 3199 5676 aliud
3230 5618 3376 5691 legas
3407 5631 3604 5693 praeter

2016 5711 2143 5777 ista,
2182 5692 2363 5797 15pm
2394 5726 2513 5766 veen
2552 5711 2625 5775 lo,
2660 5710 2711 5765 id
2748 5721 2831 5767 est
2856 5753 2871 5778 ,
2912 5721 2959 5767 et
2988 5730 3085 5768 non
3110 5714 3186 5780 ei,
3213 5714 3358 5780 sive,
3412 5722 3461 5768 et
3510 5731 3611 5769 non

2018 5803 2150 5875 ejus,
2176 5805 2260 5855 cui
2290 5812 2553 5859 consonat
2581 5804 2779 5874 Regius
2806 5804 3008 5872 codex,
3042 5822 3202 5875 quem
3240 5808 3343 5859 hoc
3376 5806 3494 5860 loco
3523 5823 3607 5861 se-

2022 5874 2132 5934 cuti
2152 5888 2342 5935 sumus
2366 5916 2383 5947 ,
2406 5884 2593 5950 utpote
2604 5891 2799 5949 purutn
2821 5875 3445 5955 abonnriadditamento.
3462 5879 3610 5938 Min.
