4062 6348
462 293 603 354 1315

457 411 528 469 Ει
553 413 604 468 in
638 411 838 483 templo
867 410 975 468 erit
1003 410 1339 468 abominatio
1359 410 1714 466 desolationis
1745 427 1762 469 :

524 495 579 540 et
623 499 793 555 usque
839 484 906 538 ad
956 487 1480 540 consummationem
1521 493 1574 539 et
1605 485 1768 540 tinem
1797 497 2052 553 perseve-

595 557 741 611 rabit
765 556 1053 611 desolatio.

455 626 627 702 [Visio
656 627 752 700 X.|
785 631 936 683 Anno
968 629 1128 684 tertio
1155 628 1275 699 Cyri
1306 628 1448 700 regis
1479 626 1790 702 Persarum,
1825 628 2053 684 verbum

601 705 898 755 revelatum
927 710 1009 755 est
1036 701 1242 755 Dauicli
1271 710 1632 769 cognomento
1665 701 1955 768 Baltissar,

529 781 585 842 et
609 772 831 844 verbum
863 787 1073 839 verum,
1108 773 1442 828 ctfortitudo
1469 787 1660 844 magna
1687 787 1703 827 :

457 842 839 915 lntellexitque
874 857 1181 899 sermonem
1215 862 1228 897 :

529 915 886 986 intelligentia
919 918 1062 970 enim
1090 931 1224 986 opus
1251 926 1330 971 est
1359 915 1412 971 in
1435 915 1667 972 visione.
1725 939 1730 943 -

457 986 514 1043 In
547 986 737 1061 diebus
770 987 890 1061 -ill_i_s
914 1001 1020 1061 ego
1060 985 1246 1044 Daniel
1278 989 1525 1061 lugebam
1565 989 1724 1043 trium
1757 985 2057 1044 hebdoma-

601 1060 789 1113 darum
819 1059 1006 1114 diebus
1034 1077 1046 1112 :

526 1144 719 1200 panem
763 1131 1186 1187 desiderabilem
1217 1145 1326 1186 non
1353 1130 1585 1197 comedi,

524 1213 577 1257 et
606 1218 734 1258 caro
770 1212 826 1258 et
852 1203 1037 1258 vinum
1068 1221 1174 1258 non
1211 1203 1534 1259 introierunt
1568 1206 1622 1258 in
1653 1218 1715 1259 os
1745 1217 1960 1268 meum;

450 1271 557 1329 Sed
592 1289 766 1343 neque
793 1286 1068 1344 unguento
1098 1284 1289 1330 unctus
1313 1292 1434 1332 sum
1469 1294 1482 1331 :

527 1344 702 1401 donec
730 1346 1138 1417 complerentur
1162 1350 1322 1403 trium
1359 1347 1818 1404 hebdomadarum
1848 1348 1987 1402 dies.

456 1414 553 1472 Die
583 1428 760 1472 autem
791 1414 1050 1492 vigesima
1079 1429 1134 1475 et
1170 1430 1363 1490 quarta
1393 1423 1598 1478 mensis
1627 1421 1808 1492 primi,

527 1506 676 1567 eram
705 1492 862 1567 juxta
881 1490 1102 1547 fluvium
1138 1507 1411 1567 magnum,
1446 1495 1540 1567 qui
1569 1490 1656 1549 est
1680 1491 1883 1565 Tigris,

455 1560 526 1618 Et
551 1560 721 1617 levavi
746 1563 932 1618 oculos
966 1579 1136 1624 meos.
1173 1560 1358 1619 et_vidi
1398 1582 1409 1617 :

526 1643 582 1690 et
609 1649 738 1690 ecce
764 1636 845 1690 vir
877 1651 1016 1691 unus
1051 1637 1280 1690 vestitus
1304 1636 1485 1702 lineis,
1567 1664 1570 1668 -

530 1715 584 1762 et
611 1722 774 1764 renes
796 1707 910 1781 ejus
936 1711 1159 1762 accincti
1189 1723 1329 1781 auro
1351 1709 1555 1781 obryzo
1581 1725 1596 1765 :

457 1777 526 1834 Et
548 1794 744 1849 corpus
775 1779 891 1848 ejus
918 1781 1068 1850 quasi
1096 1777 1484 1850 cltrysolittiits,

529 1860 582 1904 et
616 1851 777 1905 facies
807 1853 924 1919 ejus
951 1852 1096 1905 velut
1125 1852 1337 1921 species
1379 1851 1628 1922 fulguris,

529 1932 585 1976 et
609 1923 749 1976 oeuli
777 1924 918 1992 ejus,
948 1932 1008 1975 ut
1049 1924 1254 1992 lampas
1285 1923 1481 1979 ardens
1514 1944 1524 1977 :
1697 1973 1704 1978 .

462 1991 532 2050 Et
558 1994 776 2048 brachia
809 1991 953 2064 ejus.
995 2003 1048 2048 et
1073 1991 1191 2064 quas
1219 1993 1475 2066 deorsum
1505 2009 1678 2066 usque
1705 1993 1773 2050 ad
1800 1991 1991 2065 pedes,

532 2067 687 2134 quasi
718 2069 926 2136 species
951 2065 1075 2120 turis
1103 2065 1387 2120 candentis
1415 2084 1427 2120 :

535 2146 592 2190 et
619 2153 719 2190 vox
753 2153 1064 2192 sermonum
1093 2137 1232 2205 ejus,
1275 2144 1331 2189 ut
1360 2151 1458 2192 vox
1495 2137 1880 2194 multitudinis.

463 2206 584 2264 Vidi
607 2218 788 2264 autem
819 2224 920 2280 ego
947 2209 1140 2264 Daniel
1172 2210 1318 2261 solus
1357 2209 1618 2265 visionem
1654 2229 1668 2264 :

535 2296 699 2351 porro
732 2281 852 2344 viri,
896 2281 989 2349 qui
1018 2289 1176 2336 erant
1214 2295 1448 2347 mecum,
1487 2299 1593 2336 non
1626 2283 1878 2351 viderunt
1907 2297 1920 2334 :

535 2344 631 2406 sed
664 2363 840 2408 terror
876 2344 1070 2408 nimius
1096 2353 1254 2408 irruit
1297 2344 1463 2424 super
1497 2368 1614 2421 eos,
1646 2344 1984 2425 et'fugeruot
2012 2352 2065 2408 in

612 2425 1010 2480 absconditum.

468 2493 584 2566 Ego
615 2506 810 2623 lautem
854 2495 1077 2552 relictus
1141 2495 1290 2551 solus
1334 2495 1442 2551 vidi
1493 2496 1758 2554 visionem

631 2583 792 2623 iane:

631 2583 752 2622 iane
779 2587 792 2623 ζ

539 2651 592 2694 et
634 2656 740 2695 non
779 2639 1036 2696 remansit
1063 2640 1116 2694 in
1149 2654 1235 2694 me
1265 2637 1544 2708 fortitudo,

541 2713 638 2767 sed
662 2723 714 2766 et
746 2713 956 2783 species
981 2711 1408 2767 meaimmutata
1440 2723 1524 2768 est
1551 2715 1602 2767 in
1637 2729 1748 2778 me,

541 2794 595 2837 et
623 2786 882 2850 emarcui,
915 2799 1016 2838 nec
1043 2783 1205 2836 habui
1236 2784 1526 2852 quidquam
1557 2785 1779 2840 virium.

469 2854 538 2913 Et
565 2859 741 2912 audivi
779 2871 968 2912 vocem
996 2870 1304 2910 sermonum
1335 2854 1453 2924 ejus
1484 2873 1498 2910 :

542 2936 598 2984 et
636 2929 865 2984 audiens
911 2927 1158 2999 jacebam
1223 2936 1600 2984 consternatus
1656 2941 1824 2998 super
1875 2925 2071 2983 faciem

617 3016 816 3068 meam,

544 3073 830 3144 vultusque
858 3087 1012 3128 meus
1039 3069 1277 3127 hzerebat
1305 3080 1487 3128 terrm.

472 3143 538 3200 Et
565 3161 690 3202 ecce
723 3160 913 3200 manus
939 3146 1112 3216 tetigit
1141 3157 1246 3209 me,

471 3227 528 3273 et
557 3219 728 3273 erexit
752 3233 836 3272 me
861 3232 1024 3288 super
1051 3231 1223 3288 genua
1258 3230 1400 3283 mea,

542 3299 597 3344 et
627 3305 790 3362 super
823 3291 1080 3344 articulos
1109 3303 1364 3362 manuum
1411 3301 1676 3362 mearum.

470 3360 536 3416 Et
563 3359 789 3417 dixit'ad
823 3376 910 3416 me
936 3379 949 3416 :
984 3361 1194 3424 Daniel,
1216 3363 1296 3414 vir
1316 3359 1735 3424 desideriorum,

545 3434 786 3503 intelligo
835 3435 1020 3500 verba,
1064 3446 1186 3504 qua:
1235 3447 1334 3503 ego
1376 3431 1564 3503 loquor
1590 3433 1655 3486 ad
1691 3441 1764 3498 te,
1823 3437 1879 3487 et
1904 3438 1986 3487 sta
2015 3428 2068 3486 in

539 3505 709 3576 gradu
761 3517 852 3561 tuo
879 3523 893 3565 :

543 3573 686 3634 nunc
708 3581 850 3634 enim
885 3577 1080 3633 missus
1105 3591 1223 3631 sum
1248 3573 1315 3629 ad
1347 3587 1420 3631 te.

469 3647 713 3718 Cumque
762 3651 988 3706 dixisset
1040 3649 1171 3705 mihi
1217 3661 1525 3704 sermonem
1555 3646 1740 3716 istum,
1785 3645 1912 3702 steti
1959 3655 2071 3702 Ire-

543 3737 721 3777 lllCllS.

469 3791 538 3848 Et
564 3793 641 3847 ait
667 3795 733 3848 ad
759 3808 845 3850 me
880 3791 1040 3847 :Noli
1087 3803 1352 3855 metuere,
1385 3791 1608 3848 Daniel:

540 3867 665 3934 quia
712 3882 777 3919 ex
829 3865 914 3920 die
957 3866 1156 3935 primo,
1191 3881 1300 3934 quo
1328 3865 1554 3934 posuisti
1581 3878 1676 3919 cor
1704 3870 1853 3918 tuum
1883 3858 1951 3917 ad
1982 3861 2067 3916 in-

613 3937 962 4006 telligendum
983 3977 998 4002 ,

542 4019 600 4062 ut
631 4017 682 4063 te
710 4008 980 4080 affligeres
1004 4007 1059 4062 in
1090 4016 1388 4077 conspectu
1419 4006 1511 4064 Dei
1545 4007 1643 4075 tui,

540 4081 794 4136 exaudita
834 4088 959 4135 sunt
988 4080 1152 4134 verba
1176 4090 1266 4132 tua
1293 4095 1306 4132 :

536 4164 590 4207 et
622 4168 723 4223 ego
761 4154 882 4207 veni
916 4161 1136 4223 propter
1175 4164 1458 4223 sermones
1486 4161 1628 4206 tuos.

471 4219 730 4295 Princeps
761 4219 939 4279 autem
990 4219 1142 4295 regni
1175 4222 1460 4279 Persarum
1495 4223 1694 4278 restitit
1717 4221 1844 4278 mihi
1878 4219 2068 4293 viginti

611 4307 665 4352 ct
694 4311 802 4351 uno
834 4297 1024 4352 diebus
1051 4337 1066 4360 ,

538 4378 594 4426 et
618 4383 745 4424 ecce
773 4370 992 4424 Michael
1019 4381 1158 4422 unus
1172 4365 1238 4422 de
1265 4366 1597 4439 principibus
1630 4365 1817 4438 primis
1842 4364 1988 4421 venit
2013 4365 2065 4420 in

609 4441 937 4511 adjutorium
977 4455 1180 4511 meum,

538 4527 591 4569 et
623 4510 723 4584 ego
755 4511 993 4570 remansi
1017 4510 1090 4567 ibi
1112 4513 1261 4582 juxta
1291 4527 1474 4582 regem
1502 4510 1810 4566 Persarum.

472 4585 602 4643 Veni
634 4580 833 4652 antem,
865 4595 922 4640 ut
951 4580 1201 4640 docerem
1232 4591 1284 4636 te
1313 4580 1434 4654 quae
1459 4595 1685 4639 ventura
1707 4589 1836 4637 sunt
1862 4580 2064 4654 populo

614 4669 703 4712 tuo
732 4659 783 4713 in
823 4655 1134 4712 novissimis
1163 4654 1378 4720 diebus,

537 4730 792 4802 quoniam
823 4729 997 4784 adhuc
1026 4726 1161 4802 visio
1191 4727 1253 4802 in
1275 4726 1417 4802 dies.

466 4794 708 4872 Cumque
737 4803 1048 4873 loqueretur
1073 4799 1204 4853 mihi
1241 4796 1615 4873 hujuscemodi
1645 4794 1850 4873 verbis,

537 4869 710 4944 dej‘eci
757 4869 963 4928 vultum
1009 4885 1188 4925 meum
1214 4869 1286 4944 ad
1317 4879 1625 4944 terram,et_
1651 4871 1814 4944 tacui.

469 4946 535 5002 Et
581 4937 709 5002 ecce
755 4946 909 5018 quasi
958 4943 1264 5000 similitudo
1307 4942 1660 4998 tiliihominis
1699 4941 1876 5012 tetigit
1921 4937 2065 4995 labia

613 5032 732 5072 mea
758 5035 773 5072 ἶ

540 5097 597 5144 et
620 5090 866 5159 aperiens
891 5103 953 5145 os
983 5080 1163 5144 mc'um
1185 5086 1397 5143 locutus
1427 5099 1568 5151 sum,

539 5169 595 5216 et
622 5159 730 5214 dixi
759 5160 825 5216 ad
856 5176 978 5216 eum
1006 5160 1096 5231 qui
1131 5159 1523 5231 stabatcontra
1555 5170 1641 5211 me
1672 5172 1685 5209 :

469 5232 698 5289 Domine
729 5233 825 5300 mi,
857 5234 910 5288 in
940 5229 1149 5288 visione
1179 5240 1267 5286 tua
1298 5229 1574 5285 dissolutae
1606 5235 1734 5283 sunt
1770 5238 2061 5297 compages

613 5318 770 5368 mete,

538 5387 595 5433 et
623 5375 758 5431 nihil
781 5375 833 5428 in
866 5390 950 5429 me
981 5375 1244 5430 remansit
1267 5372 1484 5430 virium.

466 5451 534 5508 Et
571 5446 848 5522 quomodo
884 5447 1084 5522 poterit
1125 5461 1315 5519 servus
1354 5441 1572 5522 Domini
1611 5441 1720 5500 mei
1763 5440 1906 5514 loqui
1933 5455 2085 5498 cum:

611 5520 840 5577 Domino
876 5516 1034 5574 meo?
1151 5516 1157 5519 “
1383 5521 1396 5533 ’

537 5593 671 5652 nihil
701 5591 845 5647 enini
877 5590 928 5644 in
954 5603 1040 5645 me
1062 5588 1320 5644 remansit
1351 5587 1568 5656 virium,

536 5666 631 5722 sed
662 5671 718 5721 et
749 5661 943 5718 halitus
971 5676 1124 5715 metis
1155 5659 1550 5714 intercluditur.

464 5738 696 5794 Rursum
727 5749 856 5806 ergo
887 5732 1062 5805 tetigit
1091 5745 1175 5786 me
1198 5729 1352 5806 quasi
1375 5731 1512 5789 visio
1543 5726 1796 5801 hominis,

533 5821 591 5864 et
619 5803 946 5864 cont'ortavit
973 5803 1080 5872 me,
1116 5811 1171 5858 et
1195 5803 1331 5858 dixit
1360 5817 1374 5855 :

459 5881 581 5943 Noti
609 5883 817 5948 timere,
857 5880 938 5933 vir
965 5875 1360 5933 desideriorum
1392 5889 1407 5928 :

1809 2494 2067 2568 grandem

1469 292 1529 350 S.
1570 289 1954 351 IIIERONYMI
1991 291 2226 353 DIVINA
2267 291 2744 353 BIBLIOTIIECA.

2081 412 2134 475 Α
2231 426 2332 484 pax
2362 413 2459 468 tibi
2489 431 2502 467 :

2095 1821 2144 1883 B

2094 3211 2141 3276 ε

3626 297 3768 356 1316

2229 467 2562 551 ἓοιίιιῖτιὲιι-ο,
2610 495 2665 542 et
2689 494 2809 543 e5to
2839 487 3118 544 robustus.
3142 467 3150 475 ”

2156 553 2398 626 Cumque
2427 560 2740 629 loqueretur
2771 573 3006 625 meeum,
3038 558 3312 628 convalui,
3342 569 3396 615 et
3426 559 3538 616 dixi
3572 576 3589 615 :

2233 629 2496 704 Loquere,
2535 632 2759 686 Domine
2787 632 2880 700 mi,
2920 635 3044 704 quia
3072 632 3389 688 confortasti
3420 647 3532 688 me.

2159 699 2228 756 Et
2255 699 2376 755 ait:

2233 772 2501 845 Numquid
2551 775 2659 829 scis
2702 788 2868 845 quare
2899 777 3139 831 venerim
3169 777 3234 831 ad
3269 787 3321 831 te
3351 776 3375 830 ?

2161 843 2231 901 Et
2277 843 2417 921 nunc
2463 843 2733 902 revertar’
2769 853 2830 902 ut
2871 847 3085 918 pra-tier
3124 850 3418 905 adversum
3465 847 3764 921 principem

2307 918 2593 973 Persarum
2627 936 2640 972 :

2233 1001 2356 1044 cum
2407 988 2899 1072 ergooegrederer,
2948 992 3201 1063 apparuit
3247 991 3502 1064 princeps
3543 992 3765 1048 Greco-

2308 1077 2426 1116 I'lllll
2455 1076 2701 1118 veniens.

2163 1129 2545 1208 Verumtamen
2594 1133 2927 1208 annuntiabo
2973 1134 3090 1205 tibi,
3137 1136 3281 1207 quod
3332 1151 3656 1208 expressero
3684 1148 3768 1197 est

2309 1205 2361 1260 in
2390 1205 2658 1275 scripturn
2682 1205 2948 1270 veritatis,

2235 1283 2292 1332 et
2315 1277 2823 1350 nemorestadjutor
2849 1292 3000 1333 meus
3018 1276 3070 1332 in
3099 1279 3353 1336 omnibus
3382 1280 3494 1350 his,

2239 1347 2598 1419 nisiMiebael
2639 1347 2889 1419 princeps
2921 1360 3126 1406 vester.

2166 1417 2461 1492 [Cap.Xl.]
2495 1421 2603 1490 ligo
2626 1417 2805 1476 autem
2832 1417 2901 1475 ab
2931 1438 3073 1476 anno
3106 1422 3278 1491 primo
3309 1424 3456 1480 Darii
3491 1423 3634 1485 Medi

2237 1491 2457 1546 stabam
2476 1501 2533 1545 ut
2553 1491 2971 1556 confortaretur,
2997 1502 3052 1548 et
3073 1495 3446 1552 roboraretur.

2169 1563 2236 1619 Et
2269 1577 2411 1617 nunc
2443 1564 2722 1619 veritatem
2753 1565 3088 1619 annuntiabo
3114 1565 3232 1622 tibi.

2168 1634 2311 1691 Ecce
2333 1634 2509 1691 adhuc
2543 1646 2651 1708 tres
2683 1651 2842 1706 rcges
2871 1638 3090 1692 stabunt
3121 1637 3172 1692 in
3202 1638 3447 1708 Perside,

2239 1717 2292 1760 et
2319 1707 3070 1783 quartusditabituropibus
3085 1710 3268 1766 nimiis
3289 1707 3461 1783 super
3484 1725 3713 1768 omnes:

2174 1777 2390 1834 Etcum
2426 1779 2713 1834 lnvalucrit
2756 1780 2957 1835 divitiis
2992 1781 3126 1849 suis,

2243 1850 2539 1904 concitabit
2565 1866 2754 1906 omnes
2783 1853 3073 1908 adversum
3101 1867 3328 1924 regnum
3359 1853 3610 1912 Grareim.

2167 1921 2368 1992 Surget
2396 1937 2524 1976 vero
2549 1938 2646 1978 rex
2679 1924 2850 1990 fortis,

2240 2003 2294 2048 et
2325 1994 2691 2050 dominabitur
2713 2004 2980 2062 potestate
3003 1997 3200 2065 multa,

2241 2075 2296 2120 ct
2323 2065 2479 2121 faciet
2512 2065 2656 2136 quod
2683 2066 2944 2134 placuerit
2972 2069 3044 2124 ei.

2171 2136 2380 2192 Etcum
2411 2139 2646 2211 steterit,
2674 2147 2987 2194 conteretur
3025 2155 3246 2211 regnum
3279 2139 3420 2208 ejus,

2244 2221 2296 2280 et
2326 2210 2600 2265 dividetur
2633 2212 2684 2264 in
2716 2221 2950 2280 quatuor
2981 2210 3172 2268 ventos
3201 2215 3362 2279 coeli;

2170 2279 2276 2337 Sed
2309 2296 2413 2334 non
2449 2282 2499 2335 in
2533 2279 2780 2351 posteros
2808 2285 2945 2352 ejus,

2243 2367 2417 2421 neque
2455 2352 2752 2408 secundum
2784 2356 3082 2425 potentiam
3114 2357 3258 2412 illius
3283 2397 3299 2424 ,
3328 2371 3433 2428 qua
3459 2356 3767 2415 dominatus

2313 2432 2415 2478 est.

2171 2493 2526 2570 Laeerabitur
2554 2497 2698 2552 enim
2723 2512 2944 2569 regnum
2973 2498 3092 2570 ejus
3117 2499 3283 2556 etiam
3311 2501 3362 2556 in
3390 2509 3674 2568 externos,

2243 2569 2484 2636 exceptis
2515 2568 2618 2623 his.

2174 2637 2244 2696 Et
2270 2641 2662 2697 cont'ortabitur
2685 2657 2782 2697 rex
2825 2643 3008 2698 Austri
3039 2660 3050 2695 :

2244 2719 2300 2766 et
2328 2713 2394 2787 de
2445 2715 2808 2787 principibus
2833 2715 2950 2783 ejus
3003 2714 3315 2786 praavalebit
3355 2729 3522 2787 super
3549 2731 3694 2786 eum,
3721 2725 3773 2775 et

2316 2783 2684 2841 dominabitur
2717 2785 2924 2842 ditione
2950 2803 2965 2842 :

2247 2855 2417 2910 multa
2446 2857 2590 2910 enim
2619 2858 2921 2914 dominatio
2953 2858 3093 2924 ejus.

2179 2925 2249 2983 Et
2281 2936 2403 2996 post
2435 2927 2596 2984 tinem
2624 2945 2889 2985 annorum
2914 2931 3368 2986 foederabuntur:

2248 2998 2467 3076 liliaque
2519 3001 2665 3076 regis
2712 3003 2881 3076 austri
2931 3004 3118 3058 veniet
3165 3003 3230 3058 ad
3281 3018 3470 3076 regem
3499 3004 3770 3076 aquilonis

2323 3071 2504 3128 facere
2531 3073 2822 3128 amicitiam
2851 3089 2866 3138 ;

2179 3141 2250 3198 Et
2293 3157 2398 3197 non
2429 3143 2698 3200 obtinebit
2742 3144 3116 3202 fortitudinem
3156 3145 3363 3202 brachii
3395 3187 3411 3213 ,
3459 3161 3560 3203 nec
3610 3147 3769 3206 stabit

2313 3230 2500 3270 semen
2533 3217 2648 3285 ejus
2682 3235 2693 3270 :
3113 3227 3117 3230 '

2177 3285 2245 3341 Et
2275 3287 2518 3361 tradetur
2546 3288 2683 3358 ipsa,
2715 3297 2770 3344 et
2797 3289 2886 3361 qui
2916 3289 3262 3346 adduxerunt
3289 3305 3408 3346 eam
3434 3332 3448 3354 .

2247 3357 2620 3414 adolescentes
2671 3357 2829 3430 ejus,
2860 3370 2915 3414 et
2967 3363 3057 3432 qni
3108 3364 3489 3419 confortabant
3540 3379 3662 3419 eam
3707 3363 3759 3420 in

2323 3433 2674 3499 temporibus.

2175 3501 2244 3557 Et
2277 3501 2439 3556 stabit
2467 3504 2534 3558 de
2565 3500 2805 3574 germine
2837 3502 3079 3561 radicum
3112 3503 3230 3572 ejus
3260 3505 3531 3570 plantatio
3560 3525 3572 3560 :

2245 3583 2298 3629 et
2326 3573 2506 3648 veniet
2534 3573 2655 3648 eum
2687 3579 2952 3648 exercitu,
2986 3584 3042 3632 et
3069 3576 3398 3648 ingredietur
3421 3579 3754 3648 provinciam

2318 3647 2459 3716 regis
2489 3646 2796 3716 aquilonis:
3133 3646 3148 3648 ”
3421 3646 3436 3648 ’
3455 3654 3477 3668 “⁴

2247 3725 2302 3772 et
2330 3719 2577 3779 abutetur
2606 3721 2717 3786 eis;
2749 3730 2804 3775 et
2831 3719 3121 3776 obtinebit.

2172 3788 2396 3860 Insuper
2420 3800 2476 3844 et
2496 3791 2626 3846 deos
2655 3807 2864 3858 eorum,
2894 3804 2946 3847 et
2969 3791 3262 3862 sculptilia,

2245 3877 2369 3914 vasa
2402 3877 2614 3932 quoque
2643 3864 2877 3932 pretiosa
2911 3865 3122 3935 aigenti
3153 3873 3207 3920 et
3238 3863 3380 3931 auri,

2242 3942 2298 4008 et
2325 3935 2542 4003 captiva
2569 3935 2729 4008 ducet
2757 3936 2810 3992 in
2841 3935 3130 4008 [Egyptum
3157 3951 3172 3991 :

2244 4006 2358 4078 ipse
2387 4007 2699 4078 prtevalebit
2729 4005 2988 4063 adversus
3018 4023 3198 4077 regem
3232 4005 3507 4078 aquilonis
3535 4052 3549 4076 ,

2172 4076 2240 4132 Et
2269 4076 2493 4132 intrabit
2518 4077 2570 4132 in
2597 4094 2818 4149 regnum
2855 4096 2949 4135 rex
2974 4076 3140 4134 austri
3171 4121 3186 4148 ,

2242 4159 2298 4204 et
2323 4157 2631 4204 revertetur
2656 4152 2723 4205 ad
2757 4161 2957 4207 terram
2990 4166 3163 4206 suam.

2174 4219 2294 4276 Filii
2327 4229 2507 4274 autem
2536 4224 2655 4291 ejus
2681 4225 3142 4292 provocabuntur,

2241 4302 2295 4348 et
2337 4295 2740 4363 congregabunt
2771 4295 3177 4350 multitudinem
3205 4295 3554 4352 exercituum
3588 4294 3754 4366 pluri-

2312 4375 2525 4419 morum
2553 4381 2568 4419 ἶ

2171 4433 2240 4491 Et
2268 4436 2448 4490 veniet
2471 4451 2794 4508 properans,
2827 4447 2878 4492 et
2913 4437 3182 4492 inundans
3212 4455 3224 4490 :
3537 4461 3541 4464 λ

2239 4516 2292 4563 et
2325 4517 2640 4632 reg-emetur,
2669 4519 2722 4565 et
2744 4509 3129 4578 coneitabitur,
3151 4519 3208 4564 et
3229 4509 3616 4582 congredietur
3637 4524 3749 4566 cum

2314 4593 2374 4632 ro
2415 4594 2510 4632 ore
2547 4596 2683 4632 ('ltlS.

2314 4593 2510 4634 ronore
2547 4596 2683 4650 ejus.

2314 4613 2510 4634 ιυυυισ
2547 4613 2575 4634 ν
2603 4613 2683 4634 ua.

2090 4613 2144 4675 Β
2169 4649 2233 4707 Ει
2260 4613 2592 4720 ιιι-οιιοςειιιιέΙ
2613 4669 2703 4708 rex
2736 4652 2906 4708 austri
2938 4652 3272 4724 egredietur,

2239 4733 2292 4778 et
2325 4725 2579 4793 pugnabit
2609 4725 2869 4797 adversus
2900 4723 3080 4796 regem
3110 4723 3412 4797 aquilonis;

2238 4803 2295 4850 et
2318 4797 2646 4866 przeparabit
2673 4795 3071 4864 multitudinem
3101 4795 3322 4853 nimiam
3345 4839 3360 4864 ,

2239 4877 2294 4921 et
2315 4868 2531 4922 dabitur
2561 4869 2849 4924 multitudo
2879 4871 2932 4923 in
2961 4884 3123 4924 manu
3154 4871 3293 4939 ejus.

2170 4935 2238 4993 Et
2266 4940 2443 5008 capiet
2471 4939 2898 5012 multitudinem,
2929 4949 2986 4997 et
3011 4935 3339 4998 excitabitur
3365 4956 3461 4998 cor
3484 4941 3625 5012 ejus.

2241 5021 2295 5066 et
2323 5011 2542 5080 dejiciet
2569 5013 2735 5068 multa
2767 5012 2958 5079 millia,
2989 5012 3083 5068 sed
3117 5027 3224 5068 non
3248 5013 3586 5085 praevalebit.

2169 5081 2528 5140 Convertetnr
2556 5085 2699 5142 enim
2728 5098 2823 5141 rex
2855 5085 3123 5156 aquilonis
3147 5123 3164 5150 .

2238 5162 2294 5209 et
2323 5156 2645 5238 praeparabit
2670 5155 3072 5212 multitudinem
3105 5157 3274 5226 multo
3305 5155 3568 5227 majorem
3592 5170 3744 5229 quam

2346 5241 2457 5281 l'lllS
2489 5243 2504 5284 ἒ

2165 5294 2233 5352 Ει
2260 5241 2457 5372 inpii-itu:
2472 5269 2776 5370 temporum
2806 5315 3176 5372 annorumque
3199 5341 3217 5369 ,

2240 5369 2755 5452 venietnproperans
2782 5386 2906 5428 cum
2936 5369 3178 5432 exercitu
3201 5385 3400 5444 magno
3423 5413 3441 5442 ,
3472 5380 3527 5430 et
3555 5369 3742 5444 opibus

2309 5457 2512 5498 IllmIIS.

2163 5510 2231 5568 Et
2270 5511 2322 5568 in
2368 5513 2706 5585 temporibus
2753 5513 2862 5572 illis
2901 5513 3057 5572 multi
3104 5524 3440 5588 consurgent
3488 5514 3738 5572 adversus

2287 5595 2488 5658 regem
2518 5588 2686 5642 austri
2712 5605 2726 5641 :

2233 5656 2330 5713 lilii
2353 5656 2571 5733 quoque
2593 5659 3062 5733 przevaricatorum
3083 5659 3266 5733 populi
3292 5659 3366 5716 tui
3385 5660 3732 5724 extollentur,

2303 5741 2362 5785 ut
2387 5731 2646 5799 impleant
2665 5731 2930 5788 visionem
2950 5774 2967 5803 ,

2230 5810 2287 5858 Cl
2311 5811 2588 5859 COI’I'UCIIL

2162 5874 2227 5934 Et
2255 5875 2435 5934 veniet
2463 5887 2557 5934 rex
2583 5873 2872 5947 aquilonis,
2905 5880 2960 5930 et
2989 5871 3351 5948 comportabit
3379 5885 3625 5947 aggerem
3649 5913 3664 5938 ,
