4112 6354
286 300 423 362 1317

358 427 414 475 et
443 414 620 487 capiet
647 414 813 471 urbes
836 408 1232 487 munitissimas
1262 424 1276 464 :

291 491 359 548 Et
387 483 606 545 brachia
639 488 808 543 austri
842 502 948 541 non
974 483 1347 546 sustinebunt,

361 572 416 620 et
445 571 770 631 consurgent
801 560 963 615 electi
993 558 1109 629 ejus
1142 556 1207 612 ad
1245 552 1630 618 resistendum,

363 644 417 689 et
448 649 555 689 non
585 634 691 688 erit
719 630 1000 686 fortitudo.

294 707 362 766 Et
383 705 545 761 faciet
565 706 790 760 veniens
818 718 981 775 super
1007 717 1128 758 eum
1155 699 1307 775 juxta
1331 697 1590 775 placitum
1620 706 1802 761 suum,

363 785 420 835 et
442 793 548 831 non
577 777 680 832 erit
707 776 795 843 qui
834 771 940 830 stet
965 771 1374 829 contrafaeiem
1405 771 1523 841 ejus
1550 784 1562 822 :

295 851 361 908 Et
389 850 551 905 stabit
586 850 639 904 in
671 858 811 902 terra
841 848 1062 917 inclyta,

365 930 420 978 et
448 929 802 975 consumetur
834 920 887 973 in
923 933 1086 973 manu
1121 917 1259 987 ejus.

294 973 786 1064 Etvponetfaciem
801 1004 952 1044 suam
979 1032 995 1064 ,_
1037 997 1095 1044 ut
1125 973 1308 1045 veniat
1335 984 1403 1042 ad
1435 979 1727 1041 tenendum
1761 973 1885 1033 uni-

440 1079 659 1120 versum
691 1076 918 1133 regnum
951 1062 1091 1131 ejus,

368 1145 424 1192 et
448 1146 595 1192 recta
623 1136 783 1190 faciet
803 1148 925 1188 cum
952 1148 1049 1188 eo:

297 1208 368 1266 Et
402 1208 563 1263 filiam
589 1206 910 1262 feminarum
938 1205 1087 1259 dabit
1114 1202 1188 1268 ei,
1221 1210 1281 1257 ut
1309 1206 1520 1258 evertat
1549 1194 1722 1252 illud:

372 1289 428 1337 et
454 1294 560 1335 non
593 1278 781 1343 stabit,
813 1290 913 1332 nec
940 1275 1080 1331 illius
1110 1276 1215 1331 erit
1240 1291 1253 1328 :

300 1350 370 1409 Et
395 1360 678 1408 convertet
705 1348 895 1404 faciem
921 1362 1073 1403 suam
1102 1347 1169 1402 ad
1201 1343 1434 1411 insulas,

371 1433 426 1480 et
451 1424 627 1495 capiet
651 1420 847 1477 multas
872 1438 885 1473 :

304 1495 372 1553 Et
397 1483 613 1551 cessare
643 1495 801 1549 faciet
825 1491 1121 1564 principem
1151 1485 1432 1564 opprobrii
1461 1483 1566 1551 sui,

375 1576 432 1623 et
469 1560 959 1637 opprobrium'ejus
986 1560 1341 1637 convertetur
1370 1560 1423 1637 i_n
1454 1571 1597 1613 cum.

304 1638 375 1696 Et
395 1631 679 1695 convertet
704 1631 893 1693 faciem
927 1651 1077 1691 suam
1108 1634 1174 1687 ad
1204 1631 1681 1703 imperiumterrre
1715 1639 1849 1693 suae,

378 1720 433 1765 et
459 1710 742 1781 impinget,
769 1717 823 1764 et
850 1716 1087 1781 cerruct,
1115 1714 1177 1781 _et
1200 1702 1305 1760 nou
1340 1702 1662 1781 invenietur.

307 1782 377 1839 Et
402 1770 569 1866 stabit
592 1770 790 1837 invloco
816 1780 933 1851 ejus
959 1770 1283 1844 vilissimus,
1312 1783 1367 1832 et
1399 1774 1654 1844 indignus
1694 1770 1892 1824 decore
1921 1807 1969 1871 Β

452 1871 597 1925 regio
622 1871 637 1909 :

383 1937 435 1983 et
464 1922 724 1996 in'paucis
750 1922 942 1978 diebus
970 1929 1307 1996 conteretur,

381 2015 488 2054 non
523 1993 572 2052 in
602 1997 807 2061 furore,
836 2010 937 2051 nec
963 1998 1019 2048 in
1052 1993 1259 2063 prmlio.

312 2071 380 2129 Et
409 2071 575 2126 stabit
604 2072 654 2137 in
690 2069 813 2123 loco
844 2067 961 2138 ejus
989 2066 1298 2132 despectus,

384 2152 437 2199 et
470 2158 576 2198 non
604 2140 869 2196 tribuetur
901 2140 948 2194 ei
976 2139 1150 2193 honor
1176 2140 1354 2204 regius
1381 2150 1396 2189 :

386 2194 439 2270 éi
460 2194 870 2342 l-veu—ietclam,
919 2218 975 2266 et
1018 2194 1287 2264 obtinebit
1326 2218 1550 2276 regnum
1581 2198 1634 2255 iii
1666 2194 1889 2259 fraudu-

480 2298 647 2342 entia.

480 2298 647 2352 entia,

316 2360 381 2417 Et
410 2340 942 2426 brachia'pugnantis
969 2349 1422 2423 expugnabuntur
1449 2362 1479 2401 a
1506 2341 1641 2400 facie
1671 2340 1810 2412 ejus,
1842 2346 1899 2396 et

460 2438 810 2485 conterentur
840 2444 854 2481 ε

389 2502 611 2572 insuper
637 2510 691 2556 et
721 2499 830 2554 dux
861 2494 1106 2552 hederis.

319 2575 387 2631 Et
414 2559 535 2646 ι)οεὶ
561 2572 843 2636 amicitias,
874 2584 996 2624 cum
1028 2582 1107 2646 e_o_
1124 2563 1282 2646 faciet
1309 2559 1495 2646 dolum
1524 2576 1536 2614 :

391 2630 445 2703 εἰ
471 2646 749 2709 ascendet,
780 2630 840 2697 et
861 2640 1139 2711 superabit
1168 2639 1222 2692 in
1255 2635 1477 2711 modico
1500 2630 1718 2702 populo.

324 2720 392 2775 Et
421 2705 758 2771 abundantes
781 2723 836 2769 et
862 2705 1056 2767 uberes
1084 2711 1245 2764 urbes
1272 2705 1606 2777 ingredietur
1632 2718 1646 2768 ;

394 2798 447 2845 ct
472 2789 631 2842 faciet
654 2803 772 2859 qua:
804 2800 909 2839 non
940 2782 1185 2838 fecerunt
1217 2790 1396 2851 patres
1427 2779 1546 2847 ejus
1572 2819 1586 2845 ,
1632 2783 1687 2829 ct
1720 2780 1901 2843 patres

470 2858 683 2930 patrum
710 2858 859 2930 ejus:

328 2914 586 3005 Rapihas,
619 2938 674 2986 et
699 2914 959 3005 iii-tedam,
991 2935 1047 2981 et
1075 2921 1295 3005 divitias
1320 2914 1825 3005 eortt'tnudissipabit
1847 2959 1862 2985 ,

396 2991 450 3061 et
479 2991 668 3058 contra
701 2991 1038 3055 firmissimas
1067 2995 1426 3068 cogitationes
1454 2991 1609 3047 inibit
1635 3006 1649 3044 :

395 3088 450 3133 et
482 3075 583 3130 hoc
610 3071 873 3145 usquead
905 3082 1136 3145 tempus.

330 3148 400 3206 Et
424 3140 780 3209 concitabitur
811 3143 1067 3198 fortitudo
1096 3140 1214 3209 ejus
1241 3179 1254 3199 .

397 3231 455 3277 et
486 3206 593 3274 cor
637 3216 753 3289 ejus
799 3217 1087 3271 adversum
1121 3205 1300 3280 regem
1349 3205 1515 3263 austri
1562 3205 1615 3260 in
1664 3205 1905 3265 exercitu
1934 3210 1981 3274 ο

472 3303 669 3345 magno
699 3303 715 3344 ἒ

328 3365 395 3421 Et
419 3305 715 3421 remigia
734 3354 1120 3429 prOVncabilur
1142 3352 1206 3409 ad
1230 3350 1432 3409 bellum
1463 3348 1645 3405 multis
1670 3344 1909 3413 auxiliis,

382 3464 389 3475 ι
470 3444 523 3489 et
549 3432 781 3488 fortibus
810 3429 973 3484 nimis
1001 3444 1015 3481 :

400 3516 458 3565 et
489 3512 594 3561 non
624 3504 883 3569 stabunt,
931 3499 1058 3573 quia
1098 3496 1310 3553 inibunt
1338 3492 1599 3550 adversus
1630 3507 1754 3549 eum
1783 3505 1913 3547 con-

378 3592 381 3595 '
471 3579 614 3635 Silia.

330 3652 400 3708 Et
448 3634 798 3706 comedentes
848 3655 1042 3712 panem
1073 3654 1193 3695 cum
1244 3653 1308 3693 eo
1336 3683 1349 3707 ,
1402 3645 1686 3692 conti-rent
1716 3634 1863 3690 illum
1896 3677 1911 3704 ,

476 3711 856 3784 exercitusque
885 3715 1002 3782 ejus
1031 3711 1368 3783 opprimetur
1400 3726 1414 3767 :

402 3804 455 3849 et
498 3792 697 3848 cadent
724 3785 995 3842 interfecti
1028 3784 1261 3854 plurimi.
1444 3785 1475 3801 *

335 3848 572 3922 Duorum
604 3875 820 3933 quoque
847 3848 1300 3933 regum'corerit,
1334 3861 1396 3933 ut_
1425 3848 1769 3905 malefaciant
1791 3889 1807 3913 ,

406 3950 459 3994 et
481 3923 809 3992 ad-mensam
833 3923 996 3985 unam
1021 3926 1361 3982 mendacium
1384 3923 1699 3997 loquentur,
1729 3931 1781 3977 ct
1810 3933 1916 3975 non

333 4019 392 4079 ,5;-
433 4065 445 4074 ,
477 4005 804 4080 proficient;

405 4067 527 4153 quia
556 4079 730 4133 adhuc
759 4073 880 4153 finis
909 4070 961 4127 in
995 4067 1139 4126 aliud
1172 4079 1404 4138 tempus.

336 4154 403 4210 Et
424 4134 735 4210 revertetur
761 4148 813 4201 in
846 4154 1044 4200 terram
1076 4158 1227 4197 suam
1260 4134 1381 4194 cum
1412 4136 1603 4209 opibus
1636 4134 1852 4190 multis:

406 4237 462 4281 et
491 4239 584 4279 cor
615 4221 731 4292 ejus
760 4217 1043 4273 adversum
1094 4220 1476 4271 testamentum
1524 4219 1772 4265 sanctum
1800 4247 1816 4276 ,
1867 4212 1922 4261 ct

478 4295 663 4364 faciet,

407 4380 461 4424 et
491 4361 792 4423 revertetur
825 4361 877 4417 in
906 4369 1104 4417 terram
1132 4371 1306 4413 suam.

336 4421 551 4498 Slatuto
581 4449 822 4503 tempore
850 4440 1170 4495 revertetur,
1205 4426 1461 4503 ct‘veniet
1486 4421 1551 4479 ad
1589 4433 1832 4481 austrum
1867 4438 1881 4477 :

410 4520 466 4565 et
499 4526 604 4564 non
631 4500 732 4562 erit
757 4505 920 4574 priori
953 4502 1129 4558 simile
1162 4500 1542 4574 novissimum.

340 4583 406 4638 Et
433 4582 653 4636 venient
676 4567 836 4645 super
859 4589 979 4629 eum
1003 4573 1219 4627 Trieres
1247 4580 1300 4624 et
1331 4567 1559 4623 Romani
1586 4582 1600 4620 :

411 4664 466 4709 et
499 4651 855 4722 percutiatur,
890 4655 946 4700 et
974 4650 1308 4707 revertetur,
1655 4714 1666 4722 ⁸
1782 4704 1816 4717 η

413 4735 468 4781 ct
499 4714 863 4792 indignabitur
890 4724 1079 4771 contra
1113 4720 1494 4767 testamentum
1519 4714 1837 4771 sanctuarii,
1870 4717 1920 4761 et

347 4795 776 4933 Revgftteltﬁtqunc
800 4873 851 4919 et
878 4855 1138 4933 cogitabit
1168 4851 1453 4909 adversum
1487 4864 1604 4934 eos,
1634 4921 1667 4934 η

410 4943 500 5011 qui
527 4940 933 5011 dcreliquerunt
950 4935 1347 5011 testamentum
1373 4933 1669 4980 sanctuarii
1694 4962 1713 4992 ,

345 5012 412 5069 Et
432 5006 658 5067 brachia
684 5006 745 5065 cit
775 5024 840 5063 eo
863 5006 1103 5067 stabunt,

412 5065 733 5156 et'polluent
763 5065 1132 5136 sanetuarium
1162 5065 1497 5126 fortitudinis
1516 5108 1531 5134 ,

415 5234 441 5262 ι
467 5220 652 5279 Canon
676 5218 923 5274 Carcass.
951 5210 1114 5269 habet
1145 5201 1713 5273 Moozim,Mt.-mmian.
1743 5207 1925 5279 autem

346 5273 912 5359 Moozjiinvatrumque
938 5283 1248 5359 legipOtest
1269 5294 1333 5359 ei:
1358 5278 1528 5334 Hebr.
1556 5283 1761 5346 Dim,
1783 5273 1926 5348 quod

345 5350 691 5424 Massoretha:
717 5350 1016 5430 Maumyim'
1045 5350 1246 5430 legunt.
1266 5350 1460 5430 ⁵Μλιιδνι·Ζ

344 5412 884 5494 i-t‘ifawlicanus
900 5412 1014 5485 ius.
1039 5412 1159 5482 cuin
1183 5422 1424 5495 vulgatis
1447 5419 1642 5486 habet;
1662 5412 1757 5473 alii
1778 5415 1929 5472 Moo-

344 5513 445 5568 zim
474 5508 785 5579 praeferunt.
1054 5578 1059 5579 γ
1214 5568 1227 5579 .
1376 5565 1387 5577 ⁸
1498 5577 1511 5579 _
1593 5559 1607 5575 ο

414 5558 861 5636 ἶῖἰιῖιᾶξὶοὸὲιιη
917 5578 1159 5628 notatum
1214 5565 1517 5623 invenimus
1592 5559 1674 5636 in_
1713 5558 1934 5616 Canone

350 5633 672 5711 Memmiana
731 5666 743 5701 :
800 5661 921 5702 nam
971 5644 1023 5699 in
1062 5647 1315 5698 contextu
1356 5633 1792 5711 composuisset
1842 5648 1936 5711 ea:-

347 5705 577 5795 scriptor
602 5720 873 5795 Ephgdgo,
886 5716 980 5795 ad
998 5716 1136 5795 latus
1160 5716 1211 5767 in
1241 5711 1481 5795 margine
1501 5706 1617 5761 htec
1644 5705 1895 5795 apposuit
1921 5718 1937 5759 :

352 5776 664 5853 S'ecuudum'
678 5790 767 5846 LX
779 5788 828 5843 X
838 5776 1224 5861 ,Ephadanon.
1252 5776 1555 5861 Notandum
1601 5789 1777 5861 all-idm
1807 5817 1821 5843 ,
1858 5776 1941 5861 in;

350 5845 851 5944 quitwllieronymus
876 5845 936 5918 in.
960 5862 1286 5920 Comment..
1322 5896 1336 5920 ,
1357 5852 1492 5928 quod
1513 5865 1629 5906 cum
1650 5850 1870 5906 litteram
1894 5845 1940 5901 Ρ

1423 282 1625 350 LIBER
1665 276 1983 344 DANIELIS
2020 276 2435 339 I’ROPilETE.

1908 399 1963 462 Α
2057 408 2109 453 et
2136 398 2385 455 auferent
2407 398 2535 470 juge
2564 395 2887 454 sacrificium
2907 438 2921 462 ,

3437 232 3577 338 ista

2060 482 2114 528 et
2134 471 2335 527 dabttnt
2362 466 2819 527 abominationem
2854 469 2904 525 in
2935 466 3360 533 desolationem,

1987 544 2053 600 Et
2091 544 2238 612 impii
2268 545 2319 598 in
2368 553 2749 598 testamentum
2779 540 3109 597 simulabunt
3140 540 3547 612 fraudulenter:

2062 610 2297 699 populus
2345 622 2522 671 autem
2577 614 2754 671 sciens
2789 614 2952 670 Deum
2997 629 3189 681 suum,
3233 610 3579 670 obtinebitet

2157 699 2313 742 :ICICt.
2976 700 2979 701 '

1988 759 2055 815 Et
2081 757 2224 813 docti
2255 757 2306 812 in
2336 757 2537 826 populo
2567 756 2840 813 docebunt
2872 756 3131 828 plurimos
3160 773 3174 813 :

2058 839 2113 886 et
2142 841 2299 886 ruent
2327 829 2379 884 in
2402 828 2601 902 gladio,
2633 838 2688 884 et
2715 830 2767 885 in
2800 826 3037 896 flamma,
3067 837 3124 885 et
3150 829 3202 884 in
3233 826 3572 902 captivitate,

2133 912 2187 957 ct
2219 903 2268 955 in
2302 904 2497 972 rapina
2517 900 2749 956 dierum.

1990 974 2236 1044 Cumque
2263 970 2587 1039 cori-nerint,
2619 972 3044 1028 sublevabuntur
3069 973 3278 1029 auxilio
3309 971 3533 1044 parvulo
3558 989 3571 1028 :

2060 1058 2114 1101 et
2146 1045 2560 1115 applicabuntur
2591 1045 2669 1098 eis
2700 1044 2917 1112 plurimi
2963 1045 3357 1101 fraudulenter.

1992 1118 2061 1174 Et
2088 1118 2155 1172 de
2180 1116 2404 1171 eruditis
2435 1128 2612 1179 ruent,
2644 1123 2703 1170 ut
2725 1116 3046 1182 confleutur,
3081 1128 3133 1172 et
3156 1118 3465 1186 eligantur,

2064 1202 2118 1246 et
2147 1188 2466 1244 dealbentur
2491 1202 2660 1257 usque
2688 1187 2752 1240 ad
2788 1196 2996 1258 tempus
3028 1189 3358 1258 prtefinitum
3389 1206 3401 1242 :

2062 1261 2185 1331 quia
2213 1261 2389 1315 adhuc
2419 1259 2560 1313 aliud
2593 1268 2804 1326 tempus
2832 1262 2954 1314 erit.

1990 1334 2061 1391 Et
2083 1329 2255 1387 faciet
2280 1331 2430 1402 juxta
2457 1331 2787 1385 voluntatem
2817 1345 2968 1385 suam
2995 1345 3113 1399 rex,
3144 1341 3198 1387 et
3223 1329 3527 1388 elevabitur
3558 1373 3575 1401 ,

2134 1414 2189 1459 et
2227 1401 2661 1473 magnifimbitur
2690 1401 2976 1457 adversum
3010 1418 3227 1457 omnem
3254 1401 3425 1457 Deum
3451 1420 3464 1457 :

1994 1476 2063 1534 Et
2082 1476 2366 1602 addversutm
2395 1472 2562 1530 Deum
2588 1473 2812 1529 deorum
2860 1473 3107 1547 loquetur
3146 1474 3427 1546 magnifica
3451 1518 3466 1545 ,
3520 1482 3578 1531 et

2176 1563 2303 1602 mae
2334 1562 2418 1602 ur.

2176 1550 2418 1618 irigetur,

2064 1614 2616 1687 donec'compleatur
2647 1616 2921 1673 iracundia
2949 1630 2964 1685 ;

2067 1698 2371 1762 perpetrata
2401 1690 2598 1760 quippe
2629 1699 2711 1744 est
2741 1688 3005 1745 definitio.

1998 1759 2263 1821 Et'De‘um
2295 1759 2506 1830 patrtun
2535 1759 2758 1815 suorum
2791 1777 2894 1816 non
2927 1759 3218 1831 reputabit,

2068 1845 2121 1892 et
2150 1834 2253 1890 erit
2281 1833 2817 1907 inconcupiscentiis
2841 1831 3159 1889 feminarum
3187 1875 3202 1901 ,
3249 1848 3353 1891 nec
3387 1848 3578 1907 quem-

2140 1920 2299 1976 quam
2332 1903 2552 1959 deorum
2584 1903 2820 1969 curabit;

2071 1975 2195 2048 quia
2226 1975 2511 2048 adversum
2543 1976 3132 2048 universagconsurget.

2000 2045 2168 2105 Deum
2198 2056 2376 2102 autem
2401 2055 2426 2082 ιι
2454 2046 2678 2100 Maozini
2711 2047 2763 2100 in
2798 2046 2917 2101 loco
2944 2045 3043 2102 suo
3076 2045 3423 2103 venerabitur
3449 2062 3466 2101 :

2072 2130 2127 2176 ιιι
2153 2121 2341 2186 Deum,
2376 2132 2533 2188 quem
2567 2117 2949 2187 ignoraverunt
2976 2129 3157 2187 patres
3184 2119 3323 2187 ejus,

2071 2193 2213 2247 colet
2240 2204 2407 2273 auro,
2428 2196 2751 2272 et‘argento,
2784 2198 2838 2246 et
2865 2188 3042 2261 lapide
3070 2190 3309 2261 pretioso
3330 2233 3345 2259 ,
3382 2187 3575 2246 rebus-

2144 2278 2247 2333 que
2274 2272 2543 2333 pretiosus.

2001 2335 2068 2392 Et
2098 2331 2287 2399 faciet,
2314 2343 2372 2405 ut
2397 2333 2601 2388 muniat
2627 2331 2856 2388 Maozim
2885 2347 3009 2390 cum
3039 2332 3149 2389 Deo
3177 2332 3357 2389 alieno
3380 2373 3395 2401 ,
3425 2347 3582 2405 quem

2143 2404 2419 2476 cognovit,

2075 2486 2128 2534 et
2156 2476 2533 2548 multiplicabit
2562 2476 2811 2548 gloriam,

2075 2556 2131 2606 et
2153 2547 2409 2605 dabiteis
2442 2547 2761 2617 poteStatcm
2794 2548 2845 2603 in
2878 2547 3083 2618 multis,

2065 2629 2131 2678 et
2156 2632 2352 2675 terram
2379 2620 2584 2675 dividet
2612 2623 2865 2690 gratuito.

2005 2694 2073 2751 Et
2100 2695 2151 2750 in
2181 2690 2724 2774 temporelprazfinito
2774 2690 3105 2763 praeliabitur
3150 2691 3415 2747 adversus
3460 2702 3623 2746 eum‘

2147 2781 2243 2821 rex
2271 2773 2461 2832 austri,

2077 2846 2131 2895 et
2150 2837 2308 2964 lquasi
2340 2843 2634 2907 tempestas
2660 2833 2843 2893 veniet
2884 2846 3073 2891 contra
3118 2835 3267 2891 illum
3310 2850 3404 2891 rex
3437 2833 3590 2905 aqui-

2170 2922 2321 2964 oms.

2170 2922 2291 2964 OﬂlS

2078 2982 2131 3037 in
2158 2953 2433 3044 curribus,
2464 2988 2521 3035 et
2542 2980 2593 3035 in
2617 2977 2911 3050 equitibus,
2941 2990 2993 3032 et
3024 2978 3076 3034 in
3107 2978 3280 3034 classe
3305 2993 3519 3048 magna,

2049 3049 2134 3109 ‘et
2162 3051 2495 3123 ingredietur
2518 3049 2713 3116 terras,
2742 3060 2797 3107 et
2817 3063 3060 3107 conteret
3088 3059 3142 3108 et
3172 3051 3517 3122 pertransiet.

2009 3125 2077 3182 Et
2106 3122 2350 3180 introibit
2376 3122 2429 3178 in
2457 3132 2657 3179 terram
2687 3123 2978 3194 gloriosam
3001 3164 3017 3191 ,

2084 3207 2139 3253 et
2169 3198 2349 3250 multa:
2378 3205 2634 3250 t-orruent
2661 3213 2674 3248 :

2016 3268 2109 3325 lla:
2133 3277 2312 3322 autem
2341 3269 2469 3322 solae
2497 3266 2847 3321 salvabuntur
2873 3265 2939 3322 de
2965 3281 3125 3321 manu
3155 3264 3308 3335 ejus;

2091 3340 2280 3405 Edom,
2311 3347 2366 3394 et
2396 3336 2574 3402 Moab,
2607 3348 2660 3393 et
2685 3338 3007 3409 principium
3042 3337 3272 3393 filiorum
3301 3337 3557 3408 Ammon,

2016 3411 2085 3467 Et
2117 3413 2290 3467 mittet
2322 3426 2537 3466 manum
2566 3425 2716 3463 suam
2759 3411 2810 3463 in
2845 3420 3053 3467 terras:

2087 3495 2140 3541 et
2170 3493 2310 3538 terra
2344 3481 2565 3554 Egypti
2595 3497 2700 3537 non
2731 3480 2970 3551 effugiet.

2020 3554 2085 3611 Et
2113 3552 2476 3609 dominabitur
2509 3552 2886 3608 thesaurorum
2913 3553 3027 3608 auri
3059 3561 3114 3608 et
3135 3553 3344 3624 argenti
3370 3591 3388 3622 ,

2088 3638 2143 3683 et
2171 3629 2223 3682 in
2251 3627 2502 3680 omnibus
2534 3626 2785 3696 prctiosi_s
2814 3624 3029 3696 IEgypti
3060 3641 3073 3682 :

2020 3700 2119 3756 Per
2150 3698 2371 3768 Libyam
2400 3711 2613 3768 quoque
2643 3706 2695 3751 et
2718 3694 3047 3765 Ethiopiam
3078 3696 3347 3768 transibit.

2021 3774 2088 3827 Et
2114 3766 2267 3826 fama
2292 3766 2540 3823 turbabit
2557 3783 2676 3822 eam
2709 3770 2775 3821 ab
2804 3769 3013 3823 oriente
3044 3776 3098 3823 et
3128 3767 3195 3822 ab
3216 3766 3469 3837 aquilone
3494 3783 3508 3821 :

2090 3851 2147 3899 et
2172 3840 2352 3897 veniet
2388 3839 2443 3895 in
2490 3838 2834 3896 multitudine
2870 3856 3062 3910 magna
3094 3882 3109 3907 ,
3159 3847 3220 3895 ut
3264 3846 3516 3894 conterat
3551 3845 3607 3894 et

2159 3911 2452 3969 interficiat
2481 3910 2764 3982 plurimos.

2021 3986 2088 4042 Et
2116 3985 2242 4055 figet
2273 3978 2683 4039 tabernaculum
2709 3998 2862 4037 suum
2893 3978 2922 4019 ι)
2955 3981 3181 4051 Apcdno
3213 3981 3353 4038 inter
3378 3979 3571 4049 maria,

2093 4073 2257 4129 super
2284 4066 2522 4111 montem
2556 4055 2816 4129 inclytum
2848 4060 2903 4109 et
2927 4062 3172 4129 sanctum
3200 4070 3215 4108 :

2024 4128 2092 4185 Et
2121 4125 2300 4184 veniet
2332 4142 2500 4198 usque
2528 4127 2595 4181 ad
2624 4128 2993 4181 summitatem
3026 4125 3171 4197 ejus,

2096 4211 2150 4257 et
2178 4215 2337 4257 nemo
2365 4200 2712 4255 auxiliabitur
2740 4200 2811 4254 ei.

2024 4272 2329 4356 [Cap.Xll.J
2355 4272 2409 4327 lit
2452 4283 2693 4341 tempore
2734 4280 2913 4326 autem
2946 4269 3036 4324 illo
3064 4274 3355 4339 consurget
3383 4264 3612 4323 Michael

2172 4358 2423 4416 princeps
2448 4356 2673 4416 magnus
2693 4385 2706 4409 ,

2096 4411 2186 4488 qui
2210 4428 2317 4471 stat
2346 4411 2443 4485 pro
2475 4411 2600 4468 filiis
2634 4411 2814 4483 populi
2847 4411 2922 4469 tui
2952 4430 2964 4467 :

2029 4489 2096 4545 Et
2118 4489 2293 4543 veniet
2324 4498 2531 4555 tempus
2562 4503 2573 4537 :

2100 4563 2257 4628 quale
2286 4574 2391 4612 non
2420 4559 2517 4612 fuit
2534 4557 2599 4611 ab
2622 4571 2708 4621 eo,
2733 4570 2800 4629 ex
2825 4569 2931 4628 quo
2956 4562 3143 4628 gentes
3169 4569 3288 4613 esse
3313 4564 3615 4629 coeperunt,

1952 4642 2003 4705 ι)
2100 4627 2272 4705 usque
2304 4629 2369 4684 ad
2397 4640 2606 4705 tempus
2638 4627 2788 4705 illud.
2847 4644 2855 4651 ’

2035 4704 2100 4758 Et
2127 4699 2455 4769 iu’iempore
2487 4699 2784 4754 salvabitur
2811 4699 3038 4770 pOpulus
3070 4707 3227 4765 tuus,

2106 4776 2284 4844 omnis
2312 4772 2403 4844 qui
2435 4770 2688 4826 inventus
2722 4770 2883 4827 fuerit
2906 4772 3142 4842 scriptus
3172 4772 3224 4827 in
3255 4771 3417 4828 libro.

2034 4846 2100 4901 Et
2131 4842 2285 4971 mlullti
2312 4842 2378 4971 dp
2406 4844 2490 4899 bis
2517 4844 2606 4914 qui
2631 4843 2903 4899 dormiunt
2931 4845 2982 4899 in
3018 4855 3174 4899 terra:
3208 4845 3431 4916 pulvere
3459 4842 3645 4914 evigi»

2200 4937 2225 4970 a
2252 4932 2341 4972 iun
2392 4934 2403 4968 :

2103 4987 2193 5046 alii
2223 4990 2275 5044 in
2300 4990 2461 5043 vitam
2491 4994 2747 5043 aeternam
2773 5029 2787 5053 ,

2105 5070 2163 5118 et
2187 5062 2279 5117 alii
2308 5060 2359 5116 in
2387 5061 2761 5132 cpprobrium,
2791 5068 2813 5097 θ
2848 5067 2907 5115 ut
2932 5056 3150 5115 videant
3173 5072 3414 5133 semper.

2034 5200 2171 5256 lleb.
2198 5216 2366 5256 sermo
2390 5216 2494 5255 non
2517 5197 2723 5266 habeat,
2755 5197 2847 5253 sed
2870 5216 2964 5272 pro
2994 5199 3109 5270 ipsa
3136 5174 3310 5255 utatur
3331 5199 3506 5268 PﬂE,
3535 5217 3630 5255 cu-

2021 5273 2255 5347 jusvim
2295 5274 2531 5347 (ἱιζιεειιηι
2568 5279 2717 5347 sonat
2753 5272 3015 5347 ,-_t:l_t_t'810
3068 5282 3272 5347 tantum
3327 5274 3441 5328 loco
3489 5274 3631 5343 apud

2038 5343 2199 5400 Hebr.
2238 5345 2495 5399 scribatur
2523 5344 2726 5415 quidem
2765 5340 2923 5397 ΡΗΕ
2940 5384 2955 5411 ,
2988 5343 3078 5400 sed
3120 5343 3321 5417 legatur
3347 5345 3417 5401 P.
3449 5340 3633 5400 Mita'r.

2121 5449 2145 5477 ο
2185 5437 2291 5494 Pio
2314 5446 2373 5493 ut
2402 5435 2605 5528 videant
2628 5433 2681 5491 in
2704 5434 2971 5491 Hebraico
2991 5439 3285 5509 exemplari
3312 5448 3397 5496 est
3417 5421 3632 5528 ττκπὺ,

2041 5533 2093 5589 id
2121 5542 2223 5605 est,
2255 5533 2322 5586 ad
2351 5522 2708 5605 ἱειηοηιῑνῐὶιιῃι8
2734 5530 2986 5605 nimirum
3014 5531 3310 5588 continenti
3344 5522 3533 5601 sensu,
3562 5535 3632 5586 ad

2043 5602 2439 5678 θρηνοιννὶιψί,Δ
2484 5611 2531 5656 et
2579 5602 2647 5654 ad
2690 5603 3029 5678 ignominiam
3073 5607 3476 5678 sempiternam,
3517 5619 3635 5659 s.ve

2044 5692 2263 5749 sempjr.
2285 5676 2398 5749 list
2430 5675 2606 5749 itaque
2628 5674 3117 5749 verosimillimum,
3152 5674 3344 5748 legisse
3373 5678 3430 5732 S.
3462 5677 3637 5730 Inter.

2046 5745 2253 5822 preiem
2282 5747 2334 5801 in
2361 5762 2428 5802 eo
2455 5745 2597 5817 quod
2621 5746 2694 5822 ob
2720 5747 2904 5801 oculos
2929 5746 3181 5816 habebat,
3209 5745 3511 5819 exemplari
3541 5763 3635 5803 ex-

2049 5838 2479 5915 puncta'tlittera
2498 5821 2680 5929 pn'i‘),
2708 5836 2857 5911 Quod
2882 5848 2988 5911 est,
3013 5841 3083 5896 ad
3104 5840 3398 5914 videndum,
3424 5841 3469 5899 si
3481 5855 3564 5911 ve,
3584 5840 3644 5898 ut
