4112 6354
343 315 483 388 1535

1103 319 1478 380 PRIEFATIO
1519 322 2008 400 lliEDONYMLlN
2047 321 2309 388 LIBRUM
2346 325 2950 415 PARALIPOMENON.

3497 337 3636 396 1516

340 438 527 498 chium
575 436 760 496 laudat
805 445 1081 496 auctorem
1136 457 1150 494 :
1202 440 1706 514 Constantinopolis
1760 444 2420 514 usqueAascendei-unt,
2473 463 2589 518 qut:
2641 449 2953 520 prtepararit
2999 446 3138 522 Deus
3203 449 3536 524 diligentibus
3585 472 3639 510 se

343 531 750 600 Anthiochiam,
781 531 1002 588 Luciani
1033 532 1156 605 [Αι.
1191 533 1389 589 Juliaui
1417 533 1433 603 l
1461 537 1712 606 martyris
1742 550 1931 591 exem-

341 624 514 696 pluria
547 623 759 696 prohat.
792 625 981 680 Medi-.c
1005 625 1144 681 inter
1169 625 1268 682 has
1299 628 1592 697 provincia:
1617 629 1931 684 Palaestinos

341 715 446 790 [AL
477 715 799 788 Palmstiuze]
831 717 1050 774 codices
1069 720 1284 790 legunt;
1320 737 1454 794 quos
1479 721 1548 776 ab
1573 722 1802 793 Origene
1824 725 1933 778 ela-

339 810 558 868 boratos
588 812 856 868 Eusebius
903 827 956 868 et
988 815 1299 885 Pamphilus
1329 817 1720 888 vulgaveruut;
1758 827 1931 873 totus-

339 922 443 978 quc
487 907 636 961 Orbis
679 909 779 962 hac
809 908 950 964 inter
976 923 1036 964 sc
1067 891 1266 964 tri'laria
1295 911 1557 966 varietate
1586 919 1930 982 compngnat.

339 997 404 1053 Et
429 1006 578 1054 certe
615 996 877 1069 Origenes
899 1015 1004 1054 non
1034 1000 1208 1056 Solum
1232 1009 1255 1037 ιι
1272 1001 1602 1072 exemplaria
1628 1003 1936 1073 composuit

337 1101 571 1164 quatuor
600 1091 922 1162 editionum,
955 1111 986 1151 e
1008 1094 1233 1167 regione
1262 1096 1470 1168 singula
1510 1099 1678 1153 verba
1734 1098 1936 1153 deseri-

337 1185 504 1254 bens,
550 1195 608 1242 ut
633 1202 769 1242 unus
813 1188 1178 1254 dissentiens,
1230 1191 1413 1244 statim
1443 1190 1657 1245 caeteris
1692 1190 1833 1244 inter
1877 1207 1936 1246 se

336 1279 803 1336 consentientibus
856 1292 1150 1350 arguatur;
1199 1282 1326 1347 sed,
1381 1283 1522 1352 quod
1570 1282 1802 1351 majoris
1841 1297 1938 1338 au-

337 1372 508 1428 ducite
565 1381 686 1440 est,
745 1373 796 1428 iu
849 1374 1099 1430 Editione
1145 1375 1494 1446 Septuaginta
1547 1375 1938 1446 Theodotiouis

339 1463 647 1520 Editionem
676 1465 890 1521 miscuit
915 1507 930 1534 ,
964 1467 1243 1522 asteriscis
1267 1466 1560 1540 designans
1587 1485 1708 1539 qua:
1760 1471 1938 1526 minus

339 1567 466 1615 ante
520 1559 774 1626 fuerant,
834 1569 890 1616 et
943 1560 1170 1633 virgulis
1199 1579 1320 1633 qua:
1366 1579 1430 1618 ex
1477 1562 1754 1632 superﬂuo
1789 1564 1940 1621 vide—

342 1655 536 1711 bantur
555 1656 824 1728 apposita.
947 1655 1110 1728 igitttr
1128 1657 1254 1712 aliis
1278 1657 1430 1714 licuit
1457 1674 1564 1718 non
1593 1668 1776 1714 tenere
1793 1659 1939 1744 quod

340 1749 510 1806 semel
563 1759 953 1820 susceperant,
1003 1759 1059 1805 et
1102 1759 1226 1821 post
1275 1752 1608 1822 septuaginta
1661 1751 1889 1808 cellulas
1921 1793 1936 1820 ,

2038 538 2089 610 (1
2114 539 2234 593 Cor.
2269 555 2330 605 ll,
2361 539 2460 609 9);
2494 551 2803 612 emicraque
2826 541 2908 597 his
2939 543 3169 610 similia,
3202 543 3254 598 in
3285 543 3635 602 llcbrzcorum

2037 631 2189 687 libris
2221 631 2477 688 inveniri.
2532 634 2690 689 Certe
2729 634 2979 704 Apostoli
3009 629 3064 691 et
3094 635 3490 708 Evangelisttc,
3533 639 3633 693 Sc-

2035 725 2663 798 ptuagintaluterpretcs
2717 736 3020 783 noverant:
3073 736 3129 784 et
3179 728 3327 785 unde
3380 728 3459 784 eis
3517 730 3634 786 haec

2035 819 2219 876 dicere
2247 837 2366 892 qua:
2397 820 2450 876 in
2500 823 2856 893 Septuaginta
2890 839 2995 878 non
3030 825 3343 882 habentur?
3393 824 3638 882 Christus

2040 914 2298 971 Dominus
2329 923 2510 971 noster
2555 919 2836 988 utriusque
2865 919 3199 975 Testamcuti
3239 922 3492 977 conditor
3516 963 3531 988 ,
3583 923 3640 978 in

2038 1007 2331 1080 Evangelio
2363 1008 2661 1064 secundum
2689 1009 2955 1066 Joannem
2981 1055 2994 1078 ,
3050 1011 3154 1077 Qui
3196 1014 3391 1079 credit,
3425 1013 3598 1084 inquit
3622 1060 3636 1084 ,

2036 1102 2090 1156 in
2119 1119 2229 1168 me,
2289 1102 2421 1157 sicut
2449 1103 2578 1157 dicit
2624 1095 2930 1174 Scriptura,
2959 1106 3176 1175 [lumina
3217 1106 3281 1161 de
3331 1118 3500 1162 centre
3529 1111 3643 1181 ejus

2038 1197 2198 1264 ﬂuent
2228 1211 2376 1262 aqua:
2414 1194 2764 1267 vivw(Joan.
2793 1212 2898 1264 vn,
2959 1198 3028 1251 58
3051 1196 3094 1267 ).
3129 1196 3326 1269 Utique
3377 1200 3640 1270 scriptum

2038 1297 2153 1354 est,
2185 1289 2325 1360 quod
2355 1289 2607 1346 Salvator
2632 1291 2890 1361 scriptum
2919 1305 3044 1346 esse
3074 1300 3320 1347 testatur.
3358 1292 3456 1349 Ubi
3507 1295 3644 1348 scri-

2043 1392 2190 1454 ptum
2211 1382 2333 1437 est?
2360 1382 2715 1454 Septuaginta
2739 1399 2846 1438 non
2878 1382 3111 1440 habent:
3139 1385 3447 1456 apocrypha
3473 1387 3648 1442 nescit

2043 1457 2316 1534 Ecclesia.
2345 1479 2426 1534 Ad
2455 1479 2714 1536 Hebrtcos
2747 1480 2912 1550 igitur
2947 1481 3330 1536 revertendum
3356 1489 3466 1545 cst,
3500 1479 3646 1533 unde

2039 1583 2096 1628 cl
2129 1573 2390 1629 Dominus
2425 1573 2704 1644 loquitur,
2750 1581 2804 1630 et
2835 1573 3086 1646 discipuli
3135 1574 3381 1644 ettt‘rtnpla
3439 1587 3646 1643 prses"-

2043 1677 2222 1724 muut.
2250 1667 2376 1722 llaec
2407 1682 2540 1737 pace
2570 1679 2819 1723 veterum
2847 1647 3038 1744 loquor
3064 1710 3078 1735 ,
3110 1677 3166 1724 et
3190 1666 3647 1723 obtrectatoribus

2045 1761 2181 1814 meis
2211 1768 2419 1814 tantum
2452 1760 2792 1830 respondeo,
2843 1761 2932 1832 qui
2959 1761 3157 1817 canino
3207 1762 3371 1817 dente
3423 1775 3510 1816 me
3558 1775 3646 1815 ro-

341 1839 370 1881 δ
401 1857 522 1913 qum
546 1842 705 1912 VlllSO
736 1843 854 1898 εῖιιθ
899 1851 1122 1898 θυοῐοιέ
1171 1842 1446 1913 lauant"?
1470 1886 1485 1911 ν
1545 1845 1785 1912 Singulas
1824 1843 1934 1899 θείη
1973 1851 2016 1910 Β
2043 1851 2212 1918 dunt,
2247 1851 2298 1906 in
2333 1851 2554 1918 publico
2584 1851 2971 1919 detrahentes;
3020 1852 3267 1922 legentes
3297 1854 3348 1908 in
3399 1852 3610 1924 angulis
3633 1895 3648 1915 ,

343 1934 485 1990 lulas
528 1949 831 2005 aperuere,
887 1934 1098 2006 hocque
1151 1935 1202 1990 in
1255 1935 1514 1991 Ecclesiis
1568 1937 1760 2008 legitur
1797 1937 1944 2008 qttod

345 2028 698 2100 Septuaginta
728 2028 1075 2095 nescierunt,
1127 2043 1226 2084 cur
1255 2043 1342 2086 me
1367 2043 1473 2085 non
1500 2027 1800 2100 suscipiant
1842 2028 1949 2085 La-

344 2124 445 2180 tini
472 2125 612 2194 mei,
661 2125 749 2196 qui
800 2124 1054 2180 inviolata
1110 2123 1364 2182 Editione
1413 2126 1582 2182 veteri
1637 2126 1707 2180 ita
1751 2141 1945 2181 novam

345 2217 597 2288 condidi,
636 2217 983 2288 utlaborem
1027 2233 1205 2274 meum
1250 2217 1524 2283 Hebraeis,
1566 2227 1650 2288 et,
1677 2217 1822 2288 quod
1867 2217 1948 2274 his

351 2324 373 2352 ο
409 2313 581 2383 majus
625 2319 736 2380 est,
780 2312 1057 2384 Apostolis
1085 2312 1405 2368 auctoribus
1436 2311 1704 2384 probem?
1740 2312 1948 2386 Scripsi

350 2421 524 2476 nuper
578 2405 776 2460 librum
806 2402 834 2443 ἀ
876 2405 944 2462 de
991 2404 1210 2476 Optimo
1257 2420 1460 2476 genere
1512 2405 1944 2477 interpretandi,

349 2497 640 2556 ostendens
691 2498 782 2554 illa
828 2497 898 2554 de
954 2497 1282 2569 Evangelia,
1339 2496 1423 2552 Ea:
1461 2495 1711 2568 'JEgypto
1767 2498 1944 2558 uocaui

351 2590 520 2662 [ilium
550 2608 718 2646 meum
745 2591 764 2663 (
789 2589 980 2646 Matth.
1007 2607 1076 2658 tt,
1102 2591 1170 2646 15
1195 2587 1245 2661 );
1270 2599 1323 2645 ct
1355 2590 1613 2655 Quoniam
1657 2589 1948 2646 Νικίαι-(ειη

347 2685 617 2740 vocabitur
668 2683 847 2755 (Ibid.
875 2724 891 2751 ,
923 2682 1062 2754 23);
1092 2691 1176 2748 et,
1227 2681 1479 2736 Videbunt
1529 2682 1583 2736 in
1625 2699 1773 2752 quem
1811 2699 1950 2736 com-

352 2788 646 2853 puuxerunt
676 2776 882 2850 (Joan.
917 2793 1037 2844 xu,
1064 2779 1132 2834 57
1155 2776 1206 2848 );
1249 2788 1300 2833 et
1347 2776 1477 2833 illud
1508 2777 1753 2848 Apostoli
1775 2819 1791 2846 ,
1826 2779 1952 2844 Qua:

348 2870 536 2928 oculus
564 2888 666 2926 non
693 2870 818 2926 vidit
843 2912 855 2938 ,
879 2886 972 2926 nec
999 2870 1144 2925 auris
1164 2869 1364 2926 audivit
1381 2910 1395 2937 ,
1419 2886 1509 2925 nec
1538 2870 1592 2925 in
1612 2887 1700 2926 cor
1726 2868 1955 2928 hominis

357 3125 574 3177 omnes,
604 3109 896 3182 titpubliee
921 3117 1273 3182 usui-paretur
1295 3109 1348 3164 in
1380 3110 1594 3166 eunetis
1615 3107 1953 3166 Christiano-

358 3201 476 3240 rum
511 3181 792 3239 Eeelesiis.
820 3181 975 3237 Unde
1002 3181 1226 3236 llieron.
1263 3183 1528 3243 prooemio
1559 3181 1865 3237 Comment.
1897 3183 1953 3237 in

360 3256 640 3311 Danielem
659 3254 777 3308 itoc
799 3253 1079 3325 admonuit
1107 3271 1120 3306 :
1153 3253 1260 3308 Sed
1289 3262 1336 3306 et
1359 3253 1606 3325 Origenes
1633 3253 1958 3318 dejl‘heodo-

357 3330 514 3400 tionis
537 3342 688 3400 apere
707 3327 760 3379 in
975 3323 1203 3392 Vulgata
1233 3323 1510 3379 asteriscos
1549 3327 1741 3400 posuit,
1771 3325 1957 3380 docens

2049 1941 2212 1998 iidem
2246 1953 2301 1998 et
2338 1952 2683 2000 accusatores
2731 1953 2787 2000 et
2833 1942 3151 2000 defensores
3181 1987 3194 2012 ,
3255 1959 3378 1999 cum
3426 1945 3479 2000 in
3530 1943 3652 1998 aliis

2048 2035 2281 2105 probent
2308 2033 2450 2106 quod
2481 2035 2650 2092 inme
2681 2036 3013 2107 reprobant:
3068 2037 3219 2107 quasi
3258 2036 3431 2092 virtus
3482 2043 3538 2092 et
3565 2037 3651 2090 vi-

2051 2129 2182 2194 tium
2216 2144 2320 2186 non
2350 2127 2404 2182 in
2452 2127 2614 2184 rebus
2661 2127 2768 2194 sit‘,
2820 2127 2917 2182 sed
2968 2143 3089 2182 eum
3123 2136 3345 2182 auctore
3392 2135 3654 2182 mutetur.

2052 2215 2322 2278 Cit-terum
2352 2223 2610 2292 memini,
2642 2222 2936 2279 editionem
2989 2221 3343 2292 Septuaginta
3399 2221 3657 2276 Transla-

2058 2325 2234 2371 tornm
2288 2315 2416 2371 olim
2460 2301 2528 2372 de
2565 2314 2759 2374 ereo
2788 2314 3134 2371 emendatam
3185 2323 3209 2352 ο
3261 2313 3518 2369 tribuisse
3568 2327 3656 2368 me

2059 2409 2296 2465 nostris:
2328 2425 2427 2466 nec
2456 2408 2736 2464 inimicum
2764 2409 2967 2465 debere
2991 2407 3249 2464 azstimari
3271 2423 3460 2464 eorum
3479 2450 3493 2474 ,
3520 2421 3658 2476 quos

2048 2507 2102 2560 in
2131 2513 2399 2561 conventu
2425 2504 2648 2559 fratrum
2676 2518 2895 2575 semper
2919 2503 3183 2559 edissere.
3220 2502 3287 2556 Et
3333 2501 3476 2571 quod
3513 2517 3658 2556 nunc

2050 2615 2220 2654 mutu-3
2245 2613 2401 2652 tanta!
2426 2597 2586 2668 (om?
2607 2599 2764 2660 '127),
2794 2597 2844 2651 id
2879 2607 2989 2666 est,
3021 2595 3190 2651 Verba
3217 2596 3417 2649 dierum
3443 2637 3458 2662 ,
3489 2594 3656 2650 inter-

2054 2699 2298 2760 pretatus
2321 2705 2464 2756 sum,
2483 2687 2684 2744 ideirco
2714 2687 2836 2753 feci,
2857 2696 2915 2742 ut
2937 2685 3351 2742 inextricabiles
3379 2699 3580 2753 moras,
3603 2694 3660 2741 et

2055 2783 2246 2839 silvam
2313 2781 2633 2846 nominum,
2689 2793 2810 2852 quae
2864 2779 3191 2850 scriptorum
3262 2779 3484 2834 contusa
3535 2789 3663 2832 sunt

2059 2877 2224 2946 vitio,
2253 2889 2620 2946 sensuumque
2650 2874 2988 2936 barbariem.
3042 2871 3290 2944 apertius
3333 2875 3389 2928 et
3420 2885 3515 2942 per
3544 2884 3664 2926 rer-

2062 3112 2228 3166 terius
2254 3110 2478 3181 hujusce
2525 3110 2629 3167 loci
2672 3119 2925 3166 contextu
2968 3127 3031 3166 ac
3062 3110 3339 3180 preposito
3369 3111 3558 3182 liquet,
3591 3111 3660 3168 de

2059 3182 2198 3238 Novi
2230 3183 2567 3240 Testamcuti
2597 3183 2905 3248 Lucianeis,
2941 3183 3056 3239 sive
3082 3183 3440 3254 liesycltianis
3464 3183 3664 3237 codici-

2065 3256 2162 3310 bus
2184 3270 2494 3310 sernmuem
2516 3255 2584 3310 ibi
2613 3269 2754 3320 esse,
2774 3255 2825 3310 in
2849 3271 2954 3325 quo
2974 3254 3193 3326 quidem
3217 3254 3658 3326 recognoscendo

2061 3328 2243 3382 minus
2291 3325 2480 3381 horum
2529 3327 2755 3394 probata
2813 3325 3305 3383 lueritauctorutn
3350 3325 3660 3381 industria:

357 3396 585 3472 defuisse
629 3413 744 3466 qua!
791 3396 972 3478 addita
1017 3407 1136 3480 sunt
1163 3411 1180 3460 ;
1217 3406 1263 3448 et
1295 3413 1473 3450 rursus
1491 3396 1753 3480 quosdam
1784 3413 1958 3480 uersus
1986 3415 2031 3480 ς
2063 3408 2255 3453 contra
2280 3397 2455 3478 bicde
2485 3398 2680 3480 Vetere
2699 3397 2830 3480 dici,
2858 3396 3418 3480 quodeorttmneditio
3443 3411 3517 3450 tes
3547 3409 3666 3450 tau-

361 3467 521 3525 obelit
554 3469 893 3541 pra’notauit,
924 3469 1198 3541 super/tua
1225 3483 1438 3541 qumque
1467 3470 1765 3541 designans.
1799 3467 1957 3541 Cum-

359 3560 456 3608 que.
483 3537 656 3595 ouines
687 3539 880 3594 Christi
916 3538 1177 3595 Ecclesiar.
1205 3549 1307 3591 tam
1345 3537 1642 3594 Grtet'ortim
1671 3556 1822 3610 quant
1853 3539 1958 3593 La-

361 3616 618 3677 tinorum,
651 3613 906 3682 Syrorum
928 3619 973 3663 et
1006 3609 1392 3682 Egyptiorum,
1426 3613 1559 3664 hanc
1579 3609 1958 3666 subasteriscis

361 3697 408 3740 et
431 3686 589 3740 obelis
607 3683 883 3737 editionem
913 3684 1110 3752 legant,
1132 3683 1408 3752 ignoscant
1427 3682 1591 3736 invidi
1620 3683 1786 3736 labori
1815 3699 1956 3750 meo,

361 3767 466 3812 etc.
500 3755 610 3810 Nec
641 3756 709 3808 de
737 3755 853 3808 Solo
885 3754 1124 3809 Danielis
1147 3753 1423 3808 volumine
1449 3754 1564 3808 haec
1610 3752 1958 3823 intelligenda

361 3831 484 3898 quis
513 3828 708 3881 dixerit
740 3842 754 3880 :
787 3826 911 3896 quia
958 3842 1080 3898 cum
1127 3824 1440 3898 Augustino
1475 3825 1600 3879 alibi
1647 3827 1920 3898 disserens
1941 3868 1955 3889 ,

362 3896 517 3954 nsum
555 3898 807 3952 Ecclesia:
851 3899 1005 3964 plane
1037 3897 1309 3959 declarat,
1354 3896 1715 3967 universaque
1755 3897 1963 3951 divina-

363 3986 481 4026 rum
514 3972 914 4038 Seripturaruut
943 3967 1273 4037 exemplaria
1306 3967 1390 4022 bis
1416 3968 1596 4022 verbis
1623 3983 1959 4037 consequen-

366 4043 506 4097 tihus
537 4041 606 4095 ab
636 4055 700 4094 eo
729 4042 894 4095 fuisse
931 4045 1322 4109 comprehensa
1350 4081 1364 4106 ,
1419 4055 1578 4092 nemo
1623 4051 1707 4094 est
1753 4042 1842 4108 qui
1873 4049 1962 4095 eat

366 4115 572 4170 inficias
602 4131 614 4166 :
655 4111 765 4177 Vis,
789 4113 1101 4175 ait,umator
1121 4128 1228 4166 esse
1250 4127 1394 4184 uerus
1420 4110 1766 4184 Septuaginta
1793 4109 1964 4164 Inter-

364 4186 608 4258 pretum?
643 4200 747 4237 non
776 4185 926 4258 legas
957 4200 1017 4237 ea
1046 4199 1161 4246 qua:
1188 4183 1282 4237 sub
1308 4184 1568 4258 asteriscis
1604 4192 1723 4236 sunt
1751 4226 1764 4250 ,
1805 4184 1962 4258 immo

363 4256 489 4311 ratio
515 4256 578 4309 de
596 4256 974 4319 voluminibus,
1014 4266 1067 4327 ut
1090 4267 1314 4310 veterum
1363 4265 1432 4327 te;
1466 4256 1716 4327 fautorem
1756 4257 1960 4327 probes.

371 4330 521 4396 Quod
543 4328 586 4381 si
608 4329 806 4398 feceris,
834 4343 1007 4381 omnes
1027 4326 1378 4382 Ecclesiarum
1401 4325 1966 4398 Bibliot/tecas'cmtdc-

365 4415 546 4454 mnare
586 4397 779 4468 cogeris
811 4414 828 4452 :
857 4399 942 4453 via:
991 4402 1127 4452 enim
1176 4415 1310 4453 unus
1375 4408 1464 4452 aut
1533 4397 1666 4452 alter
1710 4401 1966 4452 inuenitur

367 4472 496 4526 liber
552 4473 638 4540 qui
690 4471 790 4540 ista
859 4487 960 4524 non
1011 4470 1214 4525 habeat.
1269 4470 1401 4525 Vide
1447 4470 1608 4540 epist.
1662 4471 1766 4537 89,
1821 4470 1963 4538 apud

374 4547 512 4612 Aug.
666 4539 844 4594 Mtttt'r.

442 4610 513 4653 -'—-
536 4611 648 4666 lloc
679 4621 857 4666 tamen
903 4611 1102 4682 ipsum,
1126 4611 1268 4682 quod
1299 4612 1502 4668 diserte
1528 4611 1665 4666 adeo
1690 4610 1886 4666 asserit
1905 4611 1963 4666 S.

372 4685 552 4746 Pater,
580 4693 836 4756 pernegat
868 4682 1139 4756 Martium,
1193 4692 1287 4737 aut
1336 4694 1485 4756 certe
1529 4699 1594 4736 eo
1625 4697 1786 4756 sensu
1821 4691 1966 4756 vetat

373 4756 626 4824 intelligi,
670 4766 720 4816 ut
760 4753 810 4808 in
845 4754 1188 4809 Alexandria:
1220 4765 1382 4825 atque
1421 4753 1638 4825 ASgypti
1688 4754 1967 4808 conventi-

373 4827 473 4880 bus
500 4815 861 4897 llesvchiana,
896 4827 946 4879 iu
978 4815 1594 4894 Constantinopolitziiiis
1625 4840 1756 4879 vero
1794 4841 1963 4890 usque
1993 4815 2042 4874 D

374 4899 719 4954 Antiochiam
753 4897 1019 4952 Luciauca
1052 4898 1218 4950 editio
1247 4899 1496 4952 dicantur
1520 4897 1840 4951 obtinuisse.
1875 4897 1963 4951 Ni-

375 4971 503 5024 titur
533 4986 663 5024 vcro
688 4969 793 5024 hoc
818 4971 988 5024 altero
1033 4969 1344 5041 Hieronymi
1395 4968 1707 5041 testimonio
1755 4970 1808 5022 in
1842 4984 1967 5037 pro—

377 5043 498 5110 logo
538 5041 953 5111 Evangeliurum
1001 5044 1066 5095 ad
1101 5040 1432 5096 Damasum:
1483 5040 1826 5096 Prtetcrinitta
1879 5056 1965 5095 eos

377 5112 579 5167 codices
605 5129 730 5182 quos
759 5130 789 5166 a
812 5111 1045 5166 Luciano
1079 5120 1129 5168 et
1160 5111 1418 5183 Hesychia
1467 5121 1793 5184 nuncupatos
1837 5129 1968 5184 pau-

376 5201 554 5238 corum
581 5185 844 5247 hominum
873 5185 1058 5238 asserit
1087 5200 1320 5254 perversa
1359 5184 1634 5238 contentio.
1671 5183 1738 5238 Et
1758 5198 1818 5238 re
1840 5183 1969 5253 qui-

378 5257 506 5310 dem
531 5257 644 5323 ipsa
671 5257 776 5309 nisi
805 5256 960 5324 plane
986 5263 1322 5326 perspectam
1359 5258 1556 5312 habeas
1605 5254 1662 5311 S.
1718 5255 1968 5326 Doctoris

380 5336 638 5394 mentem,
683 5325 1128 5396 contextumque
1153 5327 1276 5393 loci,
1306 5328 1502 5383 nedum
1535 5326 1678 5396 quod
1710 5325 1956 5381 Martian.

380 5398 530 5464 facit,
560 5408 746 5452 contra
770 5413 954 5452 earum
983 5399 1282 5454 editionum
1305 5400 1674 5454 celebritatem
1706 5398 1830 5452 hinc
1855 5399 1965 5452 cul-

383 5471 537 5539 ligas,
573 5469 668 5524 sed
698 5469 878 5525 secum
904 5473 1020 5539 ipso
1043 5471 1302 5541 pugnabit
1331 5471 1388 5525 S.
1427 5471 1605 5526 Pater.
1635 5472 1724 5540 qui
1756 5479 1810 5524 et
1831 5471 1965 5524 satis

387 5542 472 5595 hic
496 5541 799 5595 luculenter
827 5543 1015 5596 doceat
1050 5544 1435 5597 Alexandriam
1456 5553 1510 5597 et
1543 5541 1833 5613 IEgyptum
1859 5541 1966 5595 lle-

384 5613 876 5685 syehiumlautlare
907 5624 1201 5684 auctorem,
1247 5613 1484 5683 reliquas
1523 5630 1553 5668 a
1582 5613 1970 5667 Constantino-

387 5685 492 5810 poli
523 5685 588 5739 ad
621 5684 963 5740 Antiochiam
995 5685 1300 5755 provincias
1331 5685 1548 5740 Luciani
1573 5686 1967 5756 martyrispro-

407 5772 518 5810 tare
538 5758 862 5810 exemplaria
897 5775 908 5810 :
935 5757 1217 5810 scribserit
1245 5772 1373 5810 vero
1397 5766 1553 5810 antea
1585 5757 1651 5810 ad
1684 5758 1967 5810 Damasum

407 5772 518 5810 tare
538 5758 862 5826 exemplaria
897 5775 908 5810 :
935 5757 1217 5827 scripserit
1245 5772 1373 5813 vero
1397 5766 1553 5812 antea
1585 5757 1651 5811 ad
1684 5758 1971 5810 Damasum

387 5839 680 5897 paucorum
705 5843 826 5884 esse
857 5829 1136 5883 hominum
1184 5844 1282 5900 pro
1325 5828 1585 5900 Lueiano,
1620 5839 1673 5883 et
1705 5827 1975 5900 llesychio

390 5910 612 5957 content
635 5917 819 5968 ouem,
843 5915 1067 5973 cumque
1089 5899 1422 5972 perversam.
1443 5899 1646 5957 Verum
1667 5915 1736 5959 ex
1757 5907 1875 5958 toto
1898 5899 1976 5954 δι’

2068 3479 2241 3523 tarum
2276 3471 2558 3538 regionum
2588 3469 2846 3524 Ecclesiae
2877 3467 3324 3536 suseipiant.ﬂoc
3357 3484 3518 3536 porro
3552 3484 3665 3522 tua-

2066 3539 2320 3596 nil‘estum
2351 3542 2492 3596 adeo
2519 3553 2621 3606 est,
2652 3551 2708 3594 ut
2736 3539 2888 3596 liceat
2920 3541 3220 3596 etiamnum
3251 3539 3464 3593 laudata
3489 3539 3666 3594 Patri-

2067 3614 2166 3666 bus
2224 3613 2607 3668 Alexandrinis
2654 3612 3060 3682 Scripturarum
3122 3612 3238 3666 loca
3311 3610 3666 3681 llesyehiauae

2067 3685 2528 3751 interpretationis
2558 3698 2786 3753 arguere
2817 3699 2830 3736 :
2867 3692 2922 3738 ut
2953 3693 3005 3738 et
3030 3683 3358 3738 Luciaueam
3405 3683 3666 3738 continuo

2067 3755 2328 3823 referunt,
2362 3771 2482 3826 qua:
2507 3753 3096 3822 Constantiumiolilaui
3145 3754 3500 3826 latulautalix
3555 3770 3661 3807 uno

2065 3824 2484 3896 Chrysostomo,
2515 3828 2602 3896 qui
2631 3827 2780 3895 prius
2811 3825 3132 3892 Antioehim,
3173 3825 3370 3880 deinde
3395 3824 3670 3880 Constan-

2070 3898 2328 3968 tinopolis
2378 3897 2693 3952 cathedram
2750 3897 2940 3963 tenuit,
2989 3899 3195 3967 lnitq-ic
3228 3896 3664 3967 llierouymiauis

2068 3969 2427 4038 temporibus,
2446 3973 2489 4024 si
2515 3969 2815 4038 periculum
2841 3971 3054 4033 ieceris,
3073 3969 3354 4022 innumera
3377 3978 3668 4023 occurrent

2069 4042 2399 4106 testimonia,
2429 4058 2496 4096 ex
2531 4040 2757 4095 Luciani
2789 4044 3108 4096 recensione
3136 4039 3375 4104 laudata,
3427 4055 3548 4109 qum
3598 4039 3665 4092 ab

2068 4113 2450 4168 Alexandrina:
2478 4112 2733 4168 Ecclesite
2759 4112 3038 4166 codicibus
3068 4112 3353 4167 dissonant
3381 4127 3394 4162 :
3422 4125 3668 4164 rursum-

2068 4201 2172 4251 que
2204 4185 2288 4238 isti
2319 4185 2384 4240 ab
2422 4185 2689 4255 llcsyehio
2720 4198 2895 4246 reengz
2924 4183 3007 4249 iii,
3041 4199 3071 4237 a
3124 4183 3426 4255 Palatstina;
3481 4197 3670 4255 escut-

2069 4250 2312 4327 plaribus
2361 4250 2595 4317 variaut,
2644 4272 2763 4324 quze
2822 4255 3085 4322 0.igencs
3142 4250 3458 4327 elaboravit.
3532 4251 3665 4306 item

2069 4324 2360 4395 Exemplis,
2393 4345 2510 4396 qua:
2551 4327 2710 4380 nitms
2749 4330 2926 4379 .tnultu
2975 4333 3284 4394 suppetunt,
3337 4324 3664 4396 edisserere,

2073 4394 2242 4454 nostri
2277 4394 2382 4454 non
2409 4394 2491 4453 est
2523 4396 2776 4452 instituti.
2809 4396 3022 4450 Videsis
3050 4412 3170 4465 qua:
3201 4404 3310 4448 tum
3343 4394 3492 4462 alibi,
3548 4403 3664 4449 tum

2075 4471 2140 4526 ad
2174 4471 2446 4524 laudatum
2479 4468 2760 4538 prologum
2804 4467 3216 4536 Evangeliorum
3248 4477 3594 4521 annotamus.

2143 4552 2167 4579 η
2214 4537 2501 4595 Vaticanus
2526 4555 2627 4593 ms.
2650 4537 2801 4595 unus
2831 4581 2845 4607 ,
2888 4549 2941 4593 et
2971 4539 3109 4594 alter
3133 4554 3162 4591 e
3188 4539 3389 4592 nostris
3415 4579 3431 4604 ,
3483 4537 3672 4604 legunt

2077 4611 2336 4681 Hexapla,
2364 4611 2458 4666 sed
2485 4613 2808 4684 incongrue;
2843 4612 2964 4684 quia
2989 4609 3055 4684 de
3083 4608 3670 4684 quatuoreditionilms
3694 4676 3704 4684 _

2073 4683 2162 4738 hic
2188 4677 2368 4738 sermo
2395 4690 2498 4739 est.
2532 4683 2584 4736 ill
2613 4677 2716 4747 est,
2748 4681 2814 4737 de
2842 4677 3130 4752 ’l'etrapl;s,
3168 4696 3273 4736 non
3306 4680 3374 4735 dc
3414 4677 3669 4749 Ilexaplis

2078 4755 2348 4824 Urigeuis.
2382 4756 2560 4809 MART.

2143 4821 2340 4880 b'Siue
2375 4836 2598 4880 auctore
2626 4823 2896 4890 iaetantur
2923 4823 3007 4878 hae
3035 4822 3262 4892 singula:
3294 4821 3506 4892 cellulae
3536 4821 3670 4892 Sep-

2069 4901 2310 4966 tttagiuta
2341 4899 2540 4970 luterp.
2562 4915 2575 4950 :
2594 4895 2725 4952 Cum
2753 4898 3001 4951 Aristteus
3015 4894 3287 4970 Ptolomazi
3309 4897 3450 4970 reg’s
3467 4895 3669 4970 ρπείια-

2071 4965 2302 5031 amota;
2327 4981 2373 5024 et
2409 4965 2568 5024 multo
2625 4979 2738 5037 post
2788 4978 3013 5038 tempore
3052 4967 3314 5035 Josephus
3343 4965 3375 5034 ,7
3401 4965 3532 5020 nihil
3571 4965 3672 5020 tale

2069 5041 2340 5096 retulerim
2369 5041 2498 5096 :sed
2521 5041 2570 5094 in
2603 5040 2782 5096 eadem
2811 5038 3033 5095 basilica
3055 5048 3394 5110 congregatos
3428 5078 3442 5103 ,
3489 5046 3670 5092 contu-

2071 5113 2191 5192 lisse
2219 5112 2478 5192 scribant.
2511 5129 2613 5192 non
2642 5112 2998 5192 prophetas“.
3044 5109 3168 5166 [late
3201 5109 3261 5166 S.
3303 5109 3669 5192 Hieronymus

2073 5185 2295 5255 prologo
2335 5185 2388 5239 iu
2412 5184 2686 5240 chesim.
2723 5183 2898 5239 Mxn'r.
3079 5253 3088 5255 _
3189 5251 3200 5255 Α
3339 5235 3343 5239 ,

2149 5267 2169 5294 ε
2216 5251 2416 5312 Eodem
2463 5271 2627 5311 sensu
2683 5257 2810 5324 legit
2860 5269 3022 5322 supra
3078 5251 3327 5318 laudatus
3359 5267 3462 5306 ms.
3495 5253 3670 5324 codex

2029 5361 2036 5366 ς
2075 5325 2137 5380 D.
2171 5328 2330 5382 (Zard.
2375 5327 2581 5382 Donzii.
2642 5323 2953 5397 Apostolicis
2996 5323 3389 5380 auctoritatibus
3436 5323 3668 5397 probent.

2075 5399 2256 5454 MART.

2147 5469 2173 5507 ἀ
2199 5472 2295 5526 Est
2322 5470 2386 5526 ad
2415 5468 2824 5525 Pammachium
2875 5467 3116 5540 Epistula
3151 5467 3203 5522 in
3255 5475 3438 5524 nostra
3483 5481 3674 5540 recen-

2077 5540 2230 5597 sione
2258 5544 2324 5596 57
2347 5543 2543 5611 scripta
2597 5542 2700 5595 sub
2739 5540 2866 5595 anui
2914 5536 3018 5596 39.3
3068 5540 3260 5606 linem,
3313 5540 3445 5594 utin
3495 5536 3671 5594 Chro-

2081 5615 2338 5684 nologicis
2365 5614 2430 5668 ad
2460 5628 2580 5669 eam
2613 5613 2759 5684 Notis
2781 5613 3137 5684 mundanus.

2154 5694 2176 5726 ε
2205 5681 2465 5751 Diximus,
2491 5699 2595 5738 non
2623 5683 2726 5738 nisi
2755 5687 3008 5754 exiguam
3033 5683 3151 5753 eius
3176 5681 3443 5739 Editionis
3467 5689 3674 5750 partem

2079 5769 2399 5828 superesse,
2453 5770 2613 5828 quam
2661 5757 3013 5828 subsequeuti
3049 5756 3219 5828 'l‘omo
3272 5754 3681 5814 recensebimus

2084 5825 2434 5902 dicemusque
2460 5825 2530 5888 de
2549 5843 2613 5887 ea
2639 5825 2885 5900 pluribus
2912 5827 2966 5885 in
2999 5825 3346 5886 Prwlatione.
