4062 6348
259 327 403 387 1529

1624 323 1856 382 VERBA
1895 322 2182 383 DIERUM.

3416 331 3558 391 1530

329 446 543 502 Mortuo
576 458 793 519 quoque
823 443 984 513 Sani,
1023 441 1267 515 regnavit
1308 456 1407 514 pro
1446 455 1511 499 eo
1543 441 1851 498 Bahalanan
1880 441 1936 503 A
2030 442 2155 519 Filii
2176 451 2356 519 autem
2378 444 2556 519 Seniei
2580 442 2827 519 reradab,
2856 453 2913 502 et
2938 445 3161 519 Abisur.
3188 445 3403 519 Nomen
3426 464 3555 503 vero

256 518 399 572 ﬁlius
429 518 701 574 Achobor.

328 589 436 645 Sed
460 604 515 645 et
538 593 627 645 hic
649 598 896 644 mortuus
919 597 1025 653 est,
1062 597 1116 642 et
1139 586 1383 657 regnavit
1424 601 1521 655 pro
1563 600 1628 640 eo
1670 584 1852 640 Adad:

254 662 416 730 cujus
446 663 597 718 urbis
626 678 825 716 nomen
855 662 951 715 fuit
980 670 1006 697 ⁸
1034 660 1207 721 Ρ11ο11,
1234 669 1285 711 et
1310 657 1579 730 appellata
1612 668 1695 713 est
1722 671 1859 711 uxor

254 728 376 804 ejus
406 734 671 789 Meetabel
700 734 807 787 lilia
843 733 1048 804 Matred
1079 732 1200 785 tiliae
1233 728 1469 804 lllezaab_.

329 806 483 861 Adad
514 815 695 860 autem
746 816 980 869 mortuo,
1012 803 1177 857 duces
1210 818 1307 871 pro
1353 801 1565 870 regilim
1599 801 1649 853 in
1684 801 1854 855 Edam

250 892 379 931 esse
401 886 683 945 cmperunt
707 894 719 930 :
745 876 855 931 dux
878 876 1143 941 'l'liamna,
1167 873 1277 945 dux
1306 872 1460 945 Alva,
1487 871 1592 945 dux
1614 872 1852 938 Jethcth,

250 948 363 1001 dux
394 944 705 1017 Oolibzima,
750 949 855 1002 dux
904 947 1027 1012 l‘lla,
1071 946 1176 999 dux
1220 944 1464 1017 Pihinon,
1506 944 1613 1017 (lux
1644 946 1851 1017 Cencz,

253 1020 366 1071 dux
402 1020 667 1083 Theman,
695 1015 805 1073 dux
829 1018 1064 1086 Mabsar,
1089 1017 1197 1071 dux
1227 1015 1479 1086 Magtliel,
1503 1016 1611 1070 dux
1646 1016 1853 1070 lliram.

254 1090 319 1145 lli
354 1090 520 1147 duces
554 1090 749 1145 Edoni.

326 1161 478 1233 [ϐαρ.
520 1162 608 1234 11.]
650 1162 767 1217 Filii
818 1170 999 1234 autem
1054 1158 1221 1234 lsraei
1259 1177 1272 1212 :
1325 1159 1568 1234 R_ubcn,_
1609 1157 1849 1234 Simeon,

249 1228 434 1297 Le'vi,
460 1228 619 1297 Juda',
673 1233 939 1294 lssachar,
972 1243 1022 1287 et
1054 1231 1331 1299 Zahulon,
1366 1230 1503 1297 Dan,
1542 1228 1767 1301 Joseph,
1800 1241 1855 1286 et

247 1304 561 1372 Benjamin,
586 1305 857 1373 Nephtali,
888 1303 1027 1368 Gad,
1051 1313 1105 1359 et
1132 1302 1291 1357 Aser.

292 1376 449 1431 ‘Filii
476 1376 612 1431 Juda
645 1372 823 1442 :VHer,
857 1377 1033 1443 Onan,
1066 1384 1122 1430 et
1148 1375 1292 1430 Sela.
1322 1373 1456 1429 Tres
1486 1372 1595 1427 nati
1638 1384 1766 1429 sunt
1803 1375 1853 1431 ei

246 1449 321 1502 de
350 1447 456 1501 ﬁlia
487 1447 597 1504 Sne
620 1447 1001 1502 Chananitide.

327 1518 449 1572 Fuit
478 1530 655 1573 autem
691 1519 797 1573 Iter
825 1517 1221 1589 primogenitus
1262 1515 1425 1585 Juda,
1466 1517 1639 1572 malus
1665 1533 1849 1573 coram

248 1589 508 1659 Domino,
538 1600 591 1645 et
621 1591 821 1645 occidit
850 1605 996 1645 eum.

243 1731 290 1786 Ζ
322 1658 561 1717 Thamar
608 1670 790 1717 autem
836 1676 1003 1716 nurus
1052 1661 1169 1732 ejus
1210 1660 1423 1731 peperit
1462 1660 1511 1715 ci
1551 1658 1757 1717 Phares
1796 1672 1851 1718 et

295 1748 411 1786 ara.

295 1748 411 1789 ara.

321 1804 525 1876 ancs
549 1819 679 1876 ergo
710 1805 804 1859 ﬁlii
834 1804 993 1871 Juda,
1027 1805 1266 1876 quinque
1292 1821 1307 1857 :

323 1874 448 1931 Filii
478 1873 661 1931 autem
694 1876 865 1932 Fares
896 1894 909 1931 :
946 1873 1116 1930 Esron
1145 1873 1199 1929 et
1233 1873 1415 1929 Amul.

323 1945 448 2019 Filii
504 1962 720 2019 quoque
767 1947 943 2011 lane,
995 1946 1194 2012 Zaniri,
1229 1954 1285 2000 et
1316 1944 1508 2019 I'chan,
1551 1953 1609 2001 et
1652 1946 1846 2014 Eman,

242 2017 508 2090 Clialchal
534 2017 767 2090 quoque,
800 2028 856 2073 et
876 2019 1235 2090 Dara,rsiniul
1266 2018 1521 2090 quinque.

320 2088 688 2161 FiliiCharmi
716 2108 729 2143 :
759 2090 955 2151 Achar.
978 2089 1071 2161 qui
1102 2090 1336 2144 turbavit
1362 2088 1546 2157 Israel,
1573 2096 1625 2143 et
1658 2104 1846 2161 pecca-

241 2164 323 2215 vit
352 2160 408 2215 in
442 2160 587 2216 l'urto
615 2162 999 2217 anathematis.

320 2232 444 2287 Filii
477 2232 649 2290 Ethan
682 2249 697 2287 :
732 2234 977 2289 Azarias.
1762 2266 1763 2269 η

320 2302 444 2357 Filii
473 2313 653 2375 autem
683 2305 855 2361 Esrou
893 2305 983 2375 qui
1029 2304 1146 2360 nati
1186 2313 1311 2360 sunt
1340 2300 1391 2359 ei
1417 2320 1429 2358 :
1458 2300 1725 2359 Jerameel
1745 2344 1761 2371 ,
1794 2312 1850 2359 et

244 2374 409 2441 Ram,
440 2383 496 2430 et
518 2374 730 2432 Calubi.

320 2447 494 2518 Porro
521 2446 659 2502 Ram
689 2447 876 2518 genuit
900 2446 1230 2504 Aminadab.

323 2517 630 2644 Αιςίπέεὰίιι)
662 2516 841 2575 autem
869 2520 1054 2590 genuit
1080 2520 1347 2588 Naasson,
1372 2517 1678 2590 principem
1707 2516 1846 2575 ﬁlio-

323 2606 368 2641 111
428 2605 459 2644 υ
500 2604 555 2644 3.

244 2605 368 2643 111111
393 2604 555 2645 1111111.

248 2732 290 2786 Β
320 2659 565 2784 ιὲιηδδοη
594 2675 812 2734 quoque
840 2662 1026 2733 genuit
1076 2662 1257 2719 Salma
1278 2702 1294 2730 ,
1324 2660 1395 2717 de
1437 2676 1547 2734 quo
1576 2670 1735 2716 ortus
1763 2669 1847 2717 est

295 2748 328 2786 ο
370 2749 418 2786 z.

295 2746 418 2787 002.

321 2804 466 2858 Βοοι
496 2818 627 2858 vero
652 2804 835 2875 genuit
862 2805 1037 2875 Obed,
1068 2806 1157 2874 qui
1194 2814 1249 2860 et
1276 2805 1391 2875 ipse
1420 2805 1603 2874 genuit
1631 2803 1757 2859 lsai.

325 2875 427 2950 Isai
449 2883 631 2950 autem
673 2877 859 2950 genuit
884 2878 1303 2950 primogenitum
1338 2877 1513 2950 _E_lia_b,
1544 2875 1845 2950 secundum

248 2946 555 3014 Abinadab,
581 2947 795 3002 tertium
822 2946 1040 3014 Saniaa,
1066 2946 1315 3018 quartum
1338 2946 1661 3018 Nathanael,
1690 2947 1848 3016 quin-

250 3028 362 3089 tum
394 3018 622 3088 Raddei,
653 3027 865 3073 sextum
899 3017 1094 3086 Asom,
1126 3019 1415 3089 septimum
1446 3017 1638 3075 David.

320 3088 563 3159 Quorum
595 3106 815 3145 sorores
843 3091 1093 3152 luerunt.
1123 3088 1335 3155 Sa’rvia,
1369 3101 1423 3145 et
1449 3090 1681 3159 Abigail.

324 3158 448 3215 Filii
476 3162 719 3215 Sarvim:
751 3161 959 3226 Abisai,
988 3163 1153 3231 Joab,
1188 3174 1237 3219 et
1269 3163 1452 3225 Asael,
1484 3158 1614 3216 tres.

322 3232 533 3300 Abigail
562 3242 738 3287 autem
772 3217 960 3303 genuit
993 3217 1221 3302 Amasa,
1256 3234 1411 3303 cujus
1442 3217 1603 3303 pater
1634 3231 1733 3287 luit
1756 3232 1843 3289 Jc-
1871 3217 1919 3281 C

251 3302 375 3356 liter
402 3303 714 3359 lsmaelites.

322 3374 528 3428 Chaleh
557 3391 690 3428 vero
732 3376 874 3431 ﬁlius
903 3376 1080 3431 Esron
1132 3376 1345 3445 accepit
1372 3391 1598 3431 uxorem
1629 3378 1849 3433 neruine

250 3446 437 3519 Azuba
459 3485 472 3506 ,
508 3446 577 3519 de
603 3462 706 3519 qua
735 3452 915 3517 genuit
948 3447 1158 3503 Jerioth
1188 3464 1201 3501 :
1237 3447 1563 3519 fueruntque
1592 3449 1689 3504 ﬁlii
1730 3450 1848 3519 ejus

248 3518 425 3580 vaar,
459 3524 514 3570 et
544 3516 747 3581 Sobah,
772 3528 825 3573 et
854 3520 1056 3573 Artlutt.

324 3587 600 3663 Ciumque_
615 3598 828 3663 mortua
858 3591 1050 3645 luisset
1090 3590 1308 3656 Azuba,
1344 3592 1565 3663 accepit
1620 3607 1846 3663 uxorem

248 3658 482 3731 (llraleb,
509 3658 803 3731 bﬂEphrath
836 3679 848 3713 :
878 3676 1001 3731 quae
1033 3663 1241 3731 peperit
1260 3664 1308 3717 ei
1341 3661 1477 3715 llur.

325 3729 496 3802 Porro
530 3729 641 3785 llur
661 3731 847 3795 genuit
879 3729 967 3787 Uri
994 3750 1007 3786 :
1033 3729 1213 3787 iet—llri
1235 3732 1419 3802 genuit
1451 3733 1715 3788 llezelcel.

327 3801 460 3855 Post
508 3802 625 3856 haec
668 3803 942 3871 ingressus
988 3814 1073 3859 est
1118 3801 1293 3859 Esron
1334 3805 1398 3857 ad
1441 3805 1603 3858 liliam
1646 3806 1849 3861 Machir

251 3872 423 3939 patris
448 3870 688 3937 Galaad,
732 3870 783 3928 et
815 3874 1025 3943 accepit
1066 3892 1183 3929 eam
1217 3891 1341 3929 eum
1384 3885 1531 3930 esset
1579 3893 1846 3933 annorum

253 3945 533 4010 sexaginta
561 3962 572 3995 :
604 3960 725 4015 qua:
754 3949 966 4015 peperit
993 3949 1039 4000 ei
1072 3946 1274 4015 Segub.

329 4015 436 4069 Sed
474 4024 530 4069 et
557 4018 735 4083 Segub
760 4018 945 4085 genuit
982 4018 1119 4085 Jair,
1149 4028 1204 4071 et
1233 4016 1471 4085 possedit
1516 4017 1703 4086 viginti
1738 4028 1849 4075 tres

251 4087 502 4141 civitates
528 4088 581 4140 iu
617 4095 756 4142 terra
787 4090 1007 4143 Galaad.
1035 4088 1297 4156 Cepitque
1319 4088 1545 4153 Cessur,
1574 4101 1623 4143 et
1661 4096 1845 4158 Aram,

252 4158 451 4225 Oppida
479 4158 613 4229 Jair,
646 4170 697 4213 et
728 4158 935 4213 Canaih
958 4206 970 4225 ,
1002 4172 1055 4214 et
1083 4159 1288 4214 viculos
1314 4160 1432 4228 ejus
1462 4163 1739 4229 sexaginta
1773 4165 1849 4218 ci-

256 4228 503 4299 vitatum.
530 4228 731 4285 Omnes
760 4232 870 4299 isti,
898 4232 991 4285 lilii
1019 4231 1222 4285 lliachir
1251 4231 1417 4299 patris
1443 4228 1667 4287 Galaad.

329 4298 463 4375 cum
497 4312 679 4375 autem
724 4298 973 4357 mortuus
1024 4311 1171 4358 esset
1216 4298 1412 4369 E’sron,
1462 4307 1737 4375 ingressus
1766 4314 1854 4363 est

254 4370 462 4426 Chaleb
492 4373 557 4426 ad
587 4372 845 4442 Ephrata.

334 4442 528 4497 llabuit
551 4458 763 4520 quoque
790 4446 961 4499 lisron
988 4460 1209 4501 uxorem
1234 4445 1390 4518 Abia,
1424 4462 1542 4517 qua:
1568 4449 1780 4520 peperit
1800 4450 1850 4505 ei

258 4514 433 4568 Assur
462 4514 685 4583 patrem
702 4516 937 4571 Thecue.

333 4584 454 4639 Nati
486 4597 609 4640 sunt
637 4598 820 4642 autem
844 4588 939 4642 lilii
970 4587 1239 4644 Jerameel
1269 4588 1617 4658 primogeniti
1654 4591 1845 4658 Esron,

261 4654 410 4781 tam
428 4659 817 4739 primogenitus
846 4660 988 4730 ejus,
1008 4670 1062 4715 et
1082 4661 1251 4726 Buna,
1269 4654 1339 4714 'et
1359 4654 1547 4727 Aram,
1574 4672 1629 4716 et
1656 4654 1845 4731 Asom,

261 4739 317 4781 ct
413 4743 507 4781 ua.

260 4739 317 4782 ct
344 4727 507 4782 Ahia.

336 4799 502 4854 Duxit
527 4815 744 4873 quoque
773 4816 997 4858 uxorem
1041 4801 1265 4857 alteram
1296 4800 1598 4873 Jeramecl,
1631 4804 1851 4863 nomine

255 4868 448 4935 Atara,
476 4868 592 4939 qua:
617 4868 715 4928 fuit
744 4883 917 4928 mater
937 4875 1135 4928 Onam.

330 4940 440 4996 Sed
489 4942 677 5017 et_ﬁlii
719 4944 1247 5017 Itainprimogeniti
1290 4946 1590 5017 Jerameel,
1638 4947 1853 5013 luerunt

258 5011 435 5082 Meos,
464 5025 517 5067 et
544 5013 743 5083 lamin,
775 5025 830 5070 et
858 5011 1056 5071 Achar.

332 5083 505 5141 Onam
529 5095 709 5144 autem
740 5086 928 5145 habuit
954 5086 1114 5158 ﬁlios,
1145 5090 1329 5147 Semei
1348 5135 1361 5161 ,
1394 5100 1449 5148 et
1478 5090 1633 5147 Jada.

333 5239 361 5266 α
398 5226 562 5283 Notat
588 5225 759 5283 falsus
791 5227 1185 5299 Hieronymus,
1236 5235 1427 5284 auctor
1472 5228 1845 5297 Qumstionum

261 5299 653 5356 llebraicarum
682 5300 735 5370 in
767 5299 959 5355 librum
992 5301 1223 5369 primum
1251 5300 1723 5370 Paralipomenon,
1752 5318 1848 5356 no-

259 5388 387 5426 men
418 5370 561 5426 istud
592 5371 645 5427 in
665 5369 865 5426 Genesi
888 5370 1066 5439 Phau,
1098 5372 1151 5425 in
1183 5370 1636 5440 Paralipomenon
1667 5385 1846 5427 autem

260 5442 426 5497 scribi
452 5440 610 5495 Phai.
632 5442 788 5510 Quod
812 5457 1001 5497 verum
1027 5456 1149 5498 esse
1168 5442 1552 5512 comprobatur
1596 5460 1661 5498 ex
1710 5446 1850 5499 illas--

260 5513 555 5569 sorethicis
584 5514 986 5583 exemplaribus
1016 5530 1029 5566 :
1064 5529 1184 5567 nam
1230 5514 1430 5569 Genes.
1478 5531 1638 5568 xxxvi
1664 5556 1677 5577 ,
1730 5516 1800 5571 29
1830 5558 1845 5582 ,

259 5584 522 5653 scriptum
555 5582 781 5653 legimus
817 5592 916 5649 WB
956 5582 1143 5649 Phan;
1178 5585 1264 5639 hic
1293 5601 1422 5640 vero
1460 5593 1559 5650 ’πε
1596 5585 1749 5640 Plini.
1783 5590 1853 5641 At

261 5673 423 5711 verus
448 5656 810 5726 Hieronymus
853 5656 1140 5725 utrubique
1169 5656 1379 5723 legebat
1412 5658 1463 5710 in
1495 5658 1607 5711 suis
1662 5675 1851 5712 exem-

262 5727 509 5795 plaribus
538 5728 779 5782 Hebraeis
819 5735 918 5789 ηιξ)
962 5726 1135 5794 l’hnu,
1166 5729 1281 5781 sive
1312 5727 1495 5795 Pliou,
1520 5744 1643 5782 cum
1676 5746 1764 5781 me
1796 5730 1848 5783 in

266 5800 406 5865 line,
435 5806 491 5854 et
526 5816 559 5851 a
595 5800 715 5863 ain,
763 5810 818 5852 ut
851 5816 880 5852 ο
912 5798 995 5853 vel
1045 5798 1079 5851 ά
1130 5800 1373 5854 vocalem
1433 5800 1687 5854 litteram.
1749 5802 1852 5867 Qui

264 5868 419 5940 plura
471 5869 615 5927 scire
655 5868 894 5928 voluerit
946 5872 1014 5929 de
1058 5870 1391 5929 variantibus
1430 5871 1752 5929 lectionibus
1799 5872 1852 5928 in

1960 515 2147 640 ἴῖοίῖγᾶε
2178 514 2401 584 Abisnr,
2434 516 2609 572 Abiail
2631 560 2646 587 ,
2684 532 2806 588 quae
2845 519 3059 591 peperit
3088 518 3138 575 ei
3170 517 3470 586 Ahobban,
3499 531 3556 576 et

2072 604 2081 638 I
2131 626 2144 640 ο

2014 602 2144 640 0110.

2033 656 2156 712 Filii
2204 666 2383 715 autem
2425 659 2608 733 Nadab
2636 659 2887 726 fuerunt,
2935 661 3120 729 Saled,
3167 669 3223 717 et
3260 661 3550 733 Apphaim.

1958 728 2203 803 Mortuus
2230 742 2315 787 est
2344 742 2521 786 autem
2552 732 2734 793 Saled.
2762 734 2971 803 absque
3001 728 3209 788 liberis.

2032 800 2202 876 Filius
2229 817 2359 858 vero
2384 804 2669 872 Apphaim,
2702 804 2811 861 Jesi
2840 823 2850 858 :
2884 800 2975 876 qui
3006 804 3120 861 Jesi
3144 805 3330 875 genuit
3356 805 3548 862 Sesan.

1960 871 2327 945 PogroScsan
2355 871 2541 945 genuit
2568 876 2751 931 Oboli.

2032 942 2154 998 Filii
2192 942 2378 1001 autem
2412 947 2541 1001 Jada
2582 946 2764 1002 fratris
2808 946 2985 1003 Semei
3018 964 3033 1001 :
3068 946 3276 1010 Jether,
3306 957 3363 1003 et
3389 947 3557 1003 Jona-

1960 1013 2111 1089 tban.
2146 1017 2250 1072 Sed
2283 1027 2339 1072 et
2363 1018 2550 1073 Jether
2580 1028 2823 1074 mortuus
2848 1031 2931 1074 est
2960 1021 3163 1089 absque
3197 1020 3402 1075 liberis.

2032 1087 2203 1162 Porro
2232 1090 2506 1162 J_onatlian
2535 1091 2721 1162 genuit
2752 1089 3001 1158 Phaleth,
3042 1087 3096 1145 et
3130 1089 3276 1144 Ziza.
3312 1090 3407 1147 lsti
3438 1092 3555 1147 lue-

1958 1167 2086 1215 runt
2119 1161 2211 1214 lilii
2243 1160 2532 1217 Jerameel.

2032 1234 2202 1287 Sesan
2230 1242 2410 1287 autem
2433 1249 2541 1289 non
2561 1231 2747 1288 habuit
2769 1233 2931 1301 ﬁlios,
2950 1232 3048 1290 sed
3071 1232 3234 1301 ﬁlias,
3252 1241 3309 1289 et
3328 1247 3548 1289 servum

1958 1300 2276 1375 Egyptium
2308 1306 2529 1361 nomine
2557 1304 2739 1361 Jeraa.

1956 1375 2295 1500 E"Iaetlitque
2321 1377 2372 1431 ei
2413 1376 2577 1432 ﬁliam
2617 1392 2771 1432 suam
2801 1391 3024 1434 uxorem
3054 1394 3067 1430 :
3096 1391 3217 1447 qua:
3255 1376 3468 1448 peperit
3500 1376 3553 1433 ei

2091 1463 2162 1500 ΘΙ.
2887 1483 2896 1493 .

2008 1454 2162 1500 tthei.
2887 1483 2896 1493 -

1957 1516 2209 1644 Zallittsiei
2252 1526 2432 1574 autem
2488 1520 2673 1591 genuit
2718 1518 2957 1587 Nathan,
3007 1528 3063 1576 et
3110 1517 3323 1575 Nathan
3364 1519 3555 1590 genuit

2056 1605 2101 1643 la
2149 1628 2163 1643 .

2002 1603 2163 1645 anau.

2026 1660 2209 1733 Zabad
2228 1675 2439 1729 quoque
2452 1661 2635 1733 genuit
2649 1661 2863 1733 Ophlal,
2879 1672 2930 1719 et
2950 1662 3145 1733 Ophlal
3162 1661 3543 1733 genuitObed:

2025 1731 2174 1787 Obcd
2202 1734 2387 1803 genuit
2406 1731 2525 1801 .leu,
2562 1734 2661 1789 Jeu
2686 1731 2875 1803 genuit
2898 1731 3169 1799 Aza'riam,

1876 1835 1926 1897 Β
2027 1805 2245 1897 Marias
2268 1806 2690 1897 genpi‘tdlelles,
2706 1807 2905 1897 (llelles
2926 1808 3123 1888 genuit
3134 1804 3328 1897 placiti,

2028 1875 2183 1933 Elasa
2212 1877 2399 1943 genuit
2419 1875 2678 1944 Sisamoi,
2706 1874 3154 1946 Sisamoi'genuit
3181 1874 3416 1939 Selium.

1953 1946 2232 2073 El.Sellum
2280 1948 2471 2017 genuit
2538 1948 2827 2016 lcamiam,
2874 1948 3073 2003 lcamia
3124 1955 3306 2003 autem
3361 1947 3553 2019 genuit

2025 2033 2213 2072 rsama.

2025 2033 2213 2072 rsama.

2022 2090 2144 2144 Filii
2178 2100 2361 2145 autem
2391 2088 2595 2143 Chalcb
2628 2089 2808 2145 lratris
2834 2089 3099 2145 Jerameel
3132 2106 3144 2142 :
3181 2088 3327 2143 Mosa
3350 2092 3551 2159 primo-

1950 2161 2173 2225 genitus
2204 2163 2341 2229 ejus,
2370 2160 2485 2231 ipse
2512 2172 2597 2217 est
2620 2172 2773 2231 pater
2810 2161 2973 2233 Ziph,
3004 2170 3062 2217 et
3089 2160 3183 2215 ﬁlii
3212 2160 3421 2217 Maresa
3460 2178 3555 2233 pa-

1952 2232 2051 2286 tris
2078 2231 2317 2286 llebrnn.

1952 2232 2051 2287 tris
2078 2232 2317 2287 llebrnn.

2024 2304 2193 2430 [gerro
2226 2304 2323 2359 lilii
2344 2303 2589 2372 llehron,
2618 2303 2782 2373 Core,
2812 2314 2867 2360 et
2886 2302 3214 2376 Thaphphu,
3238 2312 3294 2359 et
3322 2303 3549 2373 Recem,

2072 2390 2269 2430 amma.

1951 2381 2009 2430 et
2032 2381 2269 2431 Samma.

2024 2448 2237 2501 Samma
2270 2456 2449 2519 autem
2482 2446 2666 2519 genuit
2695 2445 2927 2516 Rabam,
2954 2458 3164 2519 patrem
3186 2445 3457 2516 Jercaam,
3500 2457 3559 2504 et

1949 2517 2149 2573 Recem
2180 2519 2366 2587 genuit
2395 2516 2659 2582 Sammai.

2025 2589 2197 2643 Filius
2228 2590 2486 2656 Sammai,
2519 2590 2678 2644 Maon
2711 2608 2722 2643 :
2756 2598 2810 2646 et
2839 2589 2991 2643 Maon
3019 2599 3171 2659 pater
3202 2588 3457 2645 Betbsur.

2024 2662 2173 2729 Epha
2222 2671 2403 2716 autem
2446 2660 2751 2717 concubina
2796 2660 3004 2717 Chaleb
3033 2662 3243 2732 peperit
3283 2660 3453 2729 Arari,
3498 2670 3554 2718 et

1949 2731 2121 2799 Musa,
2152 2740 2207 2787 et
2234 2732 2430 2787 Gczez.

2023 2804 2193 2859 Porro
2216 2804 2361 2858 Aran
2387 2804 2575 2872 genuit
2602 2802 2800 2859 Gezez.

2022 2876 2142 2930 Filii
2174 2874 2350 2940 Jadai,
2376 2875 2606 2943 Regom,
2640 2884 2695 2930 et
2719 2873 2975 2943 Joathan,
3004 2884 3058 2932 et
3084 2874 3291 2942 Gesan,
3323 2884 3377 2931 et
3407 2878 3550 2935 Pha-

1948 2947 2045 3009 lct,
2078 2954 2133 3001 ct
2162 2946 2334 3015 Epita,
2366 2959 2417 3001 et
2446 2947 2647 3015 Saaph.

2021 3016 2333 3074 (Ioncubina
2358 3016 2564 3074 Chaleb
2592 3016 2835 3087 Maacha,
2870 3019 3083 3090 peperit
3100 3018 3292 3086 Saber,
3321 3028 3377 3076 et
3402 3022 3550 3076 Tha-

1947 3106 2103 3145 rana.

2023 3160 2222 3235 Genuit
2250 3170 2429 3216 autem
2463 3162 2639 3235 Saaph
2665 3170 2823 3235 pater
2862 3160 3169 3230 Madmena,
3199 3162 3308 3219 Sue
3336 3174 3548 3235 patrem

1953 3232 2272 3299 Machbena,
2301 3242 2356 3289 et
2378 3243 2584 3300 patrem
2605 3234 2807 3288 Gabaa.
3234 3256 3243 3263 ~
3338 3232 3355 3235 '
3502 3276 3505 3277 ν

2026 3303 2162 3358 Filia
2192 3320 2322 3360 vero
2345 3304 2570 3367 Chaleb,
2600 3306 2695 3359 luit
2717 3305 2916 3359 Aio-bsa.
2938 3305 3003 3360 111
3025 3306 3293 3361 crantﬁlii
3316 3305 3543 3371 Chaleb,

1953 3375 2051 3430 lilii
2085 3375 2193 3429 llur
2236 3374 2573 3444 primogeniti
2607 3375 2870 3445 Ephrata,
2907 3377 3065 3431 Sobal
3101 3388 3255 3444 pater
3292 3376 3546 3433 Cariath-

1949 3447 2144 3574 gnam,
2178 3447 2360 3503 Salma
2395 3456 2549 3518 pater
2575 3446 2928 3514 Beth—Leem,
2960 3447 3166 3519 llariph
3198 3459 3353 3518 pater
3379 3450 3545 3503 Beth-

2000 3535 2026 3571 a
2072 3534 2153 3573 er.

2000 3534 2153 3573 auer.

2026 3589 2269 3643 Fuerunt
2314 3596 2491 3643 autem
2541 3589 2632 3643 lilii
2685 3589 2850 3644 Sohal
2894 3591 3063 3658 patris
3106 3588 3549 3658 Curiatii-larim,

1951 3677 2041 3732 qur
2074 3660 2288 3715 videbat
2318 3659 2596 3732 dimidium
2629 3662 3052 3729 requietionum.

2030 3734 2094 3785 tit
2122 3733 2191 3787 de
2216 3731 2537 3799 cognatione
2558 3730 2993 3795 Cariath-Jarini,
3023 3732 3255 3800 Jetbrei,
3281 3742 3333 3787 et
3356 3731 3546 3801 Aphu-

1954 3803 2087 3869 thei,
2138 3812 2192 3857 et
2240 3802 2536 3866 Semathei,
2568 3814 2621 3857 et
2651 3803 2900 3859 Maserei.
2942 3808 3020 3859 Ex
3070 3803 3156 3859 his
3184 3806 3389 3874 egressi
3418 3814 3546 3859 sunt

1953 3874 2201 3941 Saraitae,
2236 3884 2291 3927 et
2320 3874 2654 3929 Esthaolitze.

2026 3946 2144 3999 Filii
2177 3946 2379 4009 Salma,
2422 3944 2775 4009 Belli-Leem,
2833 3953 2888 4000 et
2912 3945 3260 4014 NCleIthl,
3311 3944 3543 4002 Corona:

1951 4015 2146 4073 domus
2172 4017 2330 4082 Joab,
2370 4027 2425 4071 et
2454 4016 2735 4071 dimidium
2769 4018 3121 4083 requietionis
3148 4018 3324 4073 Sarai.

2026 4090 2387 4156 Cogitationes
2446 4104 2661 4157 quoque
2719 4090 3018 4143 scribarum
3082 4090 3433 4143 habitantium
3489 4090 3540 4141 in

1953 4158 2135 4217 Jabes.
2154 4160 2427 4213 Canentes
2449 4168 2611 4229 atque
2640 4162 2999 4223 ltesonautes,
3020 4170 3074 4213 et
3102 4161 3152 4213 in
3181 4159 3544 4214 tabernaculis

1953 4240 2377 4286 conimorantes.
2412 4231 2473 4284 lli
2503 4232 2837 4296 suutCinmi,
2861 4232 2951 4298 qui
2974 4241 3237 4285 venerunt
3258 4232 3324 4285 de
3346 4230 3545 4285 Colore

1954 4304 2121 4372 patris
2152 4303 2342 4356 donius
2372 4301 2610 4357 Rechab.

2029 4374 2179 4447 |Cap.
2214 4372 2328 4447 ill.]
2354 4373 2521 4426 David
2548 4388 2672 4427 vero
2707 4374 2805 4447 hos
2834 4370 3019 4425 habuit
3051 4372 3214 4437 ﬁlios,
3239 4372 3331 4447 qui
3360 4372 3408 4447 ei
3434 4373 3545 4426 nati

1954 4442 2083 4498 sunt
2124 4442 2175 4498 in
2212 4442 2448 4507 llebron,
2480 4442 2899 4513 primogenitum
2932 4447 3141 4496 Amnon
3176 4459 3242 4497 ex
3274 4443 3543 4497 Aliinaam

1954 4514 2321 4577 Jrzraelitide,
2340 4515 2635 4568 secundum
2658 4513 2842 4568 Daniel
2861 4513 2928 4567 de
2945 4512 3153 4583 Abigail
3174 4514 3544 4578 Cartiielitide,

1957 4590 2175 4640 tertium
2202 4585 2439 4639 Absalon
2487 4586 2657 4638 lilium
2702 4584 2924 4639 Maacha
2951 4584 3076 4638 lilia:
3114 4584 3360 4638 Thnlmai
3403 4586 3547 4651 regis

1960 4656 2183 4718 Gessur.
2213 4664 2464 4727 quartum
2514 4656 2779 4711 Adoniam
2830 4657 2995 4710 ﬁlium
3042 4656 3260 4725 Aggith,
3292 4656 3543 4724 quintum

1957 4728 2271 4799 Saphatiam
2319 4742 2388 4783 ex
2438 4727 2651 4794 Abital,
2709 4739 2923 4784 sextum
2970 4728 3251 4785 Jethraam
3290 4730 3357 4784 de
3408 4728 3541 4797 Egla

1954 4823 1987 4863 ll
2000 4824 2129 4863 xore
2158 4822 2277 4861 sua.

2024 4880 2131 4935 Sex
2162 4870 2289 4947 «rgo
2333 4876 2442 4931 nati
2485 4883 2614 4931 sunt
2651 4873 2700 4930 ei
2759 4874 2812 4947 in
2868 4872 3107 4943 Hebron,
3167 4870 3257 4927 ubi
3303 4872 3549 4943 regnavit

1954 4961 2161 5021 septem
2191 4946 2369 5013 annis,
2402 4957 2457 5002 et
2483 4961 2579 5001 sex
2616 4946 2917 5021 mensibus.

2029 5014 2271 5093 Triginta
2297 5030 2476 5076 autem
2507 5028 2562 5074 et
2591 5018 2765 5073 tribus
2790 5015 2946 5072 annis
2975 5016 3219 5087 regnavit
3244 5014 3296 5070 in
3326 5014 3546 5071 Jerusa-

1953 5094 2083 5150 lem.

1953 5229 2265 5284 nominibus
2296 5226 2547 5298 propriis,
2580 5223 2831 5279 consulat
2859 5221 3197 5298 Quaestiuncs
3225 5220 3334 5298 jam
3372 5221 3548 5298 dictas

1953 5301 2072 5356 falsi
2102 5294 2433 5370 llicron'ymi,
2467 5298 2817 5370 quiililigens
2867 5294 3074 5349 exstitit
3126 5296 3181 5348 in
3231 5294 3543 5364 hujusmodi

1952 5374 2115 5429 rebus
2144 5368 2512 5427 observandis.
2546 5368 2723 5423 Manr.

2027 5443 2054 5481 ι’
2086 5443 2266 5497 Canon
2313 5440 2760 5496 Carcassonensis
2808 5437 2971 5492 habet
3026 5436 3285 5508 Ephrem.
3342 5436 3542 5492 Cteteri

1957 5530 2087 5571 mss.
2121 5514 2335 5570 codices
2364 5514 2546 5582 legunt
2576 5510 2810 5579 Epliralh
2838 5511 2987 5577 juxta
3016 5512 3295 5582 llebrzeum
3320 5509 3541 5582 hodier-

1957 5603 2085 5642 num
2116 5605 2124 5638 :
2176 5586 2262 5639 hic
2303 5579 2443 5639 enin]
2474 5585 2735 5650 scriptum
2771 5593 2845 5634 est
2894 5589 3077 5646 n'izx,
3112 5579 3347 5645 ΕρΙινιιιΙι
3370 5621 3382 5643 ,
3418 5580 3544 5632 licet

1959 5660 2094 5712 inira
2120 5674 2171 5709 v.
2206 5656 2275 5709 ‘24
2310 5658 2517 5725 legatur
2544 5662 2761 5716 ΓΠἚΝ,
2798 5652 3091 5725 Ephratlm,
3128 5663 3307 5725 cum;
3330 5651 3379 5715 in
3401 5650 3540 5725 line;

1962 5731 2049 5783 tibi
2083 5730 2242 5782 etiam
2276 5721 2407 5781 mss.
2442 5726 2616 5779 Latini
2650 5727 2877 5778 retinent
2910 5724 3203 5789 [inluni/ia.
3236 5721 3288 5774 ld
3312 5737 3415 5773 non
3448 5721 3544 5773 ad-

1961 5802 2121 5856 vertit
2173 5800 2335 5852 lalsus
2379 5799 2734 5866 llzcronymus
2768 5797 2821 5849 in
2864 5791 3409 5866 suisQuwSIiOtiibus
3440 5791 3545 5847 lle-

1965 5872 2158 5929 braicis
2186 5872 2235 5927 in
2268 5870 2436 5928 libros
2477 5864 2945 5939 Paralipomenon.
2975 5864 3152 5921 Mam.
