4112 6354
389 240 531 298 1533

1745 239 1977 298 verum
2015 210 2309 299 DIERUM.

3544 246 3686 305 I334

386 357 576 423 natim,
602 356 655 412 in
681 354 869 413 diebus
893 355 1140 413 Ezechiae
1160 356 1306 428 regis
1329 351 1488 426 Juda,
1514 365 1566 411 et
1592 366 1978 425 percusserunt
2006 357 2060 419 Α
2156 356 2436 411 Vulneratl
2468 363 2650 415 autem
2682 356 2838 414 multi
2866 364 3192 416 corruerunt
3223 375 3236 414 :
3271 360 3373 416 fuit
3398 362 3542 418 enim
3570 363 3689 421 bel-

386 430 722 485 taberttacula
753 444 962 492 eorum,
992 440 1043 483 et
1068 429 1401 485 habitatores
1423 429 1512 498 qui
1536 429 1741 483 inventi
1765 428 1979 484 fuerant

384 501 483 567 ibi,
513 512 564 555 et
595 501 915 556 deleverunt
935 516 1028 555 eos
1054 516 1223 569 usque
1245 503 1296 555 in
1324 508 1645 569 praisentem
1673 500 1816 555 diem
1845 518 1855 553 :
1883 498 1979 554 lta-

384 572 803 641 bitaveruntqtte
844 586 939 639 pro
977 573 1089 640 eis,
1130 572 1390 643 quoniam
1427 572 1731 628 uberrimas
1776 572 1977 627 ibidem

380 658 615 713 paSCUaS
642 654 982 713 repererunt.
1486 666 1493 675 ‘
1974 688 1975 691 η

452 716 529 770 De
560 715 685 770 ﬁliis
714 730 929 784 quoque
967 715 1185 771 Simeon
1216 715 1465 770 abierunt
1496 714 1549 768 itt
1583 723 1822 770 montem
1854 715 1979 771 Seir

377 786 476 839 viri
508 787 808 857 quingenti,
841 786 1105 843 habentes
1149 788 1419 857 principes
1462 787 1727 841 Phaltiam
1758 797 1811 841 et
1840 789 1977 842 Naa-

376 858 513 912 riam
565 869 620 913 et
664 859 959 927 Itapltaiam
990 869 1041 912 et
1072 858 1218 915 Oziel
1252 860 1390 914 ﬁlios
1426 858 1538 914 Jesi
1567 877 1581 913 :
1612 867 1668 914 et
1696 874 1978 928 percusse-

375 939 501 985 runt
539 930 817 999 reliquias,
858 946 978 1000 qua:
1020 932 1251 986 evadere
1294 940 1604 999 potueram,
1649 931 1974 986 Amalecita-

370 1016 494 1126 {om
521 1040 538 1067 ,
586 1010 642 1058 et
685 1000 1065 1069 habitaverunt
1114 1003 1185 1057 ibi
1242 1017 1341 1073 pro
1389 1002 1469 1056 eis
1511 1016 1680 1071 usque
1725 1003 1791 1057 ad
1828 1003 1975 1058 diem

389 1087 532 1126 iane.

389 1087 532 1127 iane.

440 1143 597 1216 [Cap.
634 1142 723 1216 V.]
764 1144 883 1199 Filii
929 1158 1142 1215 quoque
1184 1143 1372 1199 Ruben
1415 1142 1765 1214 primogeniti
1808 1144 1972 1201 Israel

370 1214 515 1284 (ipse
539 1214 740 1287 quippe
768 1217 869 1273 fuit
891 1214 1283 1286 primOgenItus
1311 1217 1429 1286 ejus
1459 1232 1474 1273 :
1505 1216 1602 1270 sed
1628 1231 1747 1270 euut
1774 1217 1974 1271 violasa

367 1296 453 1358 set
476 1287 689 1342 tltorum
712 1288 882 1358 patris
901 1287 1146 1353 sui,data
1169 1298 1294 1343 sunt
1319 1288 1677 1357 primogenita
1702 1287 1820 1357 ejus
1847 1287 1972 1344 ﬁliis

366 1356 569 1440 Josepli
601 1356 914 1430 ﬁlii'lsrael,
944 1370 1000 1415 et
1030 1374 1136 1414 non
1163 1369 1248 1414 est
1274 1360 1369 1415 ille
1394 1367 1674 1429 reputatus
1697 1356 1749 1414 in
1776 1359 1974 1430 primo-

366 1440 630 1499 genitum.

438 1502 608 1557 Porro
629 1501 817 1571 Judas,
834 1501 924 1571 qui
945 1510 1061 1558 erat
1083 1500 1413 1557 fortissimus
1436 1502 1578 1559 inter
1600 1500 1801 1558 fratres
1817 1515 1968 1569 suos,

365 1570 437 1626 de
464 1572 636 1642 stirpe
663 1574 781 1643 ejtts
806 1570 1082 1646 principes
1102 1573 1392 1646 germinati
1415 1584 1546 1631 sunt
1571 1595 1582 1629 ;
1610 1574 1970 1646 primogenita

366 1653 546 1715 autem
573 1655 819 1715 reputata
851 1655 977 1700 sunt
1005 1644 1257 1713 Ioseph).

434 1713 556 1770 Filii
591 1713 722 1787 ergo
760 1717 952 1773 Ruben
1003 1716 1348 1787 primogeniti
1390 1716 1555 1774 Israel
1604 1734 1617 1771 :
1663 1715 1872 1785 Enoch,
1914 1723 1971 1772 et

366 1784 581 1851 Phalln,
619 1784 813 1853 Esron,
841 1798 897 1845 et
925 1787 1167 1843 Charini.

442 1856 563 1930 Filii
590 1857 707 1915 .loel
741 1877 754 1913 :
787 1859 1001 1916 Samaia
1030 1859 1175 1914 ﬁlius
1204 1859 1346 1928 ejus,
1380 1859 1519 1924 Gt'g,
1544 1859 1688 1914 ﬁlius
1710 1859 1850 1930 ejus,
1873 1858 1972 1916 Se-

364 1929 470 2002 mei
508 1930 653 2002 ﬁlius
697 1931 839 2000 ejus,
882 1930 1053 1986 Micha
1101 1930 1242 2002 ﬁlius
1278 1932 1419 1999 ejus,
1451 1930 1613 1985 Reeia
1658 1931 1799 1985 ﬁlius
1824 1931 1965 2002 ejus,

364 1999 492 2073 litat
540 2001 684 2056 ﬁlius
722 1998 863 2072 ejus,
914 2003 1083 2057 Beera
1128 2001 1269 2056 ﬁlius
1310 1998 1448 2073 ejus,
1490 2016 1652 2072 quem
1696 1998 1968 2071 captivum

364 2071 518 2129 duxit
564 2081 591 2111 ι
643 2071 1164 2145 Tlteglatphalnasar
1211 2089 1303 2130 rex
1341 2071 1697 2145 Assyriorum
1724 2114 1738 2138 ,
1780 2083 1834 2129 et
1870 2074 1970 2131 fuit

368 2145 620 2215 princeps
653 2146 704 2199 in
737 2146 875 2199 tribu
905 2145 1116 2200 Ruben.

438 2215 660 2270 Fratres
715 2225 893 2271 autem
942 2217 1081 2286 ejus,
1135 2216 1493 2287 etrttniversa
1534 2215 1785 2286 cognatio
1826 2216 1966 2287 ejus,

365 2288 583 2354 quando
616 2290 1042 2343 numerabantur
1078 2304 1174 2357 per
1201 2286 1433 2343 familias
1468 2302 1628 2355 suas,
1665 2286 1973 2344 habuerunt

369 2358 663 2427 principes,
692 2361 827 2414 .Ieiel
857 2372 909 2414 et
939 2360 1278 2414 Zachariam.

438 2429 608 2484 Porro
633 2432 761 2485 Bala
793 2432 934 2485 ﬁlius
967 2437 1131 2496 Azaz,
1168 2430 1260 2484 ﬁlii
1291 2430 1527 2488 Samma.
1562 2429 1655 2483 ﬁlii
1684 2430 1827 2497 Joel,
1855 2429 1972 2501 ipse

370 2498 630 2573 habitavit
658 2504 709 2557 in
742 2506 913 2557 Aroer
940 2517 1112 2573 usque
1142 2502 1207 2555 ad
1236 2501 1388 2556 Nebo
1418 2512 1475 2556 et
1506 2501 1787 2573 Beelmon.

439 2570 638 2629 Contra
691 2570 1269 2643 orientalem'quoqne
1307 2573 1517 2642 plagam
1577 2572 1843 2627 habitavit
1873 2587 1967 2628 us-

367 2658 474 2711 que
513 2645 578 2699 ad
613 2646 1120 2717 introitttm’eremi,
1153 2654 1207 2700 et
1234 2644 1432 2698 ﬁumen
1467 2643 1801 2717 Euphraten.
1832 2644 1969 2717 Mul-

370 2725 480 2770 ttun
535 2715 737 2786 quippe
779 2718 1152 2787 jumentorum
1210 2731 1495 2771 numerum
1551 2714 1862 2787 possidebat
1913 2716 1967 2772 itt

372 2794 514 2842 terra
549 2787 775 2843 Galaad.

440 2859 495 2930 In
521 2858 716 2915 diebus
744 2868 924 2915 autem
945 2859 1075 2915 Saul
1104 2859 1332 2930 przeliati
1358 2866 1485 2913 sunt
1508 2867 1697 2914 centra
1727 2860 1969 2929 Agareos

368 2928 479 3002 [ΑΙ.
512 2932 835 3004 Agarenos],
866 2940 923 2987 et
951 2928 1346 3004 interfecerunt
1373 2931 1515 2997 illos,
1552 2928 1970 3004 habitaverunt-

370 3018 476 3069 que
520 3018 618 3072 pro
667 3005 746 3060 eis
783 3002 835 3057 iii
874 3002 1237 3059 tabernaculis
1284 3019 1498 3072 eorum,
1549 3002 1603 3056 in
1633 3004 1779 3057 omni
1812 3002 1968 3073 plaga

367 3088 488 3143 qum
518 3075 741 3144 respicit
769 3074 836 3129 ad
864 3076 1127 3130 orientem
1157 3073 1383 3129 Galaad.

1998 1752 2046 1815 Β

2084 428 2194 484 lum
2226 429 2464 483 Domini.

2155 500 2661 575 Habitaveruntque
2699 518 2803 574 pro
2833 502 2915 559 eis
2956 514 3127 574 usque
3157 502 3222 560 ad
3257 505 3688 577 transmigratio-

2082 587 2229 628 nem.

2153 644 2277 699 Filii
2323 660 2538 718 quoque
2587 644 2828 701 dimidia:
2858 646 2996 701 tribu
3021 646 3290 713 Manasse,
3320 647 3679 717 possederunt

2082 723 2278 771 terram
2317 734 2344 772 a
2392 718 2585 772 ﬁnibus
2630 718 2801 772 Basan
2832 732 3000 786 ttSque
3033 718 3177 785 Daal,
3214 720 3471 782 llermon,
3502 732 3552 775 et
3584 722 3680 774 Sa-

2080 788 2194 853 nir,
2242 799 2296 845 et
2341 797 2581 845 montem
2620 790 2857 845 llermon
2886 833 2900 858 ,
2946 790 3137 861 ingens
3178 793 3378 862 quippe
3426 798 3685 848 numerus

2084 870 2221 913 erat.

2154 930 2221 1003 Et
2249 932 2299 985 Iti
2330 930 2546 987 fuerunt
2572 932 2851 1003 rrineipes
2883 930 3077 987 donius
3102 934 3443 1003 cognationis
3467 949 3678 1002 eorum,

2078 999 2280 1072 Epher,
2327 1014 2380 1058 et
2423 999 2657 1067 Jesi.'et
2698 999 2863 1070 El'iel,
2907 1012 2965 1058 et
3006 999 3205 1072 Ezriel,
3248 1016 3301 1059 et
3330 1005 3588 1070 Jeremia,
3622 999 3679 1061 et

2076 1071 2266 1139 Odoia,
2296 1084 2348 1130 et
2373 1075 2547 1130 Jediel
2567 1075 2713 1138 ,.viri
2742 1074 3024 1130 fortissimi
3054 1085 3108 1130 et
3131 1083 3399 1145 potentes,
3428 1088 3480 1131 et
3504 1079 3679 1133 nomi-

2081 1145 2193 1200 nati
2221 1148 2385 1201 duces
2419 1148 2470 1201 in
2503 1147 2717 1201 familiis
2744 1146 2877 1199 suis.

2149 1216 2507 1288 Reliquerunt
2541 1228 2721 1273 autem
2760 1216 2931 1272 Deum
2970 1226 3182 1287 patrum
3213 1231 3456 1287 sitorum,
3483 1229 3536 1274 et
3568 1220 3678 1275 foro

2074 1286 2240 1362 nicati
2268 1286 2393 1344 sunt
2425 1301 2548 1360 post
2567 1290 2701 1346 deos
2730 1288 3055 1362 populorum
3088 1295 3267 1358 terrae,
3292 1304 3429 1361 quos
3444 1286 3676 1347 abstulit

2077 1359 2220 1414 Deus
2247 1359 2434 1415 coram
2460 1362 2559 1416 eis.

2156 1431 2225 1485 Et
2267 1434 2548 1488 suscitavit
2592 1434 2736 1487 Dens
2776 1430 2940 1487 Israel
2966 1432 3214 1503 Spiritum
3242 1431 3378 1488 Phul
3410 1433 3553 1503 regis
3581 1430 3681 1488 As-

2078 1503 2374 1574 Syriorum,
2395 1515 2449 1559 et
2476 1506 2721 1572 spiritum
2740 1503 3296 1574 Thelgatltphalnasar
3312 1503 3453 1570 regis
3470 1508 3637 1558 Assur
3661 1522 3677 1560 :

2080 1585 2133 1627 et
2163 1576 2439 1630 transtulit
2463 1576 2675 1642 Ruben,
2704 1584 2759 1630 et
2782 1575 2919 1637 Gad,
2950 1585 3005 1631 et
3029 1575 3308 1631 dimidiam
3337 1577 3533 1631 tribum
3566 1576 3679 1630 Ma-

2070 1658 2251 1707 nasse.
2273 1656 2328 1700 et
2347 1648 2567 1701 adduxit
2592 1662 2685 1703 eos
2705 1664 2755 1701 tn
2789 1648 3008 1711 Lale,et
3038 1646 3202 1714 Abor,
3242 1656 3297 1702 et
3323 1647 3454 1715 Ara,
3484 1654 3541 1702 et
3569 1646 3675 1701 ﬂu-

2076 1718 2219 1771 vium
2253 1716 2456 1784 Gozan,
2492 1735 2664 1788 usque
2691 1718 2757 1773 ad
2788 1719 2933 1773 diem
2967 1718 3126 1773 hanc.

2147 1787 2301 1861 [(101).
2352 1790 2463 1861 \ll.|
2498 1787 2621 1845 Filii
2660 1790 2784 1844 Levi
2829 1808 2842 1844 :
2880 1790 3112 1857 Gerson,
3142 1788 3336 1851 Caatlt,
3370 1797 3425 1844 et
3454 1789 3675 1847 Merari.

2074 1857 2197 1913 Filii
2232 1857 2403 1915 Caath
2435 1857 2730 1924 z'Atttram,
2765 1861 2935 1927 Isaar,
2967 1862 3207 1923 Ilebron,
3240 1871 3293 1914 et
3319 1861 3495 1919 Oziel.

2146 1929 2268 1983 Filii
2299 1931 2522 1985 Atnram
2552 1950 2564 1984 :
2602 1938 2803 1997 Aaron,
2840 1932 3037 1994 Moses,
3064 1940 3117 1986 et
3144 1931 3308 1986 Maria
3340 1950 3353 1985 :

2144 1998 2266 2056 Filii
2292 2004 2470 2057 Aaron
2507 2020 2519 2056 :
2554 2002 2738 2057 Nadab
2766 2013 2819 2055 et
2846 2001 3007 2060 Abiit.
3059 2003 3285 2056 Eleazar
3315 2013 3370 2057 et
3407 2002 3666 2060 Ithamar.

2143 2071 2369 2127 Eleazar
2396 2081 2584 2144 genuit
2614 2074 2867 2136 Phinees,
2893 2083 2946 2127 et
2979 2072 3210 2127 Phinees
3228 2072 3417 2139 genuit
3450 2074 3674 2141 Abisue,

2143 2144 2350 2200 Aliisne
2381 2161 2514 2198 veto
2535 2147 2719 2213 genuit
2748 2144 2928 2205 Bocci.
2954 2154 3004 2197 et
3030 2144 3185 2198 Boeei
3208 2147 3391 2213 genuit
3415 2144 3528 2197 Uzi.

2144 2215 2236 2270 Ozi
2266 2217 2449 2286 genuit
2478 2218 2750 2281 Zaraiam,
2785 2226 2839 2271 et
2880 2215 3133 2285 Zaragias
3173 2217 3359 2284 genuit
3386 2215 3673 2271 Meraioth.

2145 2288 2315 2360 Porro
2346 2288 2603 2344 Meraioth
2636 2288 2823 2360 genuit
2849 2286 3149 2352 Amariam,
3198 2294 3254 2341 et
3303 2289 3553 2341 Amarias
3578 2302 3675 2359 ge-

2071 2357 2187 2413 nttit
2210 2361 2430 2413 Altitob.

2142 2430 2339 2485 Ahitob
2376 2431 2560 2501 genuit
2592 2429 2789 2492 Sadoe,
2821 2428 3000 2486 Sadoe
3021 2428 3205 2500 genuit
3239 2428 3538 2501 Ahimaas;

2146 2502 2402 2557 Ahimaas
2423 2502 2609 2573 genuit
2636 2504 2907 2567 Azariam,
2939 2501 3162 2573 [Izarias
3189 2501 3375 2570 genuit
3402 2500 3674 2573 Johanan.

2142 2574 2386 2629 Joltanan
2414 2570 2604 2644 genuit
2659 2572 2930 2628 Azariam.
2961 2570 3089 2644 Ipse
3113 2574 3324 2644 estqui
3368 2572 3675 2644 sacerdotio

2070 2643 2287 2770 iunctus
2309 2655 2393 2700 est
2421 2642 2500 2700 'in
2532 2647 2721 2714 domo,
2753 2660 2915 2716 quam
2965 2642 3256 2698 aedificavit
3307 2642 3566 2699 Salomon
3618 2645 3673 2699 in

2103 2733 2260 2770 erusa
2288 2732 2395 2770 em.

2069 2718 2395 2773 Jerusalem.
3775 2773 3780 2780 .

2069 2788 2336 2916 Αιᾷεῐῖυἰι
2359 2796 2541 2845 autem
2569 2786 3112 2867 AzariasAmariam,
3133 2794 3188 2844 et
3209 2786 3460 2843 Amarias
3487 2786 3677 2859 genuit

2138 2870 2232 2915 llltt
2254 2879 2302 2916 )1

2138 2863 2302 2928 llltti);
3108 2864 3111 2867 ⁷

2141 2932 2343 2987 Altitoh
2379 2932 2569 3002 genuit
2592 2932 2793 3001 Sadoe,
2827 2939 2883 2986 et
2911 2930 3087 2986 Sadoe
3117 2929 3303 2999 genuit
3330 2929 3564 2995 Selium;

2140 3004 2344 3059 Selium
2375 3004 2559 3075 genuit
2593 3004 2855 3067 IIeIeiam,
2912 3002 3125 3075 Helcias
3169 3004 3364 3075 genuit
3394 3003 3671 3075 Azariam,

2140 3075 2363 3130 Azarias
2381 3071 2579 3145 'gettttit
2602 3077 2867 3141 Saraiam,
2888 3084 2943 3128 et
2974 3071 3192 3129 Saraias
3208 3074 3394 3143 genuit
3416 3071 3669 3145 Josedec.

442 3144 561 3217 Filii
606 3137 734 3201 vero
776 3146 892 3202 Gad
932 3162 963 3201 e
1010 3148 1228 3213 regione
1268 3160 1456 3202 eorum
1502 3143 1885 3204 habitaverunt
1911 3146 1965 3202 in
1995 3137 2041 3203 C
2144 3147 2312 3201 Porro
2336 3137 2566 3203 Iosedec
2595 3137 2981 3217 egressusvest,
3008 3137 3235 3216 quando
3250 3145 3521 3217 transtulit
3560 3144 3672 3198 Do-

373 3224 515 3288 tcrgra
544 3216 715 3273 Basan
750 3233 919 3288 usque
945 3218 1137 3273 Selcha
1166 3234 1180 3271 :

440 3286 641 3361 let-lin
672 3286 872 3359 capite,
897 3298 953 3344 et
981 3288 1200 3360 Saphan
1223 3287 1495 3345 secundus
1531 3305 1543 3342 :
1576 3287 1731 3345 Janai
1762 3298 1965 3361 autem,

378 3368 432 3414 ct
457 3359 681 3429 Sapltat,
713 3362 767 3415 iii
798 3362 994 3417 Basan.

443 3429 661 3486 Fratres
701 3448 829 3489 vero
867 3446 1085 3499 eorum,
1124 3431 1421 3486 secundum
1454 3431 1646 3485 domos
1688 3432 1969 3502 cognatio-

378 3518 503 3574 num
529 3518 770 3567 suarum,
802 3504 1050 3567 Michael,
1073 3513 1127 3559 et
1153 3504 1452 3570 Mosellam,
1483 3512 1538 3557 et
1558 3504 1723 3570 Sebe,
1748 3515 1802 3558 et
1832 3505 1967 3574 lori,

374 3582 429 3628 et
456 3573 683 3640 Jachan,
711 3586 768 3631 et
786 3574 906 3640 Zie,
934 3584 989 3629 et
1012 3574 1211 3639 Heber,
1236 3586 1467 3642 septem.

446 3645 507 3699 lli
550 3645 645 3700 ﬁlii
684 3647 923 3709 Abihail,
969 3645 1062 3700 ﬁlii
1107 3645 1257 3711 llttri,
1303 3647 1395 3700 lilii
1422 3644 1567 3710 Jaro,
1615 3645 1706 3700 ﬁlii
1739 3647 1967 3715 Galaatl,

376 3715 468 3769 ﬁlii
497 3716 746 3783 Michael,
782 3718 875 3773 lilii
905 3716 1091 3780 .lesisi,
1123 3718 1215 3771 ﬁlii
1241 3717 1434 3781 .Ieddo,
1468 3717 1561 3771 ﬁlii
1590 3718 1717 3771 Ituz.

444 3787 665 3845 Fratres
687 3805 902 3859 quoque
924 3788 1019 3843 ﬁlii
1038 3788 1257 3855 Abdiel,
1280 3788 1373 3843 ﬁlii
1404 3788 1569 3859 Guui,
1598 3790 1851 3860 princeps
1875 3790 1971 3846 do-

377 3874 497 3915 tntis
525 3860 578 3916 in
608 3860 827 3916 familiis
853 3860 991 3915 suis.

450 3933 515 3986 Et
550 3932 928 3987 habitaverunt
960 3932 1011 3985 in
1055 3928 1283 3998 Galaad,
1314 3938 1369 3986 et
1398 3930 1452 3985 in
1486 3929 1683 3999 Basan,
1714 3941 1770 3987 et
1800 3934 1852 3987 in
1884 3934 1966 3989 vi-

376 4003 511 4057 culis
552 4004 693 4073 ejus,
736 4015 791 4060 et
829 4004 882 4058 in
907 4003 1122 4059 eunetis
1148 4003 1475 4058 suburbanis
1504 4004 1675 4057 Saron
1705 4019 1877 4075 uSque
1902 4008 1968 4061 ad

377 4076 659 4131 terminos.

447 4146 651 4203 Omnes
689 4147 747 4220 hi
787 4148 1064 4203 numerati
1103 4155 1231 4203 sunt
1258 4146 1310 4202 iti
1336 4145 1529 4220 diebus
1569 4146 1799 4203 Joatlian
1828 4148 1972 4220 regis

376 4219 536 4285 Juda,
567 4229 621 4273 et
644 4221 694 4273 in
718 4218 909 4275 diebus
939 4220 1229 4275 .leroboam
1256 4218 1399 4289 regis
1420 4218 1611 4273 Israel.

448 4290 569 4344 Filii
614 4290 826 4358 Ruben,
867 4299 923 4346 et
962 4291 1101 4357 Gad,
1133 4300 1188 4346 et
1216 4292 1452 4345 dimidia:
1496 4290 1668 4345 tribus
1699 4291 1967 4361 Manasse,

377 4360 478 4414 viri
502 4363 819 4429 bellatores,
843 4372 995 4417 scuta
1019 4372 1296 4432 portantes
1317 4373 1375 4418 et
1397 4362 1630 4432 gladios.
1657 4362 1724 4417 Et
1744 4360 1970 4420 tenden4

378 4440 457 4484 tes
498 4446 709 4505 areum,
752 4434 1056 4503 eruditique
1093 4434 1160 4488 ad
1205 4435 1388 4503 praelia
1426 4433 1779 4502 quadraginta
1836 4452 1971 4505 qtta-

379 4509 502 4557 tuor
530 4502 699 4557 millia
726 4512 782 4558 et
820 4502 1149 4574 septingenti
1178 4502 1480 4574 sexaginta,
1517 4502 1875 4573 procedentes
1900 4507 1968 4561 ad
2000 4536 2050 4597 1)
2078 4506 2214 4597 ejus.

378 4589 637 4643 pugnam.

453 4646 853 4701 Dimicaverunt
894 4653 1086 4701 contra
1129 4644 1156 4683 δ
1196 4652 1427 4716 Agareos
1462 4663 1474 4699 :
1506 4645 1684 4702 Ituraei
1728 4661 1878 4717 vero,
1922 4657 1976 4703 et

378 4716 622 4799 Naphaai,
645 4726 708 4799 .et
729 4717 942 4799 Nadab,
970 4718 1319 4799 praebuerunt
1344 4718 1428 4771 eis
1454 4718 1735 4799 ausiliuni.

452 4790 767 4859 'I'raditique
808 4798 936 4845 sunt
974 4789 1028 4844 in
1073 4804 1264 4845 manus
1302 4804 1490 4844 eorum
1526 4791 1740 4860 Agarei,
1776 4799 1833 4847 et
1858 4789 1978 4845 uni-

378 4861 524 4917 versi
565 4862 658 4931 qui
686 4862 900 4917 fuerant
926 4875 1047 4916 eum
1091 4860 1193 4923 eis,
1229 4863 1357 4931 quia
1391 4862 1557 4916 Deum
1592 4866 1980 4918 invocaverunt

379 4947 501 5005 cum
533 4933 911 5000 praeliarentur
946 4949 959 4987 :
992 4942 1049 4988 et
1072 4934 1347 4989 exaudivit
1387 4947 1503 5001 eos,
1537 4948 1604 4990 eo
1630 4934 1772 5005 quod
1800 4933 1980 4990 credi-

379 5004 587 5060 dissent
618 5006 673 5059 in
700 5021 847 5060 eum.

450 5076 829 5147 Ceperuntque
867 5077 1045 5131 omnia
1086 5092 1207 5146 qua:
1231 5076 1611 5147 possederant,
1643 5076 1977 5133 camelorum

330 5162 345 5167 ’
379 5148 765 5220 quinquaginta
816 5147 1005 5220 millia,
1052 5158 1104 5204 et
1127 5149 1309 5204 ovium
1335 5150 1560 5204 ducenta
1589 5149 1977 5219 quinquaginta

379 5217 798 5345 tuillia,nali.sinos
839 5217 947 5275 duo
989 5221 1183 5288 millia,
1212 5231 1267 5276 et
1307 5221 1516 5275 animas
1548 5217 1982 5277 tiaminum‘cen-

382 5300 570 5345 tumm
641 5306 709 5345 ta.

382 5300 493 5346 tum
519 5293 709 5347 millia.

453 5423 729 5497 {Aliquot
777 5438 953 5497 mss.)
1011 5424 1623 5494 Sheglath-Phalasmr;
1678 5427 1795 5497 alii,
1840 5429 1973 5483 Thc-

380 5493 881 5567 gtath-Phalnasar.
910 5495 1021 5551 Nec
1051 5493 1245 5552 mirum
1276 5498 1419 5567 quod
1448 5493 1812 5554 diversintode
1839 5502 1975 5555 seri-

384 5566 543 5640 batur
568 5568 620 5621 in
652 5568 856 5623 Latinis
899 5568 1210 5636 codicibus,
1259 5585 1381 5623 eum
1439 5570 1628 5625 eadem
1677 5574 1977 5640 reperiatur

384 5638 704 5720 varietas-iu
734 5642 1106 5720 voluminibus,
1140 5642 1489 5720 Ilebrmorum
1519 5658 1534 5708 ;
1582 5658 1706 5695 nam
1732 5638 1869 5698 libro
1891 5659 1979 5698 se-

386 5710 562 5764 cundo
589 5710 869 5785 Malaehirrr
904 5755 917 5771 .
951 5710 1111 5780 quem
1144 5728 1242 5768 nos
1273 5729 1323 5766 tv
1350 5714 1555 5784 Regum
1584 5729 1975 5785 nunettpamus,

389 5797 508 5851 cap.
542 5797 632 5847 xv,
662 5798 806 5842 vers.
838 5784 930 5855 ‘29,
965 5793 1019 5841 et
1042 5800 1163 5857 cap.
1194 5801 1306 5853 xvi,
1338 5800 1484 5842 vers.
1518 5786 1546 5840 7
1579 5796 1632 5843 et
1672 5788 1739 5843 10
1761 5827 1777 5855 ,
1809 5784 1979 5859 scrip-

2074 3218 2254 3273 minus
2274 3219 2300 3275 J
2313 3220 2472 3275 udam
2498 3228 2552 3275 et
2575 3215 2878 3274 Jerusalem
2912 3215 3035 3287 per
3060 3232 3255 3273 manus
3306 3215 3669 3271 Nabuchodo-

2074 3305 2259 3346 110501⁸.

2145 3360 2268 3416 Filii
2293 3377 2421 3434 ergo
2454 3363 2579 3418 Levi
2616 3379 2630 3416 :
2666 3363 2899 3428 Gerson,
2923 3360 3120 3430 Caath,
3151 3370 3207 3418 et
3234 3359 3453 3434 Megari.

2072 3504 2112 3561 S
2148 3430 2379 3519 Eunaee
2425 3436 2643 3491 nomina
2706 3436 2943 3490 ﬁliorum
2994 3436 3206 3491 Gerson
3254 3448 3268 3486 :
3326 3430 3558 3499 Lobeui,
3618 3437 3675 3488 et

2117 3520 2276 3560 emet.

2117 3520 2276 3560 emet.

2148 3578 2266 3632 Filii
2293 3576 2501 3633 Caath:
2531 3579 2777 3646 Amram,
2811 3585 2866 3631 et
2888 3576 3052 3640 Isaar,
3080 3583 3136 3631 et
3163 3575 3475 3643 Hebron,et
3496 3571 3667 3629 Oziel.

2148 3648 2265 3702 Filii
2316 3648 2510 3704 Morari
2544 3666 2558 3702 :
2595 3650 2753 3703 Mooli
2786 3660 2839 3703 et
2888 3648 3048 3703 Mosi.
3102 3646 3195 3702 Hm
3243 3657 3424 3702 autem
3471 3660 3672 3716 cogna-

2076 3719 2251 3773 tiones
2281 3721 2405 3775 Levi
2439 3720 2734 3775 secundum
2763 3720 2994 3775 familias
3023 3735 3234 3775 eorum.

2145 3792 2376 3856 Gersou,
2430 3791 2632 3846 Lobeni
2701 3792 2844 3846 ﬁlius
2908 3792 3049 3860 ejus.
3105 3790 3265 3846 Jaatb
3332 3787 3475 3843 ﬁlius
3528 3786 3669 3857 ejus,

2074 3863 2290 3916 Zamma
2326 3863 2470 3918 ﬁlius
2493 3867 2632 3933 ejus,
2666 3863 2795 3918 Joaa
2832 3864 2974 3917 ﬁlius
3003 3864 3142 3931 ejus,
3177 3862 3332 3917 Addo
3358 3861 3504 3915 filius
3528 3861 3669 3930 ejus,

2075 3935 2211 4005 Zara
2247 3934 2387 3990 ﬁlitts
2410 3936 2546 4003 ejus,
2572 3934 2779 3991 .Ietltrai
2814 3934 2956 3989 ﬁlius
2978 3935 3117 4005 ejus.

2144 4003 2265 4060 Filii
2294 4002 2484 4071 Caatli,
2514 4006 2818 4060 Aminadab
2856 4002 3164 4075 ﬁlius’ejus,
3196 4004 3336 4059 Core
3366 4004 3506 4059 filius
3529 4002 3670 4075 ejus,

2073 4077 2198 4131 Asir
2225 4078 2369 4133 ﬁlius
2399 4078 2543 4145 t‘jllS,
2577 4078 2774 4133 Eleana
2826 4078 2968 4133 ﬁlius
3018 4072 3159 4145 ejus,
3210 4074 3480 4143 Abiasaph
3528 4072 3670 4145 ﬁlius

2074 4149 2214 4217 ejus,
2261 4151 2379 4204 Asir
2407 4144 2548 4203 titius
2573 4149 2711 4220 ejus,
2759 4149 2931 4203 'l‘haat
2982 4144 3123 4203 filius
3160 4148 3311 4216 ejus,
3344 4146 3490 4202 UrieI
3530 4144 3670 4198 ﬁlius

2074 4223 2215 4291 ejus,
2263 4222 2419 4275 Ozias
2467 4219 2612 4275 ﬁlius
2642 4221 2780 4290 ejus,
2813 4220 2941 4275 Saul
2971 4221 3110 4273 ﬁlius
3141 4219 3278 4287 ejus.

2145 4292 2267 4347 Filii
2295 4295 2515 4357 Eleana,
2541 4293 2758 4347 Autasai
2788 4302 2842 4345 et
2865 4292 3125 4345 Aliimotlt
3156 4299 3212 4344 et
3239 4290 3440 4344 Eleana
3474 4307 3486 4342 :

2050 4398 2085 4408 --
2149 4363 2271 4419 Filii
2310 4365 2541 4419 ιιὶοεηθε
2568 4363 2771 4431 Sophai
2818 4362 2960 4416 ﬁlius
2984 4363 3122 4432 ejus,
3155 4361 3323 4415 Naath
3352 4361 3495 4414 ﬁlius
3525 4358 3669 4432 ejus,

2076 4435 2233 4490 Eliab
2262 4435 2407 4490 filius
2456 4438 2596 4503 ejus,
2627 4429 2845 4490 J'eroam
2903 4429 3045 4488 ﬁlius
3100 4432 3241 4501 ejus,
3288 4432 3488 4486 Licana
3530 4429 3672 4484 ﬁlius

2149 4577 2276 4631 Filii
2303 4577 2547 4639 Samuel,
2576 4573 3273 4647 primogenitus,Vasseni,
3303 4580 3357 4629 et
3387 4572 3543 4647 A'bia.

2151 4647 2273 4702 Filii
2304 4658 2483 4703 autem
2515 4642 2735 4714 Mérari,
2760 4642 2927 4703 Mooli
2954 4665 2964 4699 :
3000 4645 3202 4702 Lobeui
3232 4647 3375 4700 Illius
3405 4645 3548 4714 ejus,
3577 4642 3675 4699 Se-

2079 4722 2186 4775 mei
2218 4721 2363 4774 titius
2392 4720 2531 4790 ejus,
2564 4721 2675 4775 Uza
2705 4719 2847 4773 titius
2870 4718 3008 4786 ejus,
3041 4717 3281 4790 _Satuma
3332 4714 3478 4772 ﬁlius
3533 4715 3674 4785 ejus,

2083 4792 2285 4861 Ilaggia
2321 4788 2463 4847 titius
2484 4792 2623 4861 ejus,
2648 4791 2809 4845 Asaia
2840 4791 2979 4845 titius
3001 4788 3140 4860 ejus.

2154 4859 2245 4917 Isti
2279 4872 2424 4929 sunt,
2475 4859 2613 4933 quos
2658 4862 2944 4917 constituit
2994 4859 3158 4916 David
3211 4872 3377 4928 super
3422 4866 3675 4933 cantores

2081 4934 2277 4991 domus
2309 4930 2541 4999 Domini,
2582 4948 2652 4989 ex
2676 4950 2786 5004 quo
2824 4933 3091 5004 collocata
3128 4938 3213 4986 est
3229 4945 3393 5004 area:
3419 4939 3476 4985 et
3516 4930 3678 5004 mini-

2084 5006 2333 5062 strabaut
2364 5020 2547 5061 coram
2592 5002 2943 5060 tabernacqu
2969 5002 3280 5066 testimonii,
3307 5010 3537 5057 canente
3580 5002 3677 5056 do-

2086 5092 2188 5134 nec
2208 5078 2501 5133 aediﬁcaret
2521 5076 2780 5133 Salomon
2802 5076 3021 5131 domum
3044 5074 3255 5129 Domini
3275 5071 3676 5127 inJerusalem:

2159 5150 2385 5207 Stabant
2406 5160 2585 5204 autem
2614 5148 2769 5218 juxta
2797 5147 3044 5202 ordinem
3073 5161 3227 5200 suum
3260 5145 3326 5218 in
3351 5143 3675 5218 ministerio.

2160 5222 2382 5277 Ilivero
2412 5229 2557 5289 sunt,
2583 5215 2672 5290 qui
2712 5220 3045 5290 assistebant
3093 5215 3384 5290 cumtilijs
3437 5216 3570 5290 suis,
3612 5216 3682 5269 de

2091 5293 2215 5349 ﬁliis
2245 5295 2399 5361 Caat,
2432 5284 2828 5348 Eman'Cantor
2850 5290 2993 5345 ﬁlitts
3020 5288 3161 5353 .loel,
3193 5287 3292 5343 ﬁlii
3318 5284 3571 5354 Samuel;

2085 5436 2199 5483 tum
2250 5429 2481 5499 legimus
2527 5409 2719 5491 “.DNSD
2757 5409 2935 5495 κη’-πίω,
2969 5422 3557 5496 ΤῙιθθιαεῘι“Ρ¹ιαίαεα²’;
3584 5422 3683 5499 hic

2084 5510 2262 5555 autem
2285 5497 2326 5567 ,⁷
2352 5510 2407 5556 et
2454 5499 2594 5556 infra
2626 5502 2720 5554 lib.
2757 5500 2797 5553 ll
2828 5499 3065 5567 Paralip.
3097 5514 3146 5551 e.
3176 5511 3365 5564 xxvttt,
3400 5510 3544 5552 vers.
3571 5497 3679 5566 20,

2083 5584 2228 5643 Ὃκ)
2248 5582 2300 5633 )5
2329 5580 2495 5641 mari,
2532 5568 3094 5643 Seglath-P/talnasar.
3122 5568 3299 5643 Maur.

2158 5642 2185 5682 ιι
2217 5644 2272 5698 Iit
2306 5639 2783 5715 mss.,'Aga"renos,
2832 5642 2989 5713 juxta
3018 5656 3175 5696 usum
3203 5639 3334 5697 alibi
3381 5646 3679 5711 receptum.

2089 5714 2272 5773 Mitnr.
