4062 6348
489 218 632 282 1359

1483 217 1547 278 8.
1586 215 1966 277 IllERONYMl
2005 218 2238 278 DIVINA
2274 218 2750 281 BIBLIOTIIECA.

3637 222 3779 281 13ἑο

561 343 732 398 Porro
769 340 840 398 dc
865 338 1007 397 ﬁliis
1037 337 1316 410 Benjamin
1347 353 1363 393 :
1395 336 1526 395 Salo
1573 337 1718 395 ﬁlius
1755 335 2038 394 Mosellam
2059 377 2077 406 ,
2105 338 2157 401 Δ
2185 353 2304 414 rum
2333 383 2346 407 ,
2379 338 2471 409 qui
2522 338 2577 395 in
2600 337 2828 414 resedri‘s
2878 335 3260 414 morabantur,
3304 344 3361 396 ut
3406 336 3496 394 die
3526 349 3592 393 ac
3621 346 3783 394 nocte

491 415 584 472 ﬁlii
613 415 812 480 Odvia,
842 414 932 468 ﬁlii
967 415 1150 468 Asana
1181 429 1195 466 :

565 487 628 542 Et
658 479 884 542 Jobanizt
920 484 1064 539 filius
1095 484 1312 540 Jeroatn
1341 522 1356 547 ,
1405 491 1462 537 et
1491 481 1586 537 Eia
1620 481 1762 537 ﬁlius
1805 480 1898 537 Ozi
1927 523 1940 544 ,
1984 479 2083 535 ﬁlii

491 558 739 618 Mochori
766 599 781 625 ,
809 569 862 613 et
890 557 1172 612 Mosollam
1218 555 1359 610 ﬁlius
1389 554 1688 624 Sapltatite,
1738 553 1836 610 ﬁlii
1866 554 2040 610 Bauel
2063 595 2081 622 ,

492 631 586 686 lilii
615 629 855 686 Jcbanizc
889 646 902 684 :

492 631 586 686 lilii
615 629 855 686 Jcbanizc
889 646 902 684 :

565 703 630 757 Et
686 700 883 758 fratres
941 713 1132 755 eorum
1183 713 1281 771 per
1326 697 1556 758 familias
1605 709 1774 767 Suas,
1822 697 2086 769 nongenti

494 775 880 846 quinquaginta
920 785 1040 846 sea.

561 840 761 901 Omnes
793 846 844 900 lii
871 886 886 910 ,
920 843 1195 916 principes
1223 842 1608 914 cognationum
1637 856 1735 914 per
1774 840 1967 898 domos
1989 855 2080 913 pa-

498 927 635 973 trum
663 931 904 972 suorum.

563 989 640 1062 De
659 987 1031 1044 sacerdotibus
1054 997 1239 1062 autem
1254 1004 1266 1062 ξ
1283 985 1498 1062 Jedaia,
1514 986 1749 1062 .Ioiarib.
1773 995 1829 1062 et
1849 985 2083 1062 J‘aeltin;

561 1060 786 1116 Azarias
813 1074 1028 1132 quoque
1056 1060 1198 1115 ﬁlius
1228 1059 1434 1132 llelcite
1455 1100 1470 1123 ,
1505 1059 1600 1132 lilii
1628 1056 1950 1132 Mosellam,
1987 1056 2084 1112 ﬁlii

491 1133 698 1260 gadoc,
731 1129 1162 1201 ﬁlii—Maraiotlt,
1207 1131 1308 1187 ﬁlii
1336 1130 1571 1200 Altitob,
1621 1130 1861 1201 pontifex
1891 1129 2085 1185 domus

541 1222 610 1259 et.

541 1222 610 1259 Ol.

493 1276 740 1402 MIl’olrro
788 1275 986 1333 Adaias
1012 1317 1028 1346 ,
1068 1275 1209 1331 ﬁlius
1253 1274 1510 1344 Jeroam,
1554 1273 1651 1330 ﬁlii
1694 1271 1926 1342 Pbasur,
1987 1270 2088 1328 ﬁlii

549 1363 579 1402 Θ
604 1365 630 1401 C
655 1365 740 1402 11111
774 1366 787 1402 ζ

549 1363 740 1404 81011112
774 1366 787 1403 ζ

569 1420 631 1473 Et
662 1421 862 1482 Masaia
889 1420 1032 1476 ﬁlius
1065 1418 1217 1474 Adlel
1240 1460 1255 1483 ,
1287 1417 1381 1473 lilii
1403 1418 1584 1486 Jezra,
1611 1415 1710 1474 ﬁlii
1752 1415 2038 1473 Mosellam
2063 1453 2085 1485 ,

497 1490 590 1546 lilii
622 1491 1019 1560 Mosollamitlt,
1061 1491 1156 1546 lilii
1190 1491 1434 1546 Entmer.

570 1562 789 1619 Fratres
809 1579 1024 1634 quoque
1045 1578 1234 1619 eurum
1260 1563 1535 1634 principes
1560 1576 1656 1634 per
1680 1559 1910 1634 familias
1933 1575 2083 1634 suas,

496 1635 648 1690 mille
675 1631 1001 1706 septingenti
1027 1635 1343 1706 sexaginta,
1372 1633 1655 1706 fortissimi
1689 1633 1887 1688 robore
1910 1631 1976 1685 ad
2003 1633 2086 1687 l‘a-

495 1706 747 1762 ciendum
777 1705 913 1772 Opus
941 1706 1230 1762 ministerii
1263 1705 1316 1759 in
1349 1705 1510 1759 domo
1541 1705 1660 1759 Dei.

570 1779 647 1834 De
679 1771 881 1834 Levitis
900 1787 1077 1832 autem
1111 1795 1123 1832 :
1160 1778 1376 1832 Semcia
1410 1777 1550 1830 lilitts
1579 1776 1783 1844 Assub,
1805 1771 1908 1829 lilii
1937 1773 2088 1830 Ezri-

498 1865 615 1905 cant
635 1892 650 1914 ,
685 1849 778 1904 lilii
811 1850 1040 1916 Asebia,
1071 1849 1140 1904 de
1170 1849 1294 1902 liliis
1323 1848 1545 1903 Merari.

571 1923 841 1976 Bacbacar
869 1935 1083 1989 quoque
1113 1921 1490 1985 carpentarius
1512 1959 1526 1980 ,
1555 1928 1611 1973 et
1639 1917 1791 1974 Galal
1812 1958 1827 1984 ,
1873 1923 1930 1972 et.
1975 1917 2086 1972 Ma-

499 1991 679 2048 tltania
708 1992 849 2047 ﬁlius
880 1992 1074 2058 Micha,
1107 1992 1199 2045 lilii
1226 1990 1454 2055 Zecltri,
1493 1989 1588 2044 ﬁlii
1618 1991 1799 2059 Asaplt
1835 2008 1848 2044 :

570 2066 634 2118 Et
658 2064 826 2119 Obdia
858 2064 1001 2118 ﬁlius
1034 2064 1300 2129 Semeiar,
1337 2061 1428 2115 lilii
1463 2060 1652 2126 Galal,
1687 2062 1779 2115 lilii
1816 2060 2034 2116 lditltun
2070 2079 2084 2116 :

568 2135 638 2190 Et
669 2135 925 2190 Baracbia
961 2137 1102 2188 lilius
1132 2140 1240 2189 Asa
1265 2175 1279 2201 ,
1313 2132 1408 2187 ﬁlii
1433 2133 1628 2188 Elcana
1655 2173 1671 2201 ,
1703 2131 1799 2203 qui
1829 2131 2091 2190 habitavit

479 2207 559 2261 .in
587 2208 742 2261 atriis
779 2205 1088 2276 Netopltati.

571 2277 842 2334 Ianitores
869 2275 1046 2332 autem
1086 2295 1098 2332 :
1133 2275 1342 2332 Sellum
1373 2316 1386 2340 ,
1419 2284 1472 2330 et
1502 2276 1690 2331 Accub
1716 2321 1730 2344 ,
1758 2284 1813 2330 et
1838 2277 2085 2344 Teltnon,

499 2357 557 2404 et.
585 2351 816 2403 Abiman
837 2390 851 2412 .
881 2359 934 2402 et
957 2350 1120 2403 frater
1151 2362 1341 2402 eorum
1375 2347 1578 2404 Sellum
1614 2347 1870 2417 princeps
1900 2367 1915 2404 :

575 2421 754 2489 Usque
776 2419 840 2474 ad
862 2420 992 2474 illud
1019 2430 1259 2486 tempus:
1285 2419 1341 2473 in
1371 2428 1522 2486 porta
1546 2424 1691 2488 regis
1708 2420 1774 2473 ad
1795 2421 2088 2488 orientem,

499 2491 863 2546 observabant
893 2507 987 2560 per
1020 2492 1170 2546 vices
1209 2504 1335 2544 suas
1367 2492 1434 2544 de
1466 2491 1592 2545 liliis
1625 2491 1786 2546 Levi.

571 2563 773 2618 Sellum
805 2578 932 2617 vero
960 2561 1102 2618 ﬁlius
1136 2561 1310 2634 Core,
1342 2560 1441 2616 lilii
1466 2562 1738 2630 Abiasapb
1759 2607 1773 2634 ,
1807 2562 1901 2617 lilii
1927 2562 2090 2634 Core,

502 2650 621 2689 eum
652 2633 906 2688 fratribus
931 2635 1076 2703 suis,
1111 2633 1361 2704 ctidomo
1393 2636 1560 2704 patris
1597 2635 1678 2688 Siti
1704 2673 1720 2699 ,
1757 2633 1808 2686 bi
1833 2645 1957 2688 sunt
1983 2633 2093 2689 Co?-

507 2705 625 2761 titte
673 2721 835 2773 super
862 2720 1025 2776 opera
1059 2703 1343 2759 ministerii
1369 2703 1672 2768 ,cnstodes
1702 2705 2092 2761 vestibulorum

506 2776 875 2843 tabernaculi,
903 2787 957 2832 et
985 2776 1201 2832 familia:
1247 2791 1433 2830 eorum
1481 2782 1580 2848 per
1605 2776 1754 2832 vices
1790 2788 2092 2834 castrorum

504 2849 718 2903 Domini
745 2848 1113 2903 custodientes
1151 2848 1451 2904 introitum.

581 2920 811 2975 l'binees
853 2927 1033 2975 autem
1080 2919 1220 2974 lilitts
1267 2918 1510 2974 Eleazari
1539 2959 1554 2986 ,
1591 2927 1709 2974 erat
1757 2917 1863 2974 dux
1905 2935 2094 2976 eorum

506 3006 690 3046 curam
724 2991 972 3045 Domino.

581 3063 749 3117 Porro
774 3061 1061 3117 Zacharias
1105 3061 1245 3135 filius
1293 3061 1663 3127 Mosollamia,
1687 3063 1890 3131 janitor
1926 3072 2096 3135 portae

510 3134 841 3188 tabernaculi
875 3133 1190 3188 testimonii.

580 3206 778 3260 Omnes
809 3205 860 3260 lti
891 3204 1052 3261 electi
1095 3205 1147 3260 in
1185 3203 1438 3276 ostiarius
1470 3220 1568 3276 per
1599 3212 1784 3274 portas
1810 3247 1825 3268 ,
1876 3205 2093 3266 ducenti

516 3275 797 3345 duodecim
831 3294 846 3332 :
875 3287 930 3332 et
957 3276 1214 3342 descripti
1247 3277 1298 3332 in
1326 3275 1471 3332 villis
1502 3279 1733 3346 propriis
1764 3294 1776 3330 :
1809 3293 1945 3347 quos
1965 3294 2094 3334 con-

513 3347 806 3404 stituerunt
831 3349 1020 3413 David,
1043 3357 1098 3404 et
1127 3347 1342 3404 Samuel
1373 3348 1596 3413 Videtis,
1628 3348 1680 3403 in
1706 3348 1812 3403 fide
1843 3365 1962 3416 sua,
1987 3363 2095 3406 tam

514 3420 660 3496 ipsos
681 3462 694 3483 .
722 3435 881 3496 quam
911 3419 1052 3496 ﬁlios
1082 3435 1271 3496 eorum
1299 3461 1313 3484 ,
1345 3420 1400 3496 in
1430 3420 1585 3476 ostiis
1612 3420 1806 3476 domus
1837 3421 2094 3496 Domini,

503 3501 562 3546 et
593 3492 645 3546 in
675 3492 1052 3559 tabernaculo,
1084 3491 1292 3548 vicibus
1322 3490 1455 3546 suis.
2077 3490 2098 3551 ⁷,

582 3563 686 3618 Per
752 3575 1003 3634 quatuor,
1034 3574 1224 3618 ventos
1280 3571 1441 3618 erant
1484 3561 1740 3634 ostiarii:
1803 3563 1854 3618 id
1901 3573 1985 3620 est
2029 3565 2096 3622 ad

512 3633 788 3690 Orientem
812 3675 828 3701 ,
861 3644 915 3689 et
943 3633 1012 3688 ad
1039 3634 1393 3690 Occidentem
1418 3675 1432 3700 ,
1463 3641 1518 3689 et
1541 3633 1608 3688 ad
1641 3635 1969 3705 Aquilonem
1997 3678 2012 3705 ,
2043 3643 2100 3694 et

512 3707 577 3760 ad
605 3703 885 3760 Austrum.

510 3715 577 3760 ad
605 3715 885 3761 Austrum.

581 3775 799 3832 Fratres
839 3785 1018 3831 autent
1060 3791 1249 3831 eorum
1297 3775 1350 3834 itt
1395 3775 1590 3832 viculis
1636 3777 2012 3846 morabantur,
2045 3789 2102 3836 et

510 3847 805 3903 veniebant
847 3847 903 3902 in
952 3847 1204 3905 Sabbatis
1243 3848 1358 3904 suis
1407 3847 1476 3903 de
1525 3857 1772 3919 tempore
1808 3866 1986 3922 usque
2031 3851 2101 3908 ad

507 3928 743 3990 tempus.

583 3989 675 4045 llis
704 3999 934 4060 quatuor
978 3990 1182 4045 Levitis
1212 3989 1456 4046 creditus
1484 3998 1603 4045 erat
1631 3993 1806 4048 omnis
1842 4009 2102 4050 numerus

509 4061 829 4189 jattiltguni,
855 4071 912 4146 et
940 4072 1099 4118 erant
1126 4076 1291 4133 super
1317 4061 1578 4128 exedras,
1605 4071 1661 4118 et
1691 4063 1974 4120 thesauros
1999 4066 2100 4122 do-

509 4149 628 4189 lllllS
706 4151 891 4189 Olllllll.

509 4149 628 4190 lllllS
660 4149 891 4189 υο1111111ο

584 4206 689 4261 Per
735 4222 926 4278 gyrum
955 4221 1174 4278 quoque
1203 4203 1387 4274 templi
1423 4204 1636 4278 Domini
1667 4207 2024 4264 morabantur
2047 4209 2101 4265 in

512 4277 783 4351 custodiis
821 4282 974 4334 suis:
1027 4287 1088 4334 ut
1139 4293 1262 4333 cum
1317 4289 1526 4348 tempus
1559 4277 1784 4350 fuisset,
1817 4280 1921 4351 ipsi
1943 4295 2103 4338 mane

514 4348 802 4420 aperirent
830 4352 995 4406 fores.
1497 4381 1499 4383 ι

584 4421 660 4477 De
689 4423 879 4476 borum
911 4436 1113 4491 genere
1145 4429 1301 4475 erant
1331 4429 1384 4474 et
1416 4435 1581 4492 super
1608 4436 1736 4478 vasa
1769 4422 2058 4481 ministerii
2086 4442 2125 4480 εκ

509 4491 575 4546 ad
609 4498 892 4550 numerum
923 4493 1068 4548 enim
1112 4491 1493 4549 inferebantur
1511 4507 1642 4548 vasa
1668 4535 1684 4562 ,
1714 4505 1771 4551 et
1800 4497 2105 4553 effereban-

512 4572 618 4620 tur.

583 4634 660 4692 De
690 4635 822 4708 ipsis
847 4677 863 4701 ,
912 4642 966 4691 ct
1009 4634 1100 4708 qui
1151 4634 1355 4708 credita
1389 4635 1665 4692 habebant
1691 4639 1947 4696 utensilia
1979 4654 2106 4696 san-

506 4705 726 4777 ctuarii,
742 4715 1024 4780 praeerant
1050 4705 1277 4774 similae,
1317 4718 1372 4762 et
1395 4709 1521 4764 vino
1543 4749 1560 4777 ,
1590 4717 1646 4763 et
1676 4709 1819 4780 oleo,
1851 4723 1907 4768 et
1937 4711 2104 4779 thuri,

516 4787 575 4834 et
601 4779 961 4835 aromatibus.

583 4851 704 4978 Frili‘i
738 4862 933 4978 lautem
979 4849 1328 4909 sacerdotum
1378 4859 1648 4922 unguenta
1676 4868 1741 4910 ex
1769 4855 2106 4913 aromatibus

583 4939 609 4977 n
635 4939 732 4978 ICIc
774 4933 883 4977 ant.

508 4925 883 4980 conﬁciebant.

585 4994 653 5048 Et
693 4993 1021 5052 Matltatltias
1069 4991 1284 5048 Levites
1331 4993 1722 5066 primogenitus
1749 4997 1961 5054 Sellum
1992 4999 2104 5056 Cn-

510 5064 650 5191 lrJitrel,
684 5067 972 5136 praefectus
1008 5072 1129 5120 erat
1165 5079 1356 5120 eorum
1386 5064 1596 5136 qum—in
1634 5071 1910 5142 sartagine
1938 5071 2102 5143 frige-

549 5152 613 5191 an
645 5154 728 5191 ur.
2011 5173 2018 5185 ι

549 5152 728 5192 antur.
2011 5173 2018 5185 ι

583 5209 754 5264 Purro
780 5207 849 5264 de
875 5207 999 5285 ﬁliis
1020 5205 1192 5285 C_aatlt
1217 5206 1479 5264 fratribus
1503 5225 1712 5278 eorum,
1744 5228 1911 5285 super
1937 5230 2104 5283 panes

511 5287 667 5359 erant
715 5281 1142 5350 propositionis,
1196 5287 1255 5334 ut
1304 5295 1520 5354 semper
1560 5300 1731 5342 novos
1761 5281 1860 5357 per
1889 5281 2102 5359 singula

509 5351 735 5408 sabbata
771 5359 1158 5421 praepararent.

584 5423 646 5479 l-li
680 5434 809 5480 sunt
855 5421 1126 5494 principes
1169 5431 1452 5481 cantorum
1502 5443 1597 5499 per
1629 5429 1861 5488 familias
1887 5431 2105 5489 Levita-

580 5709 606 5737 λ
649 5701 819 5758 Minus
847 5705 1011 5776 igitur
1045 5713 1195 5760 recte
1218 5706 1434 5777 quidam
1467 5707 1676 5764 llelirmi
1709 5707 1930 5764 codices
1970 5722 2103 5778 prac-

505 5770 688 5830 ferttnt
714 5818 727 5844 ,
750 5770 897 5839 inm“:
918 5778 1111 5836 sororis
1138 5770 1252 5851 ejus
1277 5821 1290 5847 ,
1325 5793 1423 5850 pro
1440 5788 1598 5841 1mm
1625 5823 1638 5850 ,
1672 5781 1850 5837 uxoris
1868 5821 1882 5848 ,
1913 5770 2106 5852 quem-

2129 4536 2184 4600 D

2182 411 2383 481 jugiter
2409 426 2508 466 suo
2537 411 2843 466 ministerio
2869 410 3233 466 deservirem;

2257 483 2444 548 Capita
2490 481 2835 546 Levitarum,
2880 497 2978 552 per
3027 481 3260 537 familias
3302 496 3430 538 suas
3479 480 3778 553 principes,

2188 567 2504 610 manserunt
2525 556 2578 610 in
2607 555 2933 611 Jerusalem.

2258 626 2315 681 In
2341 625 2564 684 Gabaon
2597 637 2778 682 autem
2807 625 3128 682 commorati
3176 633 3301 680 sunt
3326 665 3343 690 ,
3375 634 3530 695 pater
3557 625 3779 683 Gabaon

2185 696 2345 763 Jaiel,
2382 708 2435 753 et
2458 715 2654 755 nomen
2687 709 2711 735 υ
2743 700 2925 753 uxoris
2949 697 3068 767 ejus
3099 697 3344 752 Itlaaelta.

2258 769 2427 825 Filius
2457 771 2844 841 primogenittts
2875 769 2990 841 ejus
3020 770 3234 834 Abdmt,
3262 778 3317 824 et
3341 768 3472 838 Sur,
3500 767 3696 841 etCis,
3724 779 3783 824 et

2190 842 2341 905 Baal,
2371 852 2426 897 et
2454 843 2579 909 Ner,
2613 840 2668 899 et
2692 841 2898 908 Nadab,
2932 840 3114 897 GedOr
3135 856 3351 913 quoque
3376 884 3391 909 ,
3421 853 3477 898 et
3506 840 3648 896 Abiu
3674 882 3689 908 ,
3722 850 3784 897 et

2187 913 2498 977 Zacharias.
2529 925 2584 971 et
2610 914 2924 970 Macellotlt.

2262 985 2431 1040 Porro
2454 986 2739 1043 Macellutlt
2771 985 2958 1056 genuit
2985 985 3291 1043 Semmam:

2263 1056 2351 1112 lsti
2380 1054 2818 1114 liabitaverttnt'e
2840 1059 3062 1129 regione
3093 1055 3322 1113 fratrum
3349 1070 3577 1112 suorum
3607 1055 3662 1110 in
3692 1054 3787 1112 Je-

2190 1131 2446 1194 rusalem,
2471 1147 2592 1186 cum
2624 1130 2880 1185 fratribus
2909 1131 3046 1184 suis.

2261 1200 2368 1275 Ner
2400 1213 2578 1275 autem
2607 1200 2960 1275 genuitACis;
2981 1211 3037 1257 et
3060 1197 3154 1256 Cis
3181 1198 3542 1275 genuitsaul,
3569 1208 3625 1275 et
3644 1198 3783 1275 Saul

2190 1273 2374 1344 genuit
2398 1270 2686 1338 Jonatltan,
2703 1282 2756 1329 et
2776 1272 3148 1344 Melchisue,ct
3168 1271 3545 1344 Abinadab,et
3570 1270 3786 1344 Esbaal.

2263 1344 2638 1472 it‘lilliiuslautem
2651 1344 2922 1402 Jonatltan
2942 1386 2956 1412 ,
2982 1343 3243 1400 Meribaal
3267 1384 3282 1409 .
3313 1354 3367 1399 et
3394 1343 3656 1400 Meribaal
3693 1357 3789 1414 ge-

2263 1438 2281 1469 t
2391 1433 2436 1471 te
2461 1434 2531 1472 ta.

2191 1419 2309 1472 nuit
2337 1419 2531 1486 Miclta,

2263 1488 2435 1545 Porro
2469 1489 2562 1543 lilii
2588 1487 2788 1553 Miclta,
2815 1487 3048 1543 Pltithon
3068 1531 3083 1557 ,
3115 1496 3169 1543 et
3198 1486 3432 1556 Melecb,
3461 1495 3514 1540 et
3542 1485 3747 1541 Titara.

2262 1560 2414 1615 Alta:
2440 1573 2621 1616 autem
2667 1564 2852 1627 genuit
2880 1559 3003 1614 Jara
3027 1603 3042 1628 ,
3087 1567 3145 1614 et
3171 1558 3298 1615 Jara
3328 1559 3514 1629 genuit
3539 1557 3788 1625 Almotb,

2193 1642 2248 1688 et
2276 1635 2530 1697 Azmotb,
2560 1642 2616 1687 et
2647 1630 2852 1696 Zamri,
2885 1630 3068 1685 Zamri
3098 1641 3274 1684 autem
3301 1631 3493 1701 genuit
3515 1629 3699 1701 Mosa.

2266 1704 2412 1759 Mosa
2441 1717 2570 1758 vero
2593 1701 2780 1773 genuit
2801 1704 3002 1767 Danaa,
3030 1701 3188 1773 cujus
3219 1699 3362 1757 filius
3393 1699 3664 1770 liapltaia,
3693 1715 3788 1772 ge.

2194 1777 2310 1832 nuit
2333 1775 2514 1844 Elasa,
2545 1775 2616 1832 de
2644 1791 2750 1846 quo
2780 1786 2932 1830 ortus
2959 1784 3042 1828 est
3070 1774 3221 1846 Asel.

2259 1848 2433 1902 Porro
2463 1841 2589 1902 AseI
2633 1841 2730 1901 sex
2773 1847 2912 1902 ﬁlios
2943 1844 3130 1900 ltabuit
3156 1846 3240 1900 bis
3267 1842 3607 1912 nominibus,
3639 1841 3792 1897 Ezri-

2189 1935 2332 1987 eam,
2366 1920 2538 1974 Boeru
2561 1960 2575 1986 ,
2600 1916 2832 1974 Ismabel
2851 1963 2866 1989 ,
2894 1917 3082 1984 Saria,
3108 1916 3309 1984 Obdia,
3339 1914 3521 1972 Anan.
3567 1915 3630 1970 lli
3662 1922 3792 1970 sunt

2191 1993 2286 2046 lilii
2319 1993 2468 2047 Asel.

2264 2062 2414 2135 [ϐαρ.
2448 2060 2542 2133 Χ.]
2581 2060 2885 2135 Pliilistltim
2915 2070 3102 2135 autem
3127 2059 3453 2135 pugnabant
3481 2067 3673 2113 contra
3706 2057 3784 2135 ls-

2194 2129 2307 2189 rael
2338 2129 2739 2205 ,‘t'uger'untque
2766 2133 2870 2188 viri
2912 2132 3073 2205 Israel
3097 2204 3101 2205 ί
3122 2129 3513 2195 Paliestltinns,
3559 2140 3617 2186 et
3643 2129 3786 2184 ceci-

2193 2208 2392 2262 derunt
2421 2204 2686 2260 vulnerati
2719 2205 2770 2259 iu
2802 2214 2990 2260 monte
3011 2204 3238 2259 Gelboe.

2265 2277 2510 2346 Cumque
2551 2276 3081 2346 apprOpinquasseut
3120 2273 3419 2346 Philistltrcj
3461 2286 3788 2340 persequen-

2197 2362 2276 2406 tes
2304 2343 2455 2410 Saul,
2489 2359 2548 2403 et
2582 2343 2739 2402 lilios'
2763 2343 2912 2418 ejus,
2959 2357 3350 2418 percusserunt
3381 2343 3658 2400 Jonatban
3687 2383 3702 2406 ,
3733 2352 3788 2398 et

2197 2421 2498 2488 Abinadab,
2531 2428 2585 2475 et
2608 2419 2924 2484 Melcltisne,
2958 2421 3098 2474 filius
3121 2418 3280 2474 Saul.

2271 2495 2335 2548 Et
2377 2485 2724 2564 aggravattttn
2750 2503 2834 2546 est
2863 2493 3108 2564 prmlium
3151 2500 3343 2544 contra
3376 2487 3530 2564 Saul,
3566 2485 3791 2564 invene-

2199 2559 2437 2634 runtque
2453 2559 2581 2619 eum
2612 2559 2900 2631 sagittarii,
2926 2574 2980 2616 et
3008 2563 3431 2634 vulneraveruni
3459 2559 3680 2634 iaculis.
3704 2610 3738 2634 _.

2270 2630 2502 2692 Et'dixit
2546 2630 2772 2691 Sattl’ad
2803 2635 3128 2705 armigerum
3166 2648 3322 2705 suum
3349 2650 3362 2684 :
3395 2631 3634 2697 Et'ngitta
3663 2630 3785 2705 gia-

2197 2709 2347 2766 dittm
2381 2719 2527 2763 tuum
2555 2747 2568 2772 ,
2601 2717 2657 2761 et
2704 2701 2967 2760 interﬁce'
2999 2721 3087 2760 tne
3117 2722 3131 2758 :
3165 2719 3235 2759 ne
3274 2704 3415 2759 forte
3453 2705 3684 2757 veniant
3707 2701 3789 2756 iu-

2197 2779 2502 2838 circumcisi
2535 2779 2644 2843 isti,
2670 2786 2728 2833 et
2757 2776 2986 2833 illudant
3014 2777 3170 2832 mibi.

2269 2851 2451 2906 Noluit
2484 2860 2668 2905 autem
2719 2849 2956 2920 armiger
3005 2849 3124 2920 ejus
3171 2847 3276 2903 ltoe
3322 2847 3535 2910 facere,
3593 2845 3790 2900 timore

2201 2923 2524 2996 perterritus
2549 2939 2562 2975 :

2273 2993 2518 3063 Arripuit
2540 3008 2672 3064 ergo
2700 2991 2832 3064 Saul
2860 3008 3072 3060 ensem,
3099 3001 3154 3047 et
3184 2990 3348 3064 irruit
3372 2991 3610 3064 incum.

2274 3061 2427 3134 Quod
2457 3081 2577 3120 cum
2607 3061 2850 3120 'vidisset
2891 3066 3127 3133 armiger
3171 3063 3288 3133 ejus
3315 3103 3330 3126 ,
3357 3061 3621 3134 videlicet
3648 3073 3794 3113 mor-

2120 3131 2170 3198 C
2203 3131 2351 3194 tuttin
2382 3152 2504 3192 esse
2528 3137 2689 3203 Saul,
2733 3136 2896 3192 irruit
2918 3131 3082 3192 etiam
3115 3131 3232 3207 ipse
3258 3135 3310 3189 itt
3341 3133 3584 3204 gladium
3610 3146 3788 3197 suum,

2198 3222 2253 3269 el
2283 3221 2528 3264 mortuus
2553 3218 2657 3263 est.

2270 3280 2479 3337 lnteriit
2500 3295 2630 3350 ergo
2669 3279 2800 3335 Saul
2823 3322 2838 3347 ,
2868 3288 2922 3334 et
2949 3287 3064 3338 tres
3093 3277 3188 3334 ﬁlii
3217 3277 3371 3347 ejus,
3405 3284 3460 3332 et
3489 3275 3670 3332 omnis
3699 3273 3795 3329 do-

2201 3370 2324 3412 mus
2355 3353 2498 3408 illius
2530 3354 2734 3420 pariter
2758 3351 3019 3407 concidit.

2271 3424 2425 3494 Quod
2451 3417 2572 3479 cum
2612 3423 2882 3480 vidissent
2909 3423 3011 3478 viri
3043 3421 3242 3494 Israel,
3277 3418 3713 3494 quiltabitabant
3740 3417 3791 3471 in

2200 3491 2631 3566 campestribus.
2666 3495 2959 3563 fugerunt:
2993 3507 3048 3549 et
3072 3493 3199 3550 Saul
3231 3491 3603 3566 acililiiseius
3643 3503 3791 3566 mor-

2203 3558 2348 3635 tttis';
2391 3558 2801 3638 dereliqucrtiitt
2830 3567 2994 3624 urbes
3020 3579 3148 3620 suas
3175 3605 3190 3632 ,
3221 3572 3277 3619 et
3303 3564 3410 3618 ltuc
3439 3563 3678 3632 illucque
3707 3558 3791 3615 di-

2201 3642 2378 3696 socrsi
2407 3649 2569 3694 sunt:

2285 3687 2296 3695 .
2438 3657 2467 3693 u
2515 3657 2569 3692 ιε

2235 3657 2667 3782 Ρᾚὲἔιὲτιῗηιιιυο
2702 3709 3042 3779 Pliilistltim,
3076 3709 3134 3764 et
3159 3708 3542 3782 habitaverunt
3576 3704 3631 3758 itt
3656 3701 3757 3782 eis.

2275 3784 2377 3839 Die
2429 3774 2597 3855 igitur
2640 3783 2814 3838 altero
2861 3774 3574 3855 detrai’tentcs‘lfltilisihim
3622 3774 3792 3842 spolia

2203 3849 2511 3919 caesorum,
2559 3858 2881 3910 invenerunt
2907 3854 3038 3910 Saul
3067 3898 3082 3924 ,
3130 3863 3183 3907 et
3219 3851 3361 3906 ﬁlios
3403 3849 3526 3920 ejus
3554 3851 3794 3919 iacentes

2204 3927 2258 3981 in
2285 3939 2467 3982 monte
2495 3925 2720 3987 Gelboe.

2275 3999 2517 4069 Cumque
2562 3998 2888 4067 spoliassent
2931 4012 3052 4051 eum
3079 4036 3094 4060 ,
3136 3999 3598 4069 et_ampntassent
3635 3997 3798 4058 caput

2205 4066 2480 4140 armisque
2523 4072 2820 4126 nudassent
2854 4109 2869 4136 ,
2905 4069 3166 4140 miserunt
3198 4066 3476 4140 in_t_er_ram
3509 4079 3664 4118 suam
3691 4073 3796 4140 .__ut

2206 4133 2673 4267 circuuil‘lerretur,
2728 4152 2784 4195 et
2830 4133 3213 4196 ostenderetur
3255 4137 3524 4192 idolorutu
3555 4133 3794 4204 templis,

2206 4223 2262 4267 et
2291 4231 2429 4267 nonu
2457 4227 2503 4267 ts
2529 4229 2542 4267 :

2205 4223 2262 4269 et
2291 4213 2503 4282 pupulis
2529 4229 2542 4267 :

2278 4275 2440 4340 Arma
2471 4293 2650 4340 autem
2681 4285 2800 4354 ejus
2829 4289 3287 4340 consecraverunt
3318 4280 3370 4334 in
3403 4280 3530 4334 fano
3561 4276 3660 4332 Dei
3687 4275 3793 4344 sui,

2207 4363 2263 4412 et
2290 4367 2453 4427 caput
2481 4358 2772 4411 affixcrunt
2797 4358 2852 4410 in
2883 4357 3086 4426 templo
3121 4355 3328 4427 Dagon.

2280 4419 2393 4484 Hoc
2418 4443 2540 4484 eum
2569 4429 2850 4485 audissent
2875 4429 2977 4482 viri
2997 4419 3159 4483 Iabes
3184 4419 3411 4489 Galaad,
3435 4420 3625 4476 omnia
3645 4419 3794 4474 scili-

2209 4511 2294 4558 cet
2333 4515 2457 4570 quae
2501 4500 2808 4555 Pbilistbim
2853 4501 3097 4570 fecerant
3122 4511 3287 4566 super
3315 4493 3466 4570 Saul,
3496 4506 3795 4570 consurrev

2211 4563 2405 4627 xerunt
2453 4573 2651 4642 singuli
2708 4573 2944 4628 virorum
2979 4563 3205 4626 fortium
3226 4608 3242 4636 ,
3273 4578 3330 4622 et
3362 4565 3608 4621 tulerunt
3633 4563 3798 4619 cada-

2207 4658 2336 4701 vera
2366 4642 2496 4700 Saul
2521 4652 2575 4699 et
2603 4645 2835 4700 ﬁliorum
2861 4642 2983 4713 ejus
3009 4661 3022 4696 :

2281 4715 2702 4788 Attuierttntque
2730 4731 2791 4772 ea
2817 4715 2870 4770 in
2892 4708 3081 4780 labes,
3116 4719 3171 4767 et
3189 4708 3534 4788 sepelierunt
3559 4721 3682 4788 o_ss_a
3707 4720 3799 4762 eo-

2207 4801 2326 4842 rum
2353 4787 2546 4844 subter
2569 4780 2833 4858 quercum
2851 4829 2866 4854 ,
2893 4802 3014 4858 qua:
3038 4793 3158 4840 erat
3189 4783 3241 4836 in
3267 4781 3436 4838 labes
3453 4822 3466 4846 ,
3498 4790 3555 4836 et
3574 4780 3792 4851 jejuna-

2210 4869 2402 4914 vcrunt
2426 4869 2635 4930 septem
2663 4859 2878 4916 diebus.

2281 4923 2524 4986 Mortuus
2569 4940 2656 4987 est
2699 4945 2832 5000 ergo
2877 4928 3010 4986 Saul
3056 4934 3278 5000 propter
3302 4923 3623 5000 iniquitates
3649 4936 3792 5000 suas,

2209 5017 2276 5060 eo
2307 5001 2448 5073 quod
2479 4993 2868 5071 prasvaricatus
2915 5003 2986 5056 sit
3029 4993 3362 5073 mandatum
3392 4993 3610 5073 Domini
3657 4993 3795 5060 quod

2209 5066 2544 5146 prateeper'at
2567 5117 2582 5143 ,
2633 5085 2689 5130 et
2733 5088 2840 5130 non
2885 5070 3206 5146 custodierit
3237 5066 3413 5124 illud:
3451 5069 3546 5122 sed
3581 5069 3796 5146 insuper

2206 5139 2784 5220 etiam'pythunissam
2833 5140 3205 5220 consuluerit,
3252 5154 3351 5195 nec
3387 5139 3699 5220 speraverit

2209 5209 2471 5272 Domino':
2508 5227 2729 5289 propter
2757 5212 3201 5289 qttodinterfecit
3227 5226 3351 5267 eum
3378 5254 3394 5280 ,
3443 5220 3496 5264 et
3524 5209 3791 5265 transtulit

2206 5305 2434 5360 regnum
2459 5285 2580 5360 ejus
2604 5285 2669 5344 ad
2701 5285 2867 5344 David
2899 5288 3066 5342 ﬁlium
3099 5285 3220 5360 Isai.

2281 5348 2429 5434 [ϐαρ.
2462 5348 2587 5434 ΧΗ
2615 5360 2986 5434 Congregatus
3025 5348 3111 5413 est
3137 5354 3300 5428 igitur
3329 5354 3510 5412 omnis
3540 5351 3703 5410 Israel
3728 5348 3794 5408 ad

2207 5431 2375 5489 David
2407 5433 2458 5487 itt
2496 5431 2735 5502 llebron,
2769 5431 2998 5488 dicens:

2216 5708 2507 5764 admodum
2559 5719 2612 5766 ct
2660 5709 3021 5783 Hieronymus
3071 5707 3246 5783 legit,
3306 5717 3364 5766 et
3425 5706 3670 5782 plerique
3708 5701 3791 5759 alii

2215 5797 2406 5840 omnes
2437 5783 2763 5854 lntcrpretes
2798 5781 3054 5840 reddunt.
