4112 6354
350 281 482 342 15η

1716 267 1951 326 VERBA
1987 263 2272 327 DIERUM.

3498 265 3638 325 1542
3663 256 3668 261 ’

416 398 491 453 Os
519 404 667 451 tuum
697 404 904 459 sumus,
931 399 985 446 et
1016 404 1143 447 caro
1175 398 1284 444 tua.
1321 385 1447 459 Heri
1480 399 1724 456 quoque,
1757 395 1812 441 et
1843 403 1937 440 nu.
1969 386 2018 446 A
2115 387 2271 445 Absit
2299 381 2357 442 ut
2387 385 2443 441 in
2471 393 2764 457 conspectu
2794 374 2891 444 Dei
2921 387 3024 443 mei
3049 383 3154 443 hoc
3187 385 3403 452 faciam,
3427 394 3481 442 ct
3507 402 3630 443 san-

347 469 668 524 diustcrtins
696 507 710 530 ,
755 458 1084 520 cumadhuc
1110 468 1366 528 regnaret
1409 458 1562 526 Saul,
1615 469 1670 514 tu
1700 473 1822 514 eras
1853 464 1943 530 qui

352 541 646 602 educebas,
678 548 732 592 et
755 537 1137 590 introducehas
1167 533 1335 588 lsrael
1367 549 1381 589 :
1662 601 1676 602 ί
1941 531 1947 538 ’

419 611 541 669 Tibi
591 601 736 664 enim
781 608 917 663 dixit
969 607 1228 661 Dominus
1280 605 1422 660 Deus
1447 612 1608 659 tuus:
1643 601 1724 656 Tu
1755 617 1946 671 pasces

347 685 613 756 populum
663 696 843 736 meum
891 679 1094 748 Israel,
1147 685 1202 733 et
1254 687 1310 732 tu
1355 676 1466 732 eris
1498 675 1753 747 princeps
1782 690 1946 747 super

351 773 701 884 eugenerum
748 839 881 895 ergo
925 830 1116 895 omnes
1157 819 1394 895 majores
1422 817 1743 895 na_tu_lsrael
1767 816 1830 871 ad
1859 834 1946 874 re-

351 916 470 983 gem
491 901 557 983 .iu
593 890 839 964 llcbron,
862 903 916 951 et
943 895 1065 950 iniit
1094 892 1260 948 David
1291 906 1413 947 cum
1445 892 1524 948 eis
1546 890 1726 948 foedus
1757 904 1942 947 coram

400 990 429 1022 t)
608 987 620 1024 ζ

349 973 394 1027 D
421 985 812 1107 lllntllx‘grttntquc
842 1053 967 1094 eum
1000 1051 1181 1103 regem
1215 1051 1380 1105 super
1409 1034 1574 1108 lsrael
1599 1077 1612 1108 ,
1644 1033 1802 1103 juxta
1828 1048 1945 1108 ser.

349 1129 569 1169 nionem
603 1113 818 1167 Domini
840 1153 854 1175 ,
885 1123 1042 1183 quem
1071 1111 1283 1183 loeutus
1311 1107 1476 1183 e_~‘t_in
1509 1122 1673 1183 manu
1701 1107 1939 1183 Samuel.

421 1185 818 1254 Abiit'quoqne
847 1176 1032 1254 David
1062 1221 1075 1243 ,
1109 1176 1172 1254 et
1201 1180 1380 1254 omnis
1406 1177 1569 1254 lsrael
1597 1216 1620 1254 ,Δ
1647 1178 1699 1254 in
1722 1176 1946 1254 Jerusa-

349 1259 475 1313 lem.
510 1249 636 1311 llaec
663 1249 751 1310 est
775 1253 944 1310 Jebus
969 1296 983 1318 ,
1027 1252 1120 1324 qui
1151 1261 1310 1307 erant
1337 1249 1573 1306 Jebusad
1608 1249 1943 1306 habitatores

353 1340 535 1384 lCl'l'iB.

421 1400 798 1458 Dixeruntnue
844 1395 938 1464 qui
979 1393 1295 1450 habitabant
1339 1393 1394 1450 in
1425 1391 1595 1449 Jebus
1632 1389 1701 1447 ad
1731 1392 1940 1448 David:
1978 1440 1980 1442 ,

347 1471 465 1528 Νοη
497 1470 820 1542 ingrediaris
846 1467 975 1522 huc.

425 1535 595 1598 Porro
646 1541 812 1596 David
867 1538 1013 1610 cepit
1060 1553 1241 1594 arcem
1286 1536 1416 1594 Sion
1442 1577 1458 1604 ,
1488 1551 1609 1608 quae
1637 1546 1720 1592 est
1750 1535 1944 1592 civitas

358 1614 551 1684 David,
582 1615 821 1680 dixitque
851 1629 864 1666 :

419 1679 610 1741 Omnis
661 1688 747 1755 qui
791 1681 1125 1754 percusserit
1158 1680 1468 1736 Jcbusmum
1499 1681 1551 1735 in
1591 1679 1810 1751 primis,
1839 1679 1944 1734 erit

349 1757 604 1828 princeps
635 1768 691 1814 et
720 1757 849 1809 dux.
944 1769 972 1780 “

422 1819 680 1884 Ascendit
725 1828 886 1898 igitur
916 1825 1122 1898 primus
1150 1824 1288 1880 Joab
1321 1823 1465 1879 filius
1493 1820 1699 1880 Sarvitc
1723 1864 1737 1892 ,
1771 1829 1827 1877 et
1855 1819 1940 1876 fa-

350 1908 468 1956 ctus
494 1910 575 1956 est
606 1900 880 1968 princeps.

423 1963 691 2027 Habitavit
718 1963 900 2026 aniem
935 1967 1104 2022 David
1153 1968 1206 2022 iu
1253 1980 1400 2033 arce,
1430 1973 1488 2021 et
1519 1965 1724 2021 idcirco
1757 1963 1947 2035 appel-

349 2044 454 2098 lata
483 2055 564 2097 est
601 2044 794 2097 civitas
824 2039 1014 2096 David.

424 2115 844 2183 Aidifieavitque
875 2112 1063 2183 urbem
1096 2109 1148 2164 in
1181 2109 1410 2166 circuitu
1437 2125 1466 2164 a
1496 2107 1658 2183 Mello
1679 2121 1854 2179 usque
1876 2106 1944 2162 ad

351 2202 563 2259 gyrum,
597 2187 732 2240 Joab
758 2178 936 2259 autem
961 2182 1166 2259 reliqua
1191 2183 1346 2259 urbis
1372 2178 1660 2237 exstruxit.

427 2250 851 2326 Proiiciebatque
891 2255 1056 2309 David
1083 2250 1304 2308 'vadens
1346 2261 1402 2308 et
1441 2265 1726 2317 crescens,
1753 2259 1808 2306 ct
1839 2250 1946 2306 Do-

350 2330 531 2384 minus
557 2329 892 2384 exercituum
921 2334 1037 2380 erat
1069 2341 1188 2379 cum
1214 2340 1299 2379 eo.

426 2398 499 2454 lli'
522 2402 795 2470 principes
838 2398 1079 2470 virorum
1125 2397 1339 2450 fortium
1372 2392 1584 2470 David,_
1607 2395 1694 2465 qui
1716 2395 1942 2470 adjuve-

349 2480 477 2525 rttnt
505 2466 628 2525 cum
655 2511 670 2536 ,
699 2466 780 2524 ἰιι
827 2484 920 2525 rex
953 2468 1108 2522 ﬁeret
1132 2483 1296 2536 super
1323 2482 1541 2522 omnem
1568 2466 1727 2520 Israel
1748 2508 1762 2533 ,
1791 2467 1942 2536 juxta

351 2545 573 2597 verbum
604 2542 835 2607 Domini,
871 2541 1014 2610 quod
1052 2541 1264 2593 locutus
1294 2549 1375 2592 est
1404 2539 1470 2594 ad
1497 2537 1687 2595 Israel.

425 2615 487 2670 Et
516 2615 614 2668 iste
645 2609 906 2668 numerus
928 2612 1276 2666 robustorum
1309 2609 1478 2666 David
1506 2626 1520 2663 :

418 2685 670 2741 Jesbaam
705 2686 847 2738 filius
877 2681 1177 2736 Aehamoni
1219 2684 1474 2752 princeps
1502 2683 1643 2737 inter
1677 2681 1894 2749 triginta
1922 2697 1938 2740 :

349 2757 453 2813 iste
482 2757 680 2812 lev;tv.t
708 2755 918 2811 hastam
949 2769 1100 2809 suam
1133 2769 1299 2824 super
1330 2763 1602 2809 trecentos
1629 2754 1943 2809 vulneratos

355 2843 458 2882 una
487 2843 627 2883 Vlce.

423 2900 488 2953 Et
516 2909 637 2968 post
680 2914 802 2953 cum
851 2898 1078 2952 Eleazar
1116 2896 1257 2951 ﬁlius
1298 2897 1474 2968 patrui
1504 2895 1942 2968 ejttsAholtites,

347 2970 438 3040 qui
471 2967 588 3025 erat
610 2973 748 3025 inter
777 2979 888 3024 tres
922 2978 1198 3040 potentes.
1227 2968 1328 3022 Iste
1351 2967 1451 3040 fuit
1476 2985 1600 3040 cum
1633 2967 1802 3040 David
1835 2978 1860 3005 α
1891 2968 1943 3024 in

349 3038 736 3114 Aphesdomim
762 3041 869 3114 [AL
887 3038 1445 3114 Pltesdomi},quando
1468 3039 1778 3094 Philisthim
1806 3055 1942 3094 eon-

348 3113 555 3184 grcgati
585 3122 713 3167 sunt
737 3111 803 3166 ad
831 3114 1007 3184 locum
1032 3111 1185 3184 illum
1213 3113 1265 3164 in
1303 3113 1570 3180 prtelium,
1596 3121 1644 3166 et
1672 3121 1787 3165 erat
1813 3126 1945 3181 ager

350 3181 590 3252 regionis
620 3185 764 3239 illius
792 3183 987 3254 plenus
1019 3181 1255 3248 hordeo,
1290 3183 1618 3255 lugeratque
1649 3185 1882 3254 populus
1913 3199 1942 3236 a

347 3257 486 3310 facie
519 3256 992 3310 Philistltinorum.

419 3325 446 3366 ι’
477 3327 538 3382 Hi
572 3335 844 3382 Steterunt
873 3327 925 3380 in
951 3324 1133 3381 medio
1157 3325 1290 3390 agri,
1323 3333 1379 3378 et
1402 3323 1765 3380 defenderunt.
1789 3338 1936 3378 cum.

417 3398 663 3469 Cumque
694 3399 1100 3469 percussissem
1130 3397 1507 3462 Philisdueos,
1561 3397 1714 3453 dedit
1757 3396 1939 3451 Domi-

351 3485 452 3525 nus
481 3470 715 3526 salutem
744 3483 990 3538 magnam
1025 3469 1224 3537 p0pulo
1247 3482 1367 3522 suo.

419 3541 829 3596 Descenderttnt
865 3550 1048 3595 autem
1094 3549 1208 3594 tres
1246 3539 1316 3594 de
1362 3539 1579 3610 triginta
1609 3538 1942 3608 principibus

347 3612 414 3667 ad
449 3623 652 3682 petram
681 3655 697 3679 ,
734 3614 787 3666 in
812 3628 915 3681 qua
945 3610 1262 3682 eratADavid
1282 3652 1296 3673 .
1329 3609 1396 3664 ad
1423 3611 1742 3679 speluncam
1775 3611 1942 3664 (idol-

347 3680 694 3808 llt‘tm'lquando
717 3680 1030 3739 Philisthim
1064 3680 1279 3737 fuerant
1317 3683 1686 3737 eastrametati
1719 3683 1771 3736 in
1801 3683 1942 3738 valle

401 3770 466 3808 :tD
487 3771 638 3808 ialm.

401 3770 638 3822 apnann.

419 3825 590 3881 Porro
621 3825 789 3880 David
821 3833 938 3880 erat
967 3825 1024 3880 in
1055 3822 1341 3896 prasidio,
1375 3831 1432 3880 et
1465 3823 1633 3880 statio
1657 3823 1940 3880 Pbilisthi-

346 3911 540 3952 norum
572 3899 630 3953 in
657 3897 1011 3954 Beth-Leem.

421 3969 760 4025 Desideravit
784 3969 944 4039 igitur
971 3967 1165 4033 David,
1195 3965 1458 4039 etdixit:
1487 3965 1532 4021 Ο
1559 3967 1603 4020 si
1633 3967 1752 4038 quis
1784 3968 1942 4023 daret

346 4039 479 4096 mihi
529 4049 732 4113 aquam’
767 4038 836 4096 de
878 4040 1114 4096 cisterna
1156 4038 1489 4094 Bcth-Leem
1515 4078 1530 4105 ,
1579 4054 1699 4109 qua:
1751 4048 1837 4095 est
1885 4040 1937 4096 in

367 4121 522 4167 ιονιξ).

367 4128 522 4167 ιονιξ).

346 4128 362 4183 ί
420 4183 555 4238 Tres
594 4198 725 4254 ergo
765 4183 854 4238 isti
902 4197 1002 4254 per
1042 4181 1220 4236 media
1266 4189 1444 4254 castra
1491 4181 1936 4254 Philisthinorum

345 4253 703 4321 perrexerunt
722 4297 736 4320 ,
775 4264 831 4311 et
862 4256 1160 4309 hauserunt
1189 4269 1380 4323 aquam
1406 4253 1476 4308 de
1505 4255 1743 4308 cisterna
1778 4253 1940 4309 Beth-

344 4325 530 4452 triem,
567 4342 689 4396 quae
718 4331 836 4382 erat
864 4327 917 4381 in
949 4337 1103 4398 porta
1131 4365 1145 4391 ,
1176 4335 1229 4381 et
1255 4327 1553 4381 attulerunt
1585 4327 1650 4380 ad
1679 4325 1852 4381 David
1883 4337 1940 4381 ut

383 4413 398 4451 Ι
444 4407 594 4451 cret:
1005 4419 1014 4426 '

383 4407 556 4451 tbi-ret
582 4414 594 4448 :
1005 4419 1014 4426 ι

417 4467 520 4533 Qui
569 4466 781 4535 noluit,
833 4465 930 4523 sed
973 4466 1148 4538 magis
1176 4467 1366 4523 llbavit
1393 4467 1537 4522 illam
1567 4468 1821 4537 Domino,
1853 4468 1936 4524 di-

343 4553 476 4594 cens
502 4555 517 4592 3

417 4689 442 4718 ιι
471 4680 564 4736 Sic
592 4681 779 4752 legunt
805 4694 995 4737 omnes
1025 4693 1308 4752 mss.icum
1331 4678 1736 4752 exemplaribus
1765 4678 1942 4752 Cano-

345 4751 430 4808 nis
466 4749 747 4808 llebraicte
791 4752 1057 4808 veritatis.
1103 4751 1247 4807 Editi
1297 4751 1352 4805 in
1402 4749 1744 4804 Phesdomim
1781 4749 1940 4819 juxta

344 4823 654 4894 llebrteum,
685 4833 840 4886 Dim
868 4833 986 4886 εει
1012 4822 1224 4894 Baphas
1246 4823 1516 4894 dammint.
1551 4820 1730 4876 Mter.

412 4893 441 4934 δ
480 4895 841 4951 Restituimus
874 4892 1106 4966 plurium
1156 4909 1385 4950 numero
1408 4935 1423 4960 ,
1463 4892 1534 4966 Hi
1562 4900 1853 4966 steterunt,
1885 4905 1941 4951 et

342 4965 718 5050 defenderunt,
745 4977 801 5023 et
830 4965 952 5050 mox
984 4967 1354 5050 persuasissent
1393 4965 1460 5021 ad
1491 4965 1704 5050 liebrtei
1737 4973 1938 5050 textus,

341 5045 398 5093 et
421 5038 741 5094 Latinorum
781 5049 913 5109 quot
949 5036 1181 5094 vidimus
1219 5036 1469 5109 codicum
1503 5036 1685 5092 fidem.
1728 5038 1942 5109 Auctor

341 5123 555 5179 quoque
602 5107 992 5166 Hebraicarum
1028 5109 1399 5175 Quaestionum
1447 5107 1502 5162 in
1557 5110 1698 5162 hunc
1738 5107 1934 5163 librum

339 5181 409 5250 ab
448 5181 566 5250 ipso
613 5180 860 5235 laudatus
899 5181 1219 5236 Martianzeo
1267 5180 1337 5234 ita
1385 5179 1554 5249 legit,
1607 5193 1938 5248 causamque

339 5249 491 5305 addit
519 5266 636 5317 cur,
685 5253 738 5305 in
791 5252 990 5323 Regum
1033 5251 1179 5323 libris
1215 5250 1836 5323 singulariterponitur,
1884 5261 1939 5305 ut

339 5323 476 5392 regis
498 5323 749 5394 fortitudo
778 5321 1111 5376 monstretur.
1145 5321 1228 5377 Ad
1261 5325 1377 5376 haec
1401 5321 1740 5394 probabilius
1779 5321 1941 5392 longe

339 5402 444 5457 est,
476 5393 745 5462 superiori
771 5395 1018 5464 proxime
1047 5409 1210 5449 versu
1243 5408 1442 5448 nomen
1471 5393 1698 5457 Semina,
1735 5394 1937 5447 scriba-

337 5479 458 5537 rum
486 5465 691 5520 incuria
717 5463 783 5520 in
811 5465 929 5537 ipso
960 5464 1260 5537 archetypo
1290 5465 1740 5537 prtetermissum.
1795 5464 1939 5518 Mar-

336 5535 471 5590 tian.
507 5546 687 5592 tamen
718 5551 748 5592 e
771 5535 883 5592 suis
912 5537 1119 5605 aliquot
1155 5535 1298 5592 'mss.
1342 5535 1544 5591 minori
1579 5549 1809 5590 numero
1843 5550 1936 5606 po-

273 5647 286 5652 -
337 5607 465 5673 suit,
487 5607 590 5662 Hic
616 5609 777 5673 stetit,
806 5607 1077 5677 defendit,
1110 5616 1220 5664 etc.

411 5707 482 5718 -—-
504 5679 567 5750 ,ln
592 5680 851 5750 singulari
882 5680 1069 5750 legunt
1099 5681 1200 5734 ista
1230 5693 1364 5733 mss.
1393 5678 1613 5734 codices
1634 5720 1648 5746 ,
1683 5677 1816 5734 editi
1837 5693 1937 5734 au-

339 5754 451 5822 tem
500 5749 554 5822 in
601 5749 824 5820 plurali,
873 5749 957 5805 Hi
990 5761 1358 5806 steterunt.....
1400 5750 1782 5822 defenderunt,
1823 5759 1927 5806 etc.

340 5818 614 5878 l’luraleui
656 5837 871 5893 quoque
917 5824 969 5880 in
1011 5823 1193 5882 verbis
1237 5818 1527 5880 numerum
1569 5818 1780 5880 retinet
1826 5823 1932 5880 lic-

1963 4547 2012 4607 D

2050 461 2269 530 guinem
2307 459 2548 514 virorum
2597 461 2820 514 istorum
2877 461 3052 514 bibam
3079 502 3093 524 ,
3141 459 3263 527 quia
3308 459 3360 512 in
3399 461 3642 530 periculo

2051 525 2354 586 animarum
2391 546 2611 586 suarum
2660 534 2958 588 atlttlcrUItl
3004 525 3410 602 mihiaquam.
3457 525 3526 586 Et‘
3569 531 3640 592 ob

2050 603 2195 658 hanc.
2219 617 2438 658 causam
2471 602 2641 658 noluit
2669 603 2882 660 bibere.

2123 675 2246 730 Ihrc
2278 675 2525 738 fecerunt
2555 685 2666 729 tres
2696 674 3080 731 robustissimi.

2120 745 2308 802 Abisai
2354 761 2575 818 quoque
2625 745 2796 802 frater
2841 747 2976 802 Joab
3027 746 3142 816 ipse
3200 754 3317 800 erat
3381 746 3638 818 princeps

2049 819 2233 887 trium,
2268 826 2322 872 et
2350 817 2468 888 ipse
2492 819 2692 872 levavit
2729 820 2935 873 hastam
2958 835 3111 874 suam
3136 829 3324 873 contra
3362 817 3637 874 trecentos

2049 891 2372 946 vulneratos
2393 933 2407 958 ,
2453 901 2508 945 et
2537 890 2652 960 ipse
2680 901 2797 945 erat
2829 891 2971 945 inter
3004 899 3114 945 tres
3146 890 3635 951 nominatissimus.

2048 962 2190 1017 inter
2230 971 2339 1017 tres
2369 972 2392 1001 ε
2423 961 2692 1017 secundos
2720 963 2956 1034 inclytus
2977 1004 2990 1024 ,
3023 973 3074 1015 et
3112 960 3368 1030 princeps
3402 975 3590 1016 eorum
3623 978 3637 1018 :

2122 1034 2504 1090 Verumtamen
2552 1048 2722 1105 usque
2768 1035 2837 1088 ad
2889 1041 2997 1092 tres
3039 1034 3243 1104 primos
3290 1047 3398 1090 non
3439 1048 3633 1103 pervcc

2047 1113 2225 1162 ncrat.

2120 1176 2347 1232 Banaias
2375 1176 2519 1232 illius
2548 1176 2750 1234 Joiadae
2773 1179 2875 1234 viri
2905 1173 3304 1242 robustissimi,
3335 1175 3426 1247 qui
3462 1175 3632 1232 multa

2047 1264 2212 1318 opera
2244 1259 2606 1320 perpetrarat,
2640 1252 2707 1305 de
2736 1249 2966 1306 Cabeecl
2993 1266 3005 1302 :

2119 1317 2537 1391 Ipse'percussit
2563 1322 2698 1376 duos
2729 1323 2878 1377 Ariel
2902 1320 3080 1386 Moab,
3113 1330 3165 1374 et
3191 1318 3306 1390 ipse
3329 1317 3638 1386 descendit,

2046 1402 2099 1448 ct
2132 1392 2403 1448 interfecit
2433 1393 2643 1448 leonem
2667 1394 2719 1449 in
2745 1394 2923 1450 media
2947 1393 3181 1448 cisterna
3209 1403 3454 1461 tempore
3479 1391 3634 1447 nivis.

2119 1467 2184 1520 Et
2211 1466 2326 1538 ipse
2349 1466 2621 1538 percussit.
2647 1467 2820 1522 virum
2848 1463 3198 1538 Egyptium,
3244 1463 3397 1538 cujus
3428 1473 3636 1518 Statura

2047 1548 2164 1608 erat
2211 1533 2449 1608 quinque
2500 1537 2804 1594 cubitorum
2835 1578 2851 1608 ,
2912 1533 2974 1594 et
2998 1533 3251 1590 habebat
3299 1536 3540 1589 lanceam
3581 1543 3640 1590 ut

2045 1607 2368 1663 licialorinm
2399 1608 2718 1664 texentium.
3617 1667 3622 1676 η

2121 1679 2412 1735 Descendit
2444 1681 2609 1750 igitur
2639 1681 2708 1735 ad
2734 1695 2857 1736 eum
2892 1695 3014 1734 cum
3050 1678 3234 1750 virga,
3261 1685 3313 1734 et
3336 1676 3520 1748 rapuit
3546 1676 3643 1738 Ita-

2048 1763 2212 1818 SIam,
2245 1767 2406 1822 quam
2438 1753 2658 1807 tenebat
2701 1768 2865 1808 manu
2891 1793 2906 1821 ,
2947 1759 3001 1807 et
3026 1751 3300 1807 interfecit
3329 1764 3454 1803 eum
3487 1750 3639 1804 hasta

2050 1839 2167 1878 δυπ.

2121 1895 2249 1949 llaec
2267 1891 2396 1949 fecit
2422 1893 2648 1949 Banaias
2675 1893 2816 1950 illius
2844 1893 3069 1960 Joiadm,
3101 1893 3189 1966 qui
3215 1901 3332 1947 erat
3362 1891 3500 1966 inter
3530 1903 3642 1948 tres

2049 1966 2338 2031 robustos,
2388 1966 2886 2033 nominatissimus,
2951 1966 3093 2020 inter
3122 1965 3350 2033 triginta
3404 1965 3633 2035 primus,

2050 2047 2418 2110 verumtamen
2447 2037 2513 2091 ad
2548 2046 2657 2091 tres
2686 2053 2861 2110 usque
2890 2053 2994 2110 non
3035 2044 3358 2110 pervenerat
3385 2054 3398 2089 :

2120 2109 2506 2164 Posuitautem
2533 2124 2656 2163 eum
2700 2107 2864 2163 David
2893 2108 2958 2160 ad
3002 2107 3295 2162 auriculam
3323 2121 3496 2162 suam.

2121 2179 2289 2235 Porro
2344 2181 2625 2235 fortissimi
2673 2179 3021 2244 inexcreitu,
3069 2177 3228 2234 Asael
3275 2177 3440 2232 frater
3483 2177 3641 2248 Joah,

2048 2264 2101 2309 et
2154 2254 2391 2307 Eleanan
2440 2252 2584 2306 filius
2623 2251 2798 2321 patrui
2846 2255 2963 2320 ejus
2987 2251 3055 2305 de
3094 2249 3448 2316 Beth—Lccm‘,
3491 2249 3680 2321 Scm-'

2049 2325 2196 2381 moth
2240 2324 2508 2387 Arorites,
2567 2320 2750 2380 ilelles
2790 2323 3144 2389 Phallonitcs,
3199 2323 3279 2377 Ira
3311 2323 3449 2375 lilius
3472 2320 3644 2376 Acces

2047 2397 2359 2464 Thecuites,
2391 2395 2620 2450 Abiczer
2647 2394 3049 2459 Auathothites,
3081 2392 3385 2449 Snbbochai
3418 2392 3641 2464 Αςοιιιί-

2049 2477 2150 2539 tes,
2185 2468 2275 2522 llai
2310 2463 2571 2539 Ahohites
2594 2507 2608 2530 ,
2635 2463 3259 2539 MaraigNetophatliitcs,
3294 2463 3646 2539 llelediilius

2046 2535 2225 2594 Baana
2268 2538 2702 2609 Nclophatbitcs,
2742 2537 2896 2594 Ethai
2943 2538 3082 2590 [ilius
3112 2536 3263 2590 Ribai
3297 2535 3364 2609 de
3390 2535 3641 2609 AGahaath

2049 2609 2280 2665 filiorum
2315 2605 2615 2678 Benjamin,
2646 2611 2842 2664 Banaia
2866 2609 3274 2673 Pbaratonites,
3306 2605 3399 2662 Uri
3422 2606 3489 2661 de
3509 2606 3647 2662 Tor-

2045 2695 2198 2736 rente
2227 2683 2386 2747 Gaas,
2413 2682 2569 2738 Abiel
2604 2682 2951 2738 Arabatbitcs
2971 2723 2984 2750 ,
3018 2679 3247 2736 Aznmth
3284 2679 3638 2748 Bauratnitcs,

2047 2753 2231 2808 Eliaba
2263 2755 2620 2812 Salabonitcs.

2121 2826 2242 2886 Fllll
2292 2826 2456 2882 Asom
2494 2825 2788 2891 Genozitis,
2839 2823 3104 2880 Jonathan
3150 2823 3288 2892 filius
3320 2822 3457 2892 cha
3505 2826 3645 2878 Ara-

2045 2897 2200 2968 rites,
2255 2898 2445 2953 Ahiam
2493 2896 2633 2952 illius
2680 2897 2885 2953 Sat-har
2932 2895 3199 2968 Ararites,
3240 2894 3459 2968 ‘Elipbal
3503 2893 3646 2950 filius

2048 2967 2144 3036 Ur,
2188 2965 2386 3040 'Epher
2433 2969 2875 3033 Mecharathites,
2939 2967 3093 3040 Ahia_
3123 2965 3454 3040 Phelonitcs,
3506 2969 3644 3040 Asro

2047 3035 2430 3110 Charmelites,
2475 3041 2673 3096 Noorai
2701 3042 2844 3095 filius
2875 3042 3029 3112 Azbi,
3069 3038 3183 3112 Joel
3214 3037 3382 3112 frater
3413 3035 3644 3112 Ntllhiln,

2049 3112 2233 3169 Mabar
2277 3106 2426 3169 filius
2471 3115 2685 3184 Agarai.
2724 3113 2880 3168 Sclec
2909 3106 3270 3184 Ammonites,
3319 3109 3511 3164 Noorai
3545 3106 3647 3184 De;

2051 3183 2281 3240 rothites
2313 3178 2546 3256 armiger
2573 3184 2709 3240 Joah
2734 3185 2827 3238 lilii
2855 3180 3192 3256 Sarviteailra
3221 3178 3650 3256 .lethrgeus,__Ga_-

2050 3257 2145 3310 reb
2186 3251 2480 3320 Jethrteus',
2533 3257 2688 3312 Urias
2735 3256 3035 3315 Hettlueus.
3085 3253 3266 3308 Zabad
3319 3251 3460 3306 illius
3502 3251 3646 3319 Ooli,

2046 3328 2219 3382 Adiua
2263 3329 2402 3384 illius
2448 3329 2582 3386 Scza
2612 3327 2910 3383 Rubenites
2956 3326 3205 3394 princeps
3235 3321 3648 3394 liubenitartnu,

2045 3409 2098 3453 ct
2143 3416 2261 3454 cum
2313 3415 2377 3454 co
2424 3403 2638 3471 triginta
2680 3420 2693 3456 :
2727 3400 2909 3454 llanan
2944 3398 3088 3471 filius
3120 3392 3359 3471 litaacha,
3403 3405 3455 3449 et
3495 3392 3650 3471 .lnsa:

2047 3472 2172 3540 pltat
2203 3465 2550 3536 hlzitltanites,
2596 3471 2724 3526 Ozia
2753 3469 3140 3534 Astarothites,
3182 3468 3396 3540 Samma
3431 3475 3486 3519 et
3512 3465 3652 3540 .laiel

2044 3533 2139 3596 lilii
2192 3544 2420 3598 llotham
2469 3533 2742 3609 Arorites,
2788 3542 2958 3598 .lcdicl
3011 3533 3150 3595 filius
3187 3537 3384 3604 Samri,
3427 3545 3481 3591 et
3508 3533 3646 3592 Joha

2044 3615 2208 3670 frater
2255 3615 2372 3682 ejus
2401 3614 2709 3681 Thosaites,
2758 3612 2894 3668 Eliel
2927 3611 3242 3682 Maumitcs,
3265 3619 3315 3662 et
3343 3609 3567 3682 .leiibal,
3597 3617 3653 3662 et

2042 3685 2222 3740 Josaia
2268 3681 2364 3740 filii
2413 3686 2659 3747 Elnaem,
2712 3696 2763 3739 et
2811 3685 3027 3740 .lethma
3075 3681 3360 3748 Moabites,
3404 3681 3562 3745 lalicl,
3597 3690 3653 3734 et

2043 3757 2216 3823 Oheb,
2259 3769 2308 3813 et
2340 3758 2502 3814 Jasiel
2530 3759 2597 3812 de
2627 3757 2886 3812 illaSliliia.

2117 3828 2266 3902 [ϐαρ.
2300 3827 2441 3902 xli]
2489 3829 2550 3902 lli
2578 3844 2792 3902 quoque
2830 3825 3191 3902 venerunt‘ad
3225 3823 3388 3902 David
3420 3823 3471 3878 in
3495 3823 3648 3902 Sice-

2043 3896 2134 3972 leg
2156 3896 2277 3954 cum
2305 3896 2479 3956 adhuc
2511 3896 2718 3971 fug-cret
2739 3900 2868 3956 Saul
2897 3899 3064 3953 filium
3093 3896 3204 3972 Cis,
3227 3899 3315 3967 qui
3347 3904 3502 3950 erant
3535 3896 3646 3949 for-
3685 3901 3696 3910 '

2045 3969 2238 4028 tissimi
2290 3982 2344 4027 ct
2372 3969 2590 4043 egregii
2626 3982 2992 4043 pugnatores,
3027 3969 3313 4024 tendentes
3359 3982 3569 4043 arcum,
3595 3975 3650 4020 et

2043 4053 2271 4117 utraque
2322 4039 2481 4117 manu
2505 4039 2864 4117 'fundis'saxa
2889 4053 2939 4097 et
2976 4042 3241 4117 jacieaites
3269 4049 3324 4094 et
3353 4039 3648 4108 dirigentes

2041 4112 2264 4184 sagittas
2297 4133 2311 4172 :
2344 4115 2410 4170 de
2440 4115 2697 4171 fratribus
2740 4115 2870 4170 Saul
2901 4130 2965 4170 ex
3001 4112 3300 4178 Benjamin.

2113 4178 2370 4255 l’rinceps
2398 4187 2649 4254 Altiezcr,
2681 4198 2734 4239 et
2766 4188 2914 4248 Joas,
2966 4186 3055 4239 filii
3091 4178 3605 4255 SamaaLGahaathi

2043 4267 2144 4327 tes,
2169 4271 2222 4314 et
2245 4250 2408 4314 Jaaiel
2458 4268 2513 4314 et
2541 4250 2751 4314 l’hallet
2788 4257 2879 4312 lilii
2912 4255 3185 4322 Azmoxhh
3207 4262 3262 4308 et
3293 4250 3559 4313 Baracha,
3585 4266 3616 4306 e

2041 4331 2144 4387 Jeu
2172 4333 2539 4387 Anathotites.

2114 4402 2361 4458 Samaias
2408 4416 2620 4472 quoque
2651 4399 2986 4456 Gabaonites
3018 4395 3344 4452 fortissimus
3375 4394 3518 4452 inter
3553 4394 3618 4449 tri

2043 4475 2189 4545 ginta
2223 4484 2276 4529 et
2305 4471 2468 4544 super
2499 4471 2738 4545 triginta.

2108 4537 2393 4612 Jeremias’,
2441 4555 2496 4599 et
2541 4537 2728 4612 Jeziel,
2775 4550 2829 4598 et
2857 4540 3124 4610 Johanan,
3150 4547 3204 4596 et
3231 4538 3437 4597 Jezbad
3461 4537 3618 4595 Gade

2047 4681 2227 4738 brtrus
2273 4681 2360 4756 hic
2399 4682 2536 4756 locis;
2568 4682 2664 4738 sed
2712 4681 2852 4756 libro
2891 4679 3134 4756 secundo
3175 4677 3447 4756 Samuelis
3476 4693 3529 4756 v_.
3577 4679 3646 4756 ιβ

2045 4756 2292 4810 eamdem
2323 4749 2606 4808 historiam
2635 4796 2650 4822 ,
2711 4755 2827 4810 sive
2857 4753 3105 4810 eamdem
3146 4752 3473 4822 sententiam
3513 4749 3646 4820 legit

2044 4826 2100 4898 in
2147 4825 2426 4898 singulari.
2468 4821 2641 4898 Unde
2668 4824 2872 4898 Auctor
2919 4825 3125 4898 Quaest.
3157 4821 3550 4898 Hebraicarum
3587 4825 3642 4898 in

2044 4893 2498 4970 Paralipomenon
2545 4895 2618 4952 ita
2651 4897 2862 4970 docet:
2911 4897 3178 4970 Steterunt
3179 4894 3264 4970 _itt
3309 4893 3643 4970 mediqagri,

2044 4977 2093 5023 et
2121 4963 2244 5024 cuni
2269 4969 2638 5039 defenderunt,
2670 4967 2840 5022 David
2863 4969 3058 5023 scilicet
3088 4977 3136 5021 et
3170 4963 3412 5039 Eleazar.
3447 4965 3565 5039 Hoc
3593 4966 3646 5018 in

2044 5037 2537 5114 Paralipomenon;
2569 5037 2637 5094 In
2667 5039 2868 5112 Regum
2895 5056 3012 5114 vero
3033 5037 3370 5114 singulariter
3396 5038 3644 5114 ponitur,

2045 5121 2101 5185 u_t
2122 5107 2260 5185 regii
2288 5111 2544 5185 fortitudo
2566 5107 2896 5185 monstretur.
2923 5109 3032 5165 Nos
3055 5107 3351 5185 utrobique
3366 5107 3643 5178 exempla-

2041 5183 2122 5309 3³
2178 5181 2316 5238 ἕηεεζη
2361 5183 2635 5241 versionis
2679 5183 3120 5256 liieronymiante
3181 5181 3353 5236 secuti
3428 5192 3640 5234 sumus.

2095 5271 2224 5309 Αιιτ.

2095 5271 2224 5310 Αιιτ.
3645 5260 3654 5274 ¹

2117 5337 2139 5365 ε
2167 5325 2224 5381 1η
2272 5340 2408 5381 mss.
2439 5324 2612 5396 Regio
2639 5333 2696 5382 et
2734 5325 2950 5380 duobus
2980 5323 3040 5380 S.
3080 5321 3335 5396 Germani
3360 5336 3389 5376 a
3421 5320 3604 5378 Pratis
3628 5362 3644 5388 ,

2043 5410 2106 5452 ac
2139 5398 2189 5452 in
2232 5405 2461 5467 utroque
2486 5393 2712 5452 canone
2743 5396 3027 5453 llebraicze
3061 5393 3343 5467 veritatis,
3374 5407 3538 5448 casus
3563 5402 3649 5448 est

2044 5469 2347 5523 absolutus.
2375 5466 2524 5523 Inter
2553 5480 2654 5523 tres
2679 5468 2936 5523 secundus
2956 5467 3203 5538 inclytus.
3238 5466 3420 5538 Matt'r.
3581 5485 3588 5490 ·

2116 5539 2392 5596 -—Vocem
2422 5541 2615 5611 primm
2659 5539 2920 5596 Hebraeus
2954 5534 3138 5595 text’us
3169 5553 3276 5592 non
3311 5537 3471 5591 habet
3497 5578 3513 5604 ,
3546 5534 3645 5592 sed

1983 5671 1992 5678 ‘
2045 5662 2260 5710 lanium
2304 5660 2384 5715 ΝΣ
2423 5637 2496 5714 RL)
2532 5637 2910 5721 nudam-1m,
2948 5653 3313 5710 Verumtamen
3357 5665 3518 5722 usque
3556 5650 3634 5714 ad

2042 5758 2143 5802 tres
2167 5791 2182 5816 ,
2228 5749 2342 5803 sive
2370 5750 2540 5803 tertios
2566 5791 2580 5816 ,
2627 5764 2729 5802 non
2755 5750 2980 5817 pervenit
3005 5764 3023 5806 :
3052 5747 3273 5806 Oramus
3304 5759 3518 5819 quoque
3550 5747 3634 5802 καὶ

2038 5823 2136 5883 ἕως
2161 5828 2262 5878 τῶν
2291 5827 2446 5895 τριῶν
2473 5824 2563 5877 οὐκ
2587 5821 2805 5898 ἤρχετο.
