4112 6354
333 329 473 392 1385

1687 330 1915 392 VERBA
1956 330 2243 393 DIERUM.

3472 340 3614 400 1566

401 444 873 520 Contristatusque
893 453 978 504 est
1001 445 1194 518 David,
1242 460 1309 504 eo
1335 446 1477 520 quod
1509 446 1783 506 divisisset
1816 450 1922 506 Do-
1950 453 2003 512 Α
2101 447 2323 504 Necnon
2345 446 2799 520 etfiliosAaron,
2837 457 2891 504 et
2921 449 3155 506 Levilas.

329 519 511 576 minus
539 519 700 575 Ozam
732 540 746 577 :

408 591 735 664 Vocavitque
782 591 959 648 locum
1008 592 1163 649 illum
1195 610 1208 649 :
1238 592 1439 649 Divisio
1477 593 1608 661 Oza,
1651 608 1822 664 usque
1866 592 1920 648 in

330 673 657 735 praesentem
683 663 847 720 diem.

403 734 471 790 Et
500 733 677 809 timuit
706 736 870 809 Deum
904 745 1032 809 tunc
1061 736 1344 809 temporis,
1376 735 1602 793 dicens:
1638 736 1922 805 Quomodo

328 821 551 878 possum
583 806 649 861 ad
679 823 766 863 me
805 808 1147 864 introducere
1176 806 1360 865 aream
1390 808 1483 863 Dei
1508 809 1532 863 ?

403 878 473 950 Et
517 879 587 934 ob
616 878 755 934 hanc
777 893 995 934 causam
1026 895 1135 935 non
1177 897 1295 936 eam
1343 880 1569 935 adduxit
1606 880 1673 935 ad
1705 896 1787 950 se,
1818 881 1921 936 hoc

331 960 415 1005 est
438 948 493 1004 in
515 950 789 1006 civitatem
817 950 1122 1018 David,sed
1147 953 1343 1008 avertit
1372 954 1424 1006 in
1454 952 1673 1007 domum
1704 948 1919 1009 Obedc-

330 1021 455 1077 dom
484 1021 738 1078 Gettltari.

400 1092 595 1220 gagaten
624 1108 755 1165 ergo
794 1108 919 1151 arca
950 1094 1045 1152 Dei
1088 1095 1143 1152 in
1188 1094 1352 1153 domo
1382 1094 1696 1152 Obededom
1744 1095 1918 1153 tribus

460 1181 505 1220 8|
547 1181 655 1220 IIS:

328 1179 613 1222 11181181ου8
639 1182 655 1220 ζ

398 1235 486 1308 Et,
519 1236 799 1293 benedixit
850 1238 1113 1294 Dominus
1153 1237 1340 1295 domui
1390 1238 1529 1308 ejus,
1581 1248 1637 1296 et
1667 1240 1917 1295 omnibus

326 1321 451 1378 qua:
474 1307 727 1364 habebat.

399 1378 556 1455 [(Σαρἶ
581 1379 926 1455 _XIV.]Misit
952 1395 1169 1455 quoque
1196 1382 1378 1438 Hiram
1406 1397 1499 1439 rex
1532 1380 1666 1455 Tyri
1695 1383 1918 1440 nuntios

328 1450 411 1505 ad
432 1451 597 1507 David
613 1494 629 1517 ,
658 1461 714 1507 et
738 1450 881 1523 ligna
911 1450 1158 1518 cedrina,

363 1593 377 1605 .
398 1524 715 1649 eilartiﬁces
729 1524 1020 1596 parietum,
1048 1525 1427 1597 lignorumque
1456 1541 1471 1580 :
1500 1535 1557 1582 ut
1585 1526 1918 1584 :ediﬁcarent

363 1611 381 1649 ι
451 1611 654 1649 omum.

327 1609 381 1650 ει
410 1609 654 1651 domum.

397 1665 769 1738 Cognovitque
798 1665 964 1723 David
991 1667 1134 1737 quod
1165 1669 1545 1725 confirmasset
1575 1685 1697 1726 eum
1732 1670 1913 1725 Domi-

325 1752 428 1792 nus
459 1738 512 1793 in
553 1754 737 1809 regem
774 1754 941 1810 super
969 1738 1160 1808 Israel,
1186 1750 1239 1795 et
1268 1741 1611 1797 sublevatum
1634 1750 1781 1798 esset
1829 1758 1917 1798 re-

324 1824 488 1879 gnum
516 1825 675 1866 suum
702 1826 869 1882 super
898 1812 1153 1881 populum
1182 1812 1300 1881 ejus
1328 1813 1517 1868 Israel.

396 1883 621 1955 Accepit
646 1899 865 1955 quoque
894 1883 1058 1955 David
1082 1884 1217 1939 alias
1250 1899 1447 1940 uxores
1479 1885 1532 1939 iu
1563 1884 1909 1941 Jerusalem:

321 1954 621 2025 geniuitque
652 1954 815 2021 ﬁlios,
841 1962 897 2011 et
928 1954 1086 2008 tilias.

396 2023 465 2079 Et
498 2023 615 2097 haec
644 2028 860 2082 nomina
890 2040 1103 2097 eorum,
1126 2024 1232 2097 qui
1261 2026 1371 2081 nati
1414 2036 1542 2083 sunt
1582 2027 1634 2083 ei
1663 2027 1715 2082 in
1757 2028 1915 2083 Jeru-

322 2096 492 2151 salem
521 2113 535 2149 :
560 2096 782 2161 Samua,
807 2096 1075 2156 etSobab.
1094 2096 1333 2166 Nathan,
1360 2107 1413 2154 et
1429 2100 1708 2164 Salomon,
1728 2098 1911 2166 Jebar,

322 2176 380 2242 et
400 2168 605 2242 bilisna,
636 2181 699 2242 et.
720 2168 1187 2242 ΕιίιιιιειιςινΝοεει
1216 2186 1461 2240 quoque,
1496 2181 1551 2226 et
1574 2170 1795 2242 Napbeg
1815 2215 1829 2240 ,
1860 2181 1915 2226 et

321 2238 535 2308 Japbie,
569 2238 829 2308 Elisama,
859 2251 913 2295 et
944 2238 1184 2311 Baliada,
1216 2238 1270 2297 et
1298 2238 1589 2311 Elipbalet.

398 2312 697 2385 Audientes
720 2325 899 2368 autem
926 2310 1234 2366 I’bilisthim
1267 2329 1333 2368 eo
1368 2310 1511 2385 quod
1546 2323 1741 2369 unctus
1766 2324 1915 2368 esset

326 2381 495 2437 David
520 2385 575 2439 in
600 2400 780 2455 regem
810 2399 970 2454 super
986 2388 1307 2441 universum
1327 2381 1517 2454 Israel,
1549 2386 1915 2443 ascenderunt

324 2469 515 2527 omnes
541 2465 597 2510 ut
625 2467 931 2527 quaererent
957 2470 1079 2527 cuin
1117 2472 1132 2509 :

360 2525 551 2608 .Quod
587 2525 711 2583 cum
738 2528 981 2583 audisset
1016 2525 1185 2582 David
1208 2570 1222 2597 ,
1267 2542 1520 2600 egressus
1566 2539 1652 2587 est
1691 2530 1911 2586 obviam

324 2611 427 2652 CIS.

325 2740 367 2794 ﬂ
396 2668 567 2795 Polrro
596 2670 909 2727 Philisthim
940 2671 1253 2737 venientes,
1283 2671 1465 2727 diffusi
1496 2682 1620 2729 sunt
1662 2673 1716 2729 in
1760 2673 1914 2730 Valle

374 2756 442 2795 Μ)
483 2758 613 2795 illm.

351 2742 613 2798 labhahn.

394 2756 786 2884 It’it'tltitlt'ti‘lititque
807 2813 974 2870 David
1003 2815 1310 2880 Dominttm,
1343 2815 1531 2872 dicens
1565 2831 1580 2871 :

396 2884 450 2941 Si
500 2888 788 2943 ascendam
830 2886 899 2941 ad
941 2887 1307 2955 Philisthzeos,
1338 2898 1393 2943 et
1434 2890 1478 2943 si
1522 2886 1704 2944 trades
1734 2902 1830 2946 eos
1859 2889 1912 2945 in

324 2971 486 3010 manu
511 2959 675 3013 mea?

330 3078 331 3081 η
399 3028 465 3083 Ει
492 3027 630 3086 dixit
664 3028 715 3087 ei
744 3029 1005 3086 Dominus
1038 3048 1053 3085 :
1089 3030 1358 3098 Ascende,
1386 3038 1444 3087 et
1473 3030 1682 3087 tradam
1713 3047 1809 3088 eos
1858 3033 1912 3088 in

323 3115 485 3157 manu
512 3112 621 3159 tua.

396 3172 639 3248 Comque
676 3174 752 3229 illi
800 3175 1178 3248 ascendissent
1208 3175 1260 3231 in
1294 3174 1758 3243 Baal-Pbarasim,
1786 3190 1913 3248 per-

324 3244 497 3298 cussit
525 3262 621 3300 eos
650 3248 720 3300 ibi
755 3246 942 3310 David,
976 3257 1031 3303 et
1060 3246 1194 3302 dixit
1225 3265 1238 3301 :

400 3317 585 3390 Divisit
609 3318 750 3372 Deos
774 3318 1021 3373 inimicos
1046 3333 1198 3374 meos
1223 3334 1318 3389 per
1345 3333 1562 3374 manum
1585 3332 1783 3390 meam,
1800 3320 1904 3377 sic-

334 3396 389 3441 ut
417 3386 734 3443 dividuntur
761 3405 950 3459 aquae:

399 3460 465 3513 Iit
481 3460 679 3516 idcirco
702 3472 951 3517 vocatum
978 3471 1064 3519 est
1083 3476 1283 3519 nomen
1315 3461 1459 3517 illius
1487 3461 1588 3517 loci
1614 3462 1911 3519 Baal-Pha-

322 3544 510 3585 l‘ﬂSlm.

352 3673 366 3684 .
397 3602 922 3684 Dereliqueruntque
964 3604 1038 3661 ibi
1082 3605 1212 3662 deos
1240 3620 1399 3674 suos,
1429 3620 1569 3675 quos
1604 3605 1767 3661 David
1795 3607 1909 3677 jus-

321 3676 393 3728 sit
419 3676 593 3731 exuri.

397 3746 518 3801 Alia
570 3748 731 3804 etiam
780 3750 901 3805 vice
947 3748 1253 3805 Pltilistbim
1306 3750 1606 3814 irruerunt,
1647 3758 1701 3805 et
1724 3749 1906 3805 diffusi

321 3829 446 3872 sunt
472 3820 524 3873 in
545 3820 705 3875 valle.

322 3889 789 4015 DCnnsuluitque
834 3909 1047 3950 rursum
1092 3892 1263 3949 David
1316 3892 1515 3961 Deum,
1572 3902 1629 3948 et
1677 3891 1814 3948 dixit
1859 3893 1908 3948 ei

370 3975 467 4015 cus
503 3981 515 4015 :

370 3975 467 4017 eus
503 3981 515 4015 ε

394 4034 507 4089 Non
534 4036 797 4091 ascendas
827 4046 953 4108 post
990 4051 1118 4102 eos,
1162 4035 1358 4092 recede
1400 4034 1470 4090 ab
1497 4035 1577 4091 eis
1598 4078 1614 4104 ,
1648 4045 1703 4092 et
1723 4035 1911 4091 venies

322 4114 511 4181 coolra
539 4108 657 4161 illos
679 4123 744 4163 ex
767 4109 997 4163 adverso
1028 4124 1309 4181 pyrorum.

393 4177 635 4248 Cumque
661 4181 900 4235 audieris
944 4177 1180 4234 sonitum
1202 4178 1503 4250 gradientis
1532 4179 1587 4235 in
1630 4178 1910 4235 cacumine

322 4264 603 4323 pyr_orum,
632 4259 757 4306 tunc
784 4252 1079 4323 egredieris
1104 4252 1169 4306 ad
1201 4252 1425 4307 bellant.

400 4321 663 4394 Egressus
690 4334 770 4378 est
796 4321 939 4379 enim
980 4324 1122 4380 Deus
1148 4333 1275 4380 ante
1307 4334 1378 4393 te,
1410 4333 1465 4378 ut
1496 4323 1764 4394 percutiat
1792 4338 1906 4379 eas-

324 4401 402 4445 tra
435 4392 763 4448 l’hilistbim.

396 4462 558 4538 Fecit
584 4478 715 4533 ergo
753 4466 924 4538 David
965 4466 1105 4521 sicut
1156 4474 1510 4538 praeceperat
1539 4467 1591 4521 ei
1648 4467 1815 4534 Deus,
1855 4474 1911 4522 et

322 4535 586 4602 percussit
627 4545 803 4590 castra
853 4535 1446 4603 I’hilisthinorum,'dc
1485 4536 1707 4593 Gabaon
1742 4553 1911 4606 usque

322 4606 552 4658 tiazera.

398 4675 852 4749 Divulgatumque
893 4691 975 4733 cSt
1007 4694 1203 4733 nomen
1247 4677 1413 4733 David
1444 4677 1499 4749 in
1531 4678 1799 4733 universis
1828 4695 1908 4733 re-

320 4747 591 4816 gionibus,
617 4761 669 4804 et
699 4747 957 4805 Dominus
983 4750 1131 4806 dedit
1159 4764 1410 4821 pavorem
1447 4748 1565 4820 ejus
1597 4764 1761 4821 super
1791 4765 1911 4804 oat-

323 4834 419 4872 nes
444 4830 653 4887 gentes.

396 4892 548 4962 |Cap.
598 4890 743 4964 XV.]
788 4892 941 4949 Fecit
983 4908 1200 4963 quoque
1244 4892 1346 4948 sibi
1382 4892 1579 4948 domos
1610 4892 1662 4947 in
1690 4891 1913 4949 civitate

324 4960 503 5036 David
528 4984 541 5017 :
571 4974 622 5019 et
648 4960 938 5021 aediﬁcavit
968 4960 1145 5021 locum
1174 4980 1313 5021 arcte
1340 4965 1457 5034 Dei,
1494 4966 1833 5036 tetenditque
1860 4968 1911 5022 ei

328 5035 758 5091 tabernaculum.

394 5107 549 5161 'l‘noe
585 5109 729 5163 dixit
774 5108 941 5163 David
970 5125 985 5163 :
1015 5108 1264 5164 lllicitum
1310 5118 1392 5164 est
1424 5119 1484 5164 ut
1514 5126 1541 5161 a
1566 5123 1912 5178 quocumque

321 5187 569 5250 portetur
594 5194 715 5234 arca
746 5182 836 5236 Dei
861 5181 960 5235 nisi
992 5197 1017 5233 a
1042 5179 1264 5243 Levitis,
1294 5196 1433 5250 quos
1459 5181 1621 5250 elegit
1648 5180 1908 5235 Dominus

320 5249 388 5323 ad
436 5252 755 5318 portandum
786 5268 905 5308 eam
926 5293 940 5317 ,
970 5260 1025 5307 ct
1050 5253 1116 5306 ad
1146 5249 1569 5308 ministrandum
1606 5252 1707 5306 sibi
1740 5269 1907 5323 usque

319 5320 376 5375 in
404 5328 666 5377 mternum
687 5363 701 5376 .

391 5393 859 5464 Congregavitque
903 5395 1218 5450 universum
1258 5393 1421 5450 Israel
1480 5396 1533 5453 in
1578 5394 1905 5463 JeruSalem,

318 5472 381 5518 ut
408 5464 694 5539 efferretur
724 5482 852 5523 arca
885 5468 979 5524 Dei
1006 5467 1059 5523 in
1092 5466 1273 5524 locum
1301 5483 1481 5535 suum,
1509 5483 1669 5539 quem
1697 5483 1908 5539 praepa-

318 5544 533 5592 raverat
562 5538 632 5593 ei.

270 5805 275 5809 _
395 5749 421 5775 ει
448 5736 710 5794 llebrarus
741 5739 899 5795 habet
939 5721 1132 5803 mran
1152 5737 1531 5805 (autnatsealth,
1561 5736 1704 5807 quod
1734 5736 1925 5792 lliero-

320 5824 514 5882 nymus
540 5811 667 5881 legit
692 5811 1005 5867 Lamanasse
1028 5813 1296 5882 prooemio
1318 5808 1844 5882 Commentariorum
1870 5811 1923 5865 in

323 5881 636 5951 Danielem,
679 5886 771 5941 ubi
800 5884 993 5942 asserit
1024 5881 1163 5942 hanc
1197 5897 1382 5941 vocem
1418 5881 1806 5955 Symmachum
1834 5882 1925 5939 itt-

1938 4645 1991 4705 D

2104 520 2178 574 De
2222 518 2623 599 ﬁlii_s_Mcrari,
2668 519 2827 576 Asaia
2856 524 3132 594 princeps,
3176 529 3232 579 et
3269 522 3468 581 fratres
3499 528 3617 599 ejus

2026 590 2244 646 ducenti
2278 590 2488 661 viginti.

2100 662 2178 718 De
2223 662 2347 742 ﬁliis
2372 662 2634 742 (insunt,
2686 662 2809 742 .loel
2856 666 3130 738 princeps,
3162 676 3217 725 et
3261 667 3460 727 fratres
3498 671 3616 742 ejus

2025 746 2242 790 centum
2276 734 2491 804 triginta
2524 734 2729 805 viginti.

2101 806 2175 862 De
2225 806 2348 862 ﬁliis
2392 806 2644 875 Gersom,
2696 806 2813 864 Joel

2031 888 2248 932 centum
2279 878 2521 947 triginta.

2106 949 2336 1027 De_liliis
2368 948 2682 1027 Elisapltan,
2722 950 2965 1009 Semeias
2991 953 3273 1027 princeps,
3305 967 3362 1014 et
3406 958 3603 1016 fratres

2023 1019 2142 1090 ejus
2168 1021 2406 1077 ducenti.

2098 1093 2171 1174 De
2194 1093 2314 1148 ﬁliis
2344 1093 2580 1160 Hebron,
2610 1095 2740 1150 Eliel
2766 1095 3038 1169 princeps,
3069 1110 3124 1157 et
3150 1099 3346 1158 fratres
3373 1102 3491 1174 ejus
3519 1118 3610 1161 oc-

2019 1168 2247 1234 triginta.

2091 1236 2167 1319 De
2200 1236 2329 1319 [hiis
2351 1236 2521 1319 0_zii-_l,
2557 1236 2855 1295 Aminadab
2884 1240 3159 1314 princeps,
3188 1254 3243 1301 et
3271 1244 3469 1304 fratres
3495 1248 3612 1319 ejus

2019 1316 2237 1364 centum
2262 1310 2570 1365 duodecim.

2095 1378 2444 1457 Y_ocavitquc_
2472 1381 2645 1457 David
2672 1382 2846 1457 Sadoc
2877 1393 2933 1439 et
2961 1384 3227 1443 Abiatbar
3256 1389 3607 1457 Sacerdotes,

2017 1459 2075 1577 et
2114 1450 2369 1576 Devita's,
2401 1450 2573 1521 Uriel,
2623 1454 2863 1522 Asaiam,
2892 1457 3033 1526 Joel,
3068 1459 3359 1530 Semeiam,
3393 1463 3525 1518 Eliel
3558 1450 3614 1518 et

2070 1537 2322 1577 minata.)
2357 1541 2371 1577 :

2070 1537 2322 1577 mtnaoau
2357 1541 2371 1577 ε

2092 1594 2157 1672 Et
2178 1595 2321 1672 dixit
2348 1596 2416 1651 ad
2438 1610 2533 1651 eos
2558 1615 2570 1651 :
2595 1596 2704 1672 Yos
2726 1599 2816 1670 qui
2839 1601 2971 1656 estis
2991 1602 3262 1672 principes
3290 1605 3609 1660 familiarum

2018 1664 2401 1745 Leviticarutn,
2431 1664 2840 1745 s:_i_ncti_ﬁcan}ini
2871 1664 3005 1727 cum'
3027 1664 3288 1729 fratribus
3313 1678 3532 1745 vestris,
3559 1688 3615 1732 et

2016 1737 2205 1794 afferte
2253 1754 2431 1820 arcam
2468 1740 2679 1795 Domini
2729 1743 2826 1799 Dei
2867 1746 3057 1812 Israel,
3091 1747 3156 1800 ad
3198 1747 3404 1819 locum,
3433 1737 3530 1820 qui
3554 1750 3607 1805 ci

2091 1819 2361 1880 separatus
2387 1822 2462 1866 est
2504 1831 2516 1866 :

2855 811 3129 882 princeps,
3165 821 3221 869 et
3262 814 3460 871 fratres
3496 815 3613 887 ejus

2022 1824 2361 1880 praeparatus
2387 1824 2462 1866 ρει
2504 1831 2516 1866 :

1944 1857 1991 1917 Β
2087 1880 2179 1963 Νς
2200 1891 2257 1935 ut
2283 1897 2310 1936 a
2340 1882 2629 1963 principio,
2659 1885 2779 1963 quia
2806 1902 2909 1940 non
2938 1888 3105 1963 eratis
3135 1900 3452 1959 prmsentcs,
3487 1906 3610 1963 per—

2016 1953 2187 2034 cussit
2216 1966 2318 2006 nos
2350 1955 2609 2034 Dominus
2637 1971 2653 2010 :
2681 1953 2776 2010 isic
2804 1967 2859 2013 et
2888 1974 3028 2014 nunc
3055 1953 3168 2029 ﬁat,
3207 1953 3455 2018 illicitum
3484 1953 3609 2034 quid

2018 2023 2176 2079 nobis
2210 2025 2515 2091 agentibus.

2089 2094 2426 2151 Sanctiﬁcati
2464 2105 2594 2173 suot
2635 2112 2764 2173 ergo
2787 2100 3137 2173 sacerdotes,
3177 2114 3230 2159 et
3267 2103 3496 2172 Levitae,
3548 2116 3605 2161 ut

2018 2176 2297 2237 portarent
2324 2182 2504 2222 arcam
2534 2169 2747 2225 Dotnini
2784 2171 2874 2225 Dei
2904 2172 3092 2228 Israel.

2094 2238 2157 2292 Et
2185 2240 2425 2318 tulerunt
2458 2241 2550 2318 lilii
2591 2241 2719 2318 Levi
2743 2257 2925 2318 arcam
2958 2244 3076 2318 Dei,
3104 2245 3243 2300 sicut
3274 2256 3611 2318 prteecperat

2017 2309 2196 2435 Moses
2231 2310 2384 2380 juxta
2418 2313 2640 2367 verbum
2678 2312 2924 2381 Domini,
2970 2309 3211 2374 humeris
3255 2309 3370 2373 suis
3392 2361 3405 2386 ,
3439 2309 3491 2375 iit
3524 2338 3613 2375 ve-

2017 2392 2086 2435 ctl
2135 2396 2212 2435 us.

2016 2392 2212 2435 CtlDtlS.

2088 2452 2341 2523 Dixitque
2371 2453 2538 2526 David
2573 2455 2907 2526 principibus
2936 2456 3269 2524 Levitarum,
3312 2472 3369 2516 ut
3408 2465 3614 2517 consti-

2016 2532 2234 2579 tuerent
2260 2526 2341 2600 de
2365 2525 2622 2600 fratribus
2651 2529 2765 2583 suis
2793 2537 3043 2584 cantores
3084 2532 3135 2586 in
3185 2534 3407 2600 organis
3439 2536 3609 2591 musi-

2015 2610 2223 2663 corum,
2259 2597 2432 2674 nablis
2462 2600 2740 2674 videlicet,
2768 2610 2822 2655 et
2851 2600 3004 2674 lyris,
3036 2610 3091 2656 et
3121 2597 3406 2674 cymbalis,
3434 2615 3491 2661 ut
3523 2622 3611 2662 rc-

2019 2678 2241 2723 sonaret
2270 2669 2324 2723 in
2355 2671 2587 2724 excelsis
2610 2674 2820 2726 sonitus
2849 2669 3068 2726 laetitiat.

2086 2738 2608 2817 constitueruntque
2647 2743 2900 2817 Levitas:
2948 2742 3116 2817 Eman
3161 2745 3330 2803 ﬁlium
3372 2748 3515 2817 Joel,
3557 2758 3612 2804 et

2017 2809 2086 2866 de
2112 2810 2371 2883 fratribus
2394 2809 2535 2882 ejus,
2566 2814 2746 2883 Asapb
2778 2815 2943 2869 lilimn
2972 2814 3249 2877 Barachite
3286 2837 3298 2871 :

2088 2883 2163 2937 De
2189 2882 2334 2958 Afiliis
2362 2899 2492 2939 vero
2537 2882 2730 2941 Morari
2772 2886 3032 2941 fratribus
3063 2902 3296 2958 eorum,
3326 2891 3503 2946 Etltan
3544 2891 3607 2947 ﬁ-

2016 2954 2147 3009 lium
2178 2952 2411 3010 Casaiae.

2086 3026 2299 3099 Etcum
2327 3028 2405 3082 eis
2427 3027 2625 3084 fratres
2650 3043 2837 3085 eorum
2863 3047 2875 3082 :
2903 3030 2957 3083 in
2980 3032 3222 3088 secundo
3243 3032 3469 3099 Ordine,
3503 3034 3606 3087 Za-

2013 3097 2276 3174 chariam,
2295 3100 2514 3174 et__Ben,
2540 3111 2593 3156 et
2620 3100 2809 3174 iaziel,
2837 3112 2891 3156 et
2915 3099 3308 3171 Semiramoth,
3335 3116 3388 3159 et
3411 3097 3612 3174 Jahiel,

2018 3177 2090 3243 et
2117 3170 2258 3238 Atti,
2293 3170 2446 3243 Eliab
2473 3213 2487 3237 ,
2520 3183 2573 3228 ct
2619 3173 2899 3235 Benaiam,
2931 3181 2987 3227 et
3018 3170 3301 3243 Maasiam,
3327 3186 3381 3231 et
3410 3170 3614 3231 Mallia;

1937 3242 1985 3307 ρ,
2017 3241 2219 3314 t_ltiam,
2254 3250 2309 3297 et
2335 3242 2582 3313 Eliphalu
2605 3286 2621 3312 ,
2660 3255 2713 3299 et
2742 3245 3034 3300 Maeoniam
3066 3286 3081 3313 ,
3109 3260 3161 3303 ct
3198 3241 3523 3314 Oliededon,
3557 3258 3614 3305 et

2013 3312 2170 3378 Jciel,
2196 3314 2485 3383 janitores.

2088 3385 2256 3464 porro
2277 3394 2547 3464 cantores,
2579 3387 2781 3455 Eman,
2815 3392 3019 3464 Asaph,
3060 3403 3117 3449 et
3143 3391 3341 3460 Etltan,
3368 3392 3421 3447 in
3452 3406 3604 3464 cym-

2012 3454 2153 3511 balis
2180 3460 2347 3512 :eneis
2375 3454 2789 3527 coocrepantes.

2088 3528 2378 3601 Zacharias
2426 3541 2605 3586 autem
2634 3572 2647 3595 ,
2699 3545 2750 3587 et
2803 3535 2974 3596 Oziel.
3021 3545 3075 3590 et
3122 3534 3510 3601 Semiramoth,
3557 3547 3613 3590 et

2012 3598 2209 3676 Jahiel,
2239 3610 2293 3656 ct
2316 3601 2419 3655 Atii
2446 3642 2461 3667 ,
2496 3614 2549 3658 et
2572 3603 2726 3676 Eliab
2749 3646 2762 3670 ,
2796 3616 2849 3661 et
2880 3606 3109 3663 Mnasias
3136 3649 3151 3675 ,
3184 3616 3240 3662 et
3272 3598 3523 3676 Banaias,
3559 3609 3612 3661 itt

2015 3673 2189 3727 nabtis
2216 3688 2409 3727 arcana
2440 3675 2753 3730 cantabant.

2085 3744 2256 3818 Porro
2288 3743 2609 3800 Mathathias
2633 3790 2647 3812 ,
2680 3757 2733 3801 et
2764 3749 3010 3818 Eliphalu
3039 3790 3051 3813 ,
3097 3758 3152 3804 et
3195 3750 3467 3805 Maeonias
3491 3792 3505 3811 .
3558 3760 3611 3805 ct

2012 3814 2329 3893 Obededon,
2366 3826 2420 3893 et
2443 3817 2600 3884 Jeiel,
2630 3829 2684 3874 et
2709 3814 2929 3889 Uzaziu,
2957 3822 3010 3877 in
3034 3822 3259 3877 citharis
3287 3838 3383 3893 pro
3416 3830 3604 3877 octava

2013 3887 2283 3943 canebant
2310 3897 2335 3925 α
2371 3889 2628 3945 ἐπινίκιον.

2084 3958 2394 4036 Chonenias
2422 3973 2599 4036 autem
2644 3962 2895 4034 princeps
2928 3964 3236 4020 Levitarnm
3269 4009 3280 4029 ,
3308 3965 3610 4036 prophetia!

2014 4042 2275 4108 proterat,
2309 4035 2389 4108 _ad
2424 4034 2822 4103 precineudatn
2874 4038 3165 4093 melodiam
3200 4054 3214 4092 :
3264 4034 3383 4092 erat
3410 4034 3610 4108 quippe

2016 4102 2171 4158 valde
2207 4102 2447 4173 sipiens.

2090 4173 2155 4248 Et
2179 4174 2490 4241 Baracltias,
2519 4188 2571 4231 et
2602 4177 2821 4246 Elcana,
2850 4178 3114 4248 ianitores
3140 4195 3297 4235 arere.

2085 4244 2257 4301 Porro
2310 4248 2593 4313 Sebeuias,
2642 4258 2698 4304 et
2735 4244 3015 4317 Josapbat,
3080 4261 3134 4306 et
3181 4250 3513 4318 Nathanacl,
3555 4260 3606 4306 et

2016 4317 2233 4372 Amasai
2254 4361 2268 4385 ,
2299 4335 2346 4374 ei
2380 4318 2679 4375 Zacharias
2705 4363 2719 4386 ,
2752 4331 2807 4374 et
2838 4321 3097 4389 Banaias,
3144 4332 3195 4376 et
3228 4322 3440 4375 Eliezer
3463 4317 3503 4390 ,ν
3526 4337 3611 4377 sa-

2014 4391 2288 4455 cerdotes,
2320 4392 2640 4458 clangebant
2671 4392 2812 4446 tubis
2839 4406 3022 4446 coram
3056 4410 3178 4447 arca
3210 4393 3328 4447 Dei.

2091 4463 2155 4534 Et
2178 4461 2514 4527 Obededom,
2558 4470 2617 4516 et.
2642 4461 2846 4527 Jehias,
2876 4473 3031 4518 erant
3053 4465 3322 4534 janitores
3346 4479 3486 4519 arca:
3520 4480 3534 4518 :

2085 4532 2250 4602 Igitur
2281 4534 2472 4596 David,
2497 4544 2548 4588 et
2576 4548 2766 4589 omnes
2795 4535 3026 4603 majores
3052 4532 3178 4590 nato
3211 4537 3396 4602 Israel,
3430 4545 3484 4591 et
3515 4534 3609 4589 tri-

2018 4604 2166 4668 buni,
2203 4606 2378 4658 ierunt
2406 4606 2473 4657 ad
2505 4605 2893 4673 dcportandam
2922 4622 3105 4662 arcam
3136 4606 3357 4663 fwderis
3392 4606 3603 4662 Domini

2017 4676 2083 4730 de
2114 4674 2276 4729 domo
2306 4676 2620 4740 Obedetlon,
2652 4693 2772 4731 cum
2804 4677 3010 4733 lmtitia.

2089 4746 2337 4821 Cumque,
2369 4748 2663 4821 adjuvisset
2688 4749 2851 4821 Deus
2885 4749 3101 4806 Levitas
3130 4792 3144 4814 ,
3188 4750 3280 4820 qui
3323 4746 3611 4821 portabant

2015 4833 2197 4874 arcam
2237 4820 2454 4894 foederis
2487 4819 2721 4888 Domini,
2750 4822 3172 4878 immolabantur
3198 4819 3406 4894 Septem
3439 4821 3602 4887 tauri,

2017 4900 2072 4947 et
2093 4900 2301 4960 septem
2334 4890 2557 4946 arietes.

2090 4962 2257 5037 Porro
2293 4963 2455 5037 David
2480 4973 2599 5017 erat
2619 4963 2837 5019 indutus
2854 4965 2993 5019 stola
3023 4965 3238 5037 byssina
3262 5008 3275 5030 ,
3297 4974 3353 5021 et
3376 4964 3612 5023 universi

2017 5036 2247 5099 Levittc,
2288 5036 2379 5105 qui
2412 5036 2699 5106 portabant
2727 5051 2929 5102 arcam,
2965 5036 3350 5107 cantare-sque,
3385 5047 3439 5093 et
3468 5037 3611 5093 Cho-

2017 5108 2206 5163 nenias
2230 5107 2482 5177 princeps
2511 5107 2811 5179 prepltelia:
2842 5110 2981 5163 inter
3011 5120 3265 5164 cantores
3296 5126 3310 5163 :

2085 5179 2253 5233 David
2276 5189 2456 5233 autem
2486 5180 2702 5234 indutus
2730 5191 2845 5234 erat
2868 5183 3027 5235 etiam
3062 5181 3242 5250 ephod
3275 5182 3442 5236 lineo.

2084 5250 2488 5322 Universttsque
2539 5251 2702 5305 Israel
2752 5251 3095 5306 deducebant
3142 5268 3324 5307 arcam
3378 5250 3607 5308 foederis

2013 5321 2229 5379 Domini
2276 5322 2329 5376 in
2364 5322 2569 5391 jubilo,
2610 5332 2664 5377 et
2712 5324 2894 5378 sonitu
2940 5323 3205 5387 buccinat,
3248 5333 3304 5379 et
3356 5324 3522 5391 tubis,
3561 5335 3615 5378 et

2010 5394 2296 5467 cymbalis,
2332 5404 2388 5448 et
2413 5393 2606 5461 nablis,
2642 5402 2697 5449 et
2725 5393 2963 5467 citharis
2981 5396 3399 5467 concrepantes.

2082 5465 2323 5535 Cumque
2346 5470 2689 5537 pervenisset
2714 5482 2836 5521 arca
2860 5466 3082 5521 foederis
3110 5466 3320 5522 Domini
3341 5481 3516 5537 usque
3540 5465 3608 5520 ad

2011 5537 2285 5594 civitatem
2340 5535 2532 5605 David,
2578 5536 2775 5594 Michol
2808 5537 2916 5593 tilia
2956 5538 3086 5595 Saul
3136 5535 3480 5611 prospiciens
3515 5553 3614 5609 per

2033 5736 2322 5807 terprelari
2345 5738 2598 5813 imoimo
2618 5780 2651 5813 ,_
2667 5737 2812 5813 quod
2854 5738 3071 5813 proprie
3108 5737 3471 5812 triumphum,
3505 5739 3624 5812 pal-

2032 5826 2283 5883 mamque
2313 5810 2603 5882 significat.
2635 5811 2811 5869 MART.
