4112 6354
286 329 428 390 1349

1644 333 1871 395 VERBA
1916 330 2198 394 DIERUM.

3429 342 3568 402 1350

355 448 421 532 lit
450 447 781 532 deditocum
809 448 1011 532 popqu
1040 463 1163 506 meo
1194 448 1363 505 Israel
1401 466 1414 503 :
1442 448 1794 532 pl'antabitur,
1818 459 1871 505 ct
1897 453 1945 512 Α
1979 450 2109 506 lium
2130 502 2136 507 .
2160 449 2446 532 protraheret.
2470 450 2749 532 A_dade’ze_r
2782 454 3126 532 regiusolia:
3159 457 3253 513 sed
3300 467 3356 515 et
3407 459 3565 532 hujus

282 517 547 574 habitabit
578 519 630 575 in
660 537 746 585 eo,
785 517 839 575 et
867 517 1004 576 ultra
1028 538 1132 577 non
1162 522 1597 577 commovebitur
1624 537 1636 575 :

354 592 467 648 Nec
498 593 589 646 lilii
621 594 923 663 iniquitatis
948 604 1179 648 atterent
1201 610 1317 663 eos,
1347 594 1491 648 sicut
1514 608 1542 647 a
1578 593 1867 663 principio,

283 678 352 718 ex
389 665 613 729 diebus,
656 667 850 734 quibus
889 665 1011 721 dedi
1046 665 1258 733 judices
1293 666 1494 735 popqu
1529 680 1651 721 meo
1682 666 1870 732 Israel,

283 745 341 791 et
373 737 649 792 humiliari
684 739 964 792 universos
995 737 1241 792 inimicos
1276 748 1422 792 tuos.

359 808 637 865 Annuutio
663 826 792 880 ergo
822 811 938 878 tibi,
970 809 1116 880 quod
1158 811 1526 865 aediﬁcaturus
1558 808 1873 865 sitdomum

286 881 382 937 tibi
414 882 676 936 Dominus
706 898 716 934 :

358 952 601 1023 Cumque
633 952 947 1023 impleveris
973 952 1087 1007 dies
1120 960 1263 1018 tuos,
1299 962 1357 1008 ut
1384 952 1556 1008 vadas
1596 953 1662 1005 ad
1695 963 1877 1020 patres

286 1033 433 1089 tuos,
465 1024 742 1079 suscitabo
773 1040 961 1080 semen
994 1035 1146 1079 tuum
1196 1036 1315 1094 post
1360 1036 1431 1093 te,
1466 1024 1610 1095 quod
1655 1024 1763 1079 erit
1808 1024 1876 1079 de

287 1095 419 1152 Iiliis
442 1097 571 1164 luis,
602 1106 655 1151 et
681 1096 954 1152 stabiliam
986 1112 1209 1166 regnum
1235 1095 1375 1166 ejus.

364 1168 485 1238 Ipse
528 1167 821 1223 rcdilicabit
866 1165 998 1224 mihi
1035 1165 1277 1235 domum,
1306 1176 1364 1223 et
1411 1167 1639 1223 lirmabo
1674 1166 1875 1222 solium

295 1238 416 1309 ejus
448 1255 619 1308 usque
643 1242 695 1296 in
730 1250 1015 1295 :cternum.

368 1311 484 1382 Ego
515 1326 611 1367 ero
642 1311 691 1367 ei
733 1312 782 1366 in
814 1324 1041 1382 patrem,
1063 1320 1118 1367 et
1144 1312 1258 1381 ipse
1284 1311 1389 1365 erit
1419 1310 1551 1365 mihi
1582 1310 1634 1365 in
1669 1308 1874 1369 lilium:

290 1392 351 1439 et
382 1382 817 1439 misericordiam
863 1399 1038 1439 meam
1083 1399 1191 1438 non
1238 1382 1482 1439 auferam
1519 1382 1590 1438 ab
1617 1398 1706 1449 eo,
1737 1382 1879 1436 sicut

292 1454 492 1511 abstuli
524 1456 591 1509 ab
622 1472 687 1509 eo
716 1456 805 1526 qui
834 1464 959 1510 ante
992 1466 1043 1513 te
1075 1454 1196 1510 fuit.

370 1526 438 1582 Et
476 1535 709 1581 statuam
748 1542 872 1582 eum
902 1528 953 1582 in
982 1528 1146 1582 domu
1178 1541 1318 1594 mea,
1354 1535 1409 1582 et
1436 1526 1488 1581 in
1531 1540 1699 1596 regno
1730 1540 1877 1592 meo,

293 1612 469 1670 usque
493 1599 545 1654 in
576 1600 968 1667 sempiternum
994 1616 1006 1654 :
1039 1608 1095 1655 et
1128 1599 1358 1656 thronus
1383 1598 1500 1669 ejus
1531 1600 1637 1654 erit
1676 1598 1875 1651 ﬁrmis--

293 1671 465 1725 simus
492 1672 542 1724 in
572 1679 911 1740 perpetuum.

367 1740 528 1796 Juxta
557 1742 735 1797 omnia
778 1744 940 1800 verba
986 1741 1125 1809 haec,
1158 1751 1212 1797 et
1258 1742 1413 1810 juxta
1456 1742 1767 1798 universam
1798 1741 1879 1795 vi-

297 1814 509 1869 sionem
543 1813 726 1878 istam,
758 1813 839 1869 sic
868 1816 1081 1870 locutus
1106 1823 1184 1869 est
1209 1813 1420 1871 Natltan
1451 1814 1517 1869 ad
1544 1812 1732 1867 David.

369 1885 611 1953 Cumque
660 1886 896 1942 venisset
947 1902 1041 1942 rex
1084 1885 1272 1952 David,
1316 1896 1369 1941 et
1418 1885 1655 1941 sedisset
1694 1898 1881 1939 coram

296 1955 549 2019 Domino.
578 1957 712 2011 dixit
742 1976 754 2011 :

370 2027 503 2096 Quis
533 2044 634 2098 ego
662 2044 802 2096 sum,
833 2029 1060 2087 Domine
1093 2025 1256 2095 Deus,
1287 2036 1342 2083 et
1372 2041 1491 2098 qua:
1522 2027 1716 2082 domus
1742 2037 1881 2093 mea,

298 2112 357 2155 ut
383 2110 672 2169 prmstares
703 2100 837 2155 mihi
871 2100 1030 2155 talia?

372 2170 480 2227 Sed
527 2181 582 2226 et
628 2173 730 2227 hoc
775 2188 963 2241 parum
1004 2174 1180 2227 visum
1230 2180 1314 2227 est
1354 2171 1405 2226 in
1439 2178 1735 2238 conspectu
1769 2178 1883 2235 tuo,

296 2242 530 2374 ideoque
555 2243 765 2299 locutus
796 2260 855 2299 es
902 2260 1066 2316 super
1097 2244 1318 2300 domum
1342 2245 1491 2300 servi
1520 2243 1599 2297 tni
1624 2244 1787 2297 etiam
1830 2243 1883 2296 in

321 2323 559 2372 uturum.

321 2323 559 2372 'uturum.

374 2390 441 2442 Et
469 2387 640 2460 lecisti
669 2402 757 2443 me
788 2388 1139 2460 spectabilem
1180 2403 1349 2457 super
1378 2401 1571 2442 omnes
1602 2384 1881 2459 homines,

297 2460 529 2518 Domine
560 2459 721 2517 Deus.

371 2534 507 2600 Quid
554 2534 695 2587 ultra
736 2531 936 2589 addere
983 2541 1159 2602 potest
1186 2531 1384 2599 David,
1416 2545 1539 2585 cum
1572 2529 1644 2585 ita
1676 2530 1883 2600 glorili-

299 2605 509 2660 caveris
538 2619 752 2660 servum
786 2614 960 2668 tuum,
992 2615 1047 2659 et
1077 2605 1398 2673 cognoveris
1428 2603 1590 2656 eum?

372 2677 621 2743 Domine,
650 2687 870 2747 propter
914 2676 1173 2732 famulum
1211 2686 1359 2747 tuum
1408 2676 1558 2741 juxta
1596 2688 1693 2727 cor
1735 2681 1883 2727 tuum

301 2747 481 2802 fecisti
521 2746 761 2802 omnem
796 2749 1251 2817 magniﬁcentiam
1296 2746 1457 2813 hanc,
1483 2755 1537 2800 ct
1582 2754 1708 2800 nota
1762 2760 1886 2801 esse

300 2819 517 2874 voluisti
548 2822 799 2874 universa
830 2820 1121 2890 magnalia.

375 2893 621 2959 Domine,
650 2905 755 2947 non
783 2903 867 2947 est
896 2887 1093 2948 similis
1119 2890 1215 2957 tui;
1244 2899 1299 2945 et
1328 2905 1439 2945 non
1470 2899 1553 2945 est
1580 2887 1718 2944 alius
1743 2888 1887 2944 Deus

300 2962 508 3034 absque
564 2974 637 3034 te,
664 2978 733 3020 ex
782 2964 1070 3031 omnibus,
1114 2978 1254 3034 quos
1300 2962 1609 3018 audivimus
1659 2962 1886 3017 auribus

299 3035 521 3093 nostris.

373 3108 505 3176 Quis
533 3108 678 3164 enim
710 3118 792 3165 est
825 3108 987 3174 alius,
1018 3116 1078 3161 ut
1102 3106 1328 3176 populus
1361 3114 1486 3160 tuus
1524 3103 1717 3172 Israel,
1751 3118 1886 3173 gens

300 3196 419 3252 una
448 3181 500 3234 in
542 3191 706 3252 terra,
737 3181 802 3235 ad
835 3196 994 3251 quam
1027 3178 1268 3249 perrexit
1310 3178 1473 3252 Deus,
1508 3186 1564 3232 nt
1597 3176 1871 3243 liberaret,

1910 1851 1958 1913 Β

1976 523 2248 591 percussit
2277 522 2447 577 David
2473 524 2655 594 viginti
2687 526 2794 580 duo
2816 522 2984 582 millia
3014 530 3275 586 virorum.

2054 595 2115 648 Et
2141 600 2320 673 posult
2348 594 2546 673 milites
2573 596 2625 651 in
2650 597 2932 667 Damaseo,
2959 610 3015 655 ut
3032 601 3184 672 Syria
3209 618 3423 673 quoque
3447 619 3564 660 scr—

1978 665 2114 745 viret
2151 666 2277 745 sibi,
2304 675 2358 721 et
2386 666 2604 745 oli‘erret
2643 684 2885 725 munera.
2921 665 3252 745 'Adjui'itque
3280 665 3402 731 eum
3454 677 3560 733 Do-

1979 737 2161 791 minus
2190 740 2240 791 in
2270 740 2501 803 cunctis,
2528 740 2592 793 ad
2621 756 2739 809 qua:
2770 737 3104 808 perrexerat.

2052 810 2196 864 'I‘ulit
2242 824 2485 889 quoque
2513 812 2674 889 David
2732 815 3016 889 pharetras
3054 833 3267 881 aureas,
3293 834 3426 889 quas
3457 819 3553 874 ha-

1978 879 2209 937 buerant
2234 883 2374 936 servi
2408 880 2709 949 Adadczer,
2732 879 2791 939 'et
2815 888 2996 942 attulit
3017 903 3111 945 eas
3138 891 3188 945 in
3236 879 3559 946 Jerusalem.

2052 953 2273 1031 Necnon
2309 952 2375 1007 de
2406 954 2651 1031 'l‘hebath
2692 964 2747 1031 e_t
2782 956 2957 1031 (Iliun,
2993 961 3214 1015 urbibus
3254 963 3559 1031 Adadezcr,

1980 1026 2105 1079 aeris
2136 1024 2451 1101 plurimum,
2487 1025 2555 1079 de
2586 1042 2692 1097 quo
2718 1025 2843 1082 fecit
2872 1030 3129 1087 Salomon
3155 1048 3304 1089 mare
3326 1024 3552 1101 aereum,

1980 1104 2036 1151 et
2064 1099 2365 1162 columnas,
2385 1105 2439 1150 et
2467 1112 2587 1151 vasa
2622 1113 2793 1153 a'nea.

2052 1166 2204 1245 Quod
2237 1183 2356 1245 cu_m
2388 1168 2628 1245 audisset
2648 1170 2801 1226 ’I‘bou
2843 1188 2943 1228 rex
2986 1174 3183 1229 Emath
3218 1177 3556 1245 percussisse

1972 1238 2242 1319 videlicet
2280 1238 2448 1319 David
2475 1255 2691 1319 omnem
2736 1248 3044 1319 exercitum
3076 1238 3361 1305 Adadezer
3402 1252 3547 1319 regis

1982 1310 2153 1388 Seba,
2176 1310 2319 1365 misit
2342 1310 2578 1388 Aduram
2606 1314 2774 1368 ﬁlium
2803 1331 2959 1371 suum
2982 1317 3048 1372 ad
3074 1320 3257 1388 regem
3285 1310 3556 1386 Davidfnt

1982 1384 2279 1460 postularet
2324 1384 2393 1438 ab
2433 1399 2498 1437 eo
2531 1399 2736 1452 pacem,
2773 1397 2829 1441 et
2878 1384 3348 1460 congratularelur
3374 1384 3550 1455 ei,'eo

1981 1452 2125 1525 quod
2154 1466 2514 1525 expugnasset
2540 1463 2595 1511 et
2636 1452 3289 1526 percussisset'Adadezer
3312 1481 3328 1519 :
3353 1452 3556 1519 adver-

1981 1528 2156 1581 sarius
2181 1529 2377 1597 quippe
2401 1538 2516 1580 erat
2559 1527 2713 1583 Tliou
2738 1528 3041 1592 Adadezer.

2054 1596 2157 1652 Sed
2203 1596 2257 1653 et
2284 1598 2480 1676 munia
2506 1614 2643 1676 _vasa
2686 1615 2873 1676 aurea,
2902 1614 2957 1659 et
2996 1614 3275 1676 argentea,
3310 1616 3367 1662 et
3404 1621 3557 1662 aenea

1982 1669 2523 1749 consecravitDivid
2558 1672 2933 1749 rex_Dom_ino,
2960 1669 3085 1732 cuni
3114 1669 3343 1749 argento
3379 1688 3433 1733 et
3463 1693 3560 1732 au-

1981 1755 2062 1804 ro,
2089 1740 2228 1811 quod
2254 1742 2460 1816 _t_ule_rat
2490 1759 2560 1816 ex
2592 1743 2862 1801 universis
2888 1749 3157 1816 gentibus,
3178 1740 3297 1804 iam
3328 1752 3396 1807 de
3428 1750 3554 1803 Idu-

1986 1825 2141 1936 tqaéa,
2174 1822 2229 1937 elt
2252 1812 2425 1882 Moab,
2451 1823 2505 1869 et
2533 1815 2654 1869 [illis
2682 1812 2935 1886 Ammon,
2960 1835 3117 1889 quam
3144 1812 3217 1877 de
3247 1821 3564 1877 Philistltim

1990 1897 2018 1937 e
2112 1898 2193 1937 ma
2218 1897 2302 1937 ec.

1990 1897 2045 1937 ει.
2063 1897 2302 1939 Αιιιιιιερ.

2071 1954 2255 2028 _/_\bisai
2291 1968 2423 2028 vero
2455 1954 2598 2010 lilius
2628 1955 2831 2012 Sarvite
2858 1963 3123 2028 percussit
3157 1964 3329 2021 Edom
3362 1966 3416 2021 in
3435 1965 3575 2022 valle

1990 2024 2319 2092 Saliuarum,
2354 2025 2543 2081 decem
2572 2038 2625 2082 et
2656 2039 2779 2084 octo
2808 2024 3002 2086 millia.
3244 2033 3251 2043 “

2066 2098 2130 2152 Ει
2180 2097 2464 2173 conStituit
2512 2100 2566 2153 in
2611 2098 2785 2156 Edom
2836 2104 3169 2173 praesidium,
3214 2116 3270 2163 ut
3326 2104 3562 2165 serviret

1988 2167 2222 2225 Idumzea
2250 2168 2415 2225 David
2442 2186 2457 2227 :
2836 2167 2854 2173 ”
3158 2167 3166 2173 ’
3654 2172 3671 2181 “

1993 2271 1999 2276 -
2063 2242 2406 2365 Ξεινίινὶἱιιιιε
2460 2240 2717 2299 Dominus
2763 2243 2931 2309 David
2974 2245 3028 2303 in
3068 2251 3297 2319 cunctis,
3329 2250 3397 2307 ad
3428 2267 3551 2324 qua!

1993 2328 2279 2365 uerrexera
2312 2352 2325 2365 .

1990 2328 2325 2384 perrexerat.

1992 2415 2015 2461 τ
2062 2385 2503 2461 [tegnavit__ergo
2535 2385 2911 2461 Davidisuper
2959 2389 3264 2447 universum
3310 2392 3493 2461 Israel,
3527 2407 3581 2452 et

1990 2456 2225 2535 faciebat
2246 2456 2505 2535 judicium
2532 2469 2693 2535 atque
2713 2456 2974 2530 justitiam
3001 2475 3199 2519 cuncto
3227 2467 3422 2535 populo
3450 2456 3571 2522 suo.

2062 2528 2231 2606 Porro
2255 2528 2391 2606 Jpab
2421 2527 2794 2606 ﬁliussarvite
2820 2543 2937 2586 erat
2970 2550 3131 2602 super
3159 2527 3481 2606 exteri-itum,
3516 2548 3571 2594 et

1987 2599 2249 2670 .Iosaphat
2278 2601 2420 2654 lilius
2451 2600 2652 2656 Aliilud
2674 2617 2704 2657 a
2726 2599 3151 2660 commentariis.

2061 2659 2237 2727 Sadoc
2256 2682 2434 2727 autem
2459 2671 2599 2729 lilius
2620 2674 2842 2741 Aliitob,
2868 2685 2923 2730 et
2944 2659 3225 2735 Ahimclee
3248 2659 3387 2737 lilius
3414 2682 3581 2738 Abia-

1991 2743 2134 2809 thar,
2168 2743 2520 2798 sacerdotes:
2554 2755 2606 2798 et
2628 2744 2791 2811 Susa,
2819 2747 3016 2802 scriba.

2061 2818 2285 2894 Daunias
2317 2830 2448 2894 vero
2490 2814 2630 2871 lilius
2658 2816 2859 2874 Joiadze
2889 2835 3052 2890 super
3097 2822 3336 2894 legiones
3380 2824 3582 2883 Cinere-

1993 2887 2091 2949 tlti,
2122 2898 2177 2942 ct
2207 2886 2473 2942 [’Itelellti.

2061 2959 2362 3038 I'grrofilii
2392 2957 2578 3038 David
2593 2959 2755 3038 primi
2784 2963 2852 3017 ad
2880 2978 3098 3020 manum
3124 2966 3290 3038 regis.

1974 3074 1977 3077 ,
2062 3031 2213 3102 |Cap.
2242 3028 2413 3101 Xlx.]
2453 3028 2658 3087 Accidit
2684 3044 2890 3099 autem,
2918 3044 2975 3091 ut
2995 3028 3299 3095 murerétur
3321 3038 3463 3096 Naas
3483 3055 3579 3098 rex

1976 3103 2221 3186 ﬁliorum
2254 3106 2511 3186 Atmiion,
2544 3111 2600 3186 et
2633 3116 2884 3186 regnaret
2914 3108 3059 3186 lilius
3087 3110 3207 3178 ejus
3237 3127 3334 3181 pro
3369 3127 3473 3186 eo:

2065 3174 2312 3243 Dixitque
2337 3174 2487 3230 Davit
2513 3191 2525 3227 :
2560 3173 2774 3230 Fat-iam
2815 3173 3248 3237 misericordiam
3270 3197 3393 3238 cum
3422 3181 3578 3239 Anon

300 3260 356 3317 et
403 3250 600 3326 laceret
632 3245 889 3323 populum
923 3245 1045 3326 sibi,
1076 3258 1132 3305 et
1168 3250 1544 3326 magnitudine
1574 3261 1672 3301 sua
1711 3258 1872 3326 atque
1903 3250 1949 3315 C,
1980 3246 2093 3326 lilio
2141 3245 2282 3302 Naas
2337 3262 2352 3300 :
2397 3248 2644 3318 prteSIitit
2701 3251 2846 3304 enim
2896 3250 3025 3305 mihi
3073 3260 3226 3323 pater
3280 3253 3397 3324 ejus
3458 3270 3581 3326 gra-

301 3323 603 3393 terroribns
635 3321 864 3393 ejiceret
898 3323 1146 3377 nationes
1180 3338 1210 3377 a
1256 3321 1395 3376 l‘acie
1436 3321 1574 3390 ejus,
1602 3334 1769 3389 quem
1806 3322 1873 3377 de

300 3392 536 3467 {Egypto
556 3392 857 3451 liberarat?

374 3462 705 3536 Et'posuisti
748 3467 1005 3538 populum
1034 3474 1182 3538 tuum
1216 3463 1378 3519 Israel
1413 3463 1504 3521 tibi
1538 3462 1591 3518 in
1618 3464 1875 3538 pupulum

302 3553 473 3609 usque
502 3541 555 3594 in
591 3536 879 3605 aeternum,
915 3549 971 3594 ct
1022 3547 1099 3606 tu,
1152 3537 1398 3603 Domine,
1438 3538 1608 3590 laetus
1639 3550 1699 3590 es
1741 3536 1882 3591 Deus

299 3625 438 3666 ειιις.

358 3628 438 3664 us.

330 3628 527 3738 JNune
566 3682 747 3752 igitur,
804 3682 1057 3749 Domine,
1090 3695 1293 3740 sermo,
1341 3693 1505 3749 quem
1561 3679 1775 3733 loeutus
1824 3694 1884 3752 es

302 3754 507 3809 faumlo
539 3750 653 3819 tuo,
686 3764 742 3809 et
780 3769 946 3824 super
994 3754 1214 3807 domum
1261 3752 1399 3821 ejus,
1442 3752 1798 3805 celilirmetur
1828 3750 1881 3804 in

302 3836 646 3897 perpetuum,
676 3837 732 3880 ct
758 3825 841 3880 Iac
863 3828 1003 3882 sicut
1032 3825 1245 3879 locutus
1276 3838 1356 3877 es.

375 3898 801 3967 Per-maneatque
830 3910 881 3952 et
913 3897 1284 3963 magnilicetur
1308 3908 1500 3967 nomen
1536 3902 1681 3947 tuum
1713 3908 1883 3967 usque

304 3971 357 4047 in
397 3966 788 4047 sempiternum
810 3988 829 4047 _:
862 3981 915 4025 et
944 3968 1156 4047 dicatur
1177 3982 1205 4047 _:
1241 3966 1501 4047 Dominus
1540 3966 1878 4019 exercituum

306 4043 444 4097 Deus
474 4037 659 4111 Israel,
693 4050 748 4097 et
791 4041 990 4096 domus
1024 4037 1191 4093 David
1225 4037 1365 4092 servi
1396 4038 1512 4107 ejus
1555 4051 1882 4106 permanens

300 4130 482 4169 Coram
512 4130 577 4169 80
586 4155 599 4169 .

373 4186 450 4241 Tu
480 4188 646 4250 enim,
677 4184 906 4239 Domine
938 4182 1075 4238 Deus
1097 4196 1274 4247 meus,
1298 4179 1550 4235 revelasti
1580 4178 1881 4234 auriculam

302 4262 443 4313 servi
480 4259 579 4323 tui,
616 4268 674 4313 ut
704 4256 1005 4311 aidilieares
1036 4255 1083 4309 ei
1116 4254 1360 4317 domum,
1393 4262 1447 4306 et
1479 4251 1685 4307 idcirco
1724 4253 1873 4307 inve-

303 4329 383 4384 nit
410 4344 601 4383 si-rvus
633 4338 753 4382 tuus
779 4328 1050 4391 fiduciam,
1085 4334 1142 4379 ut
1167 4335 1287 4380 oret
1307 4340 1492 4378 eorum
1524 4332 1594 4378 te.

373 4402 524 4456 Nunc
563 4416 717 4469 ergo,
763 4400 1013 4463 Domine,
1056 4408 1110 4453 tu
1155 4413 1214 4452 es
1269 4399 1430 4463 Deus,
1476 4404 1531 4451 et
1574 4396 1785 4469 locutus
1820 4411 1882 4469 es

301 4474 368 4527 ad
401 4467 797 4526 servum'tuum
833 4480 979 4524 tanta
1014 4470 1299 4524 benelicia.
1328 4468 1393 4521 Et
1414 4469 1631 4533 empisti
1658 4467 1884 4522 benedi-

299 4558 430 4598 cere
472 4541 655 4596 domtti
683 4542 821 4595 servi
852 4542 949 4603 tui,
985 4550 1041 4593 ιιι
1083 4538 1156 4593 sit
1202 4554 1417 4606 semper
1460 4554 1642 4593 coram
1701 4548 1752 4592 te
1784 4557 1796 4591 :
1832 4549 1883 4591 te

1991 3322 2141 3373 tiam.
3006 3364 3013 3369 .

2058 3388 2306 3457 Misitque
2337 3390 2501 3446 David
2543 3392 2761 3449 nuntios
2803 3393 2869 3450 ad
2912 3395 3298 3452 consolandum
3336 3412 3459 3453 cum
3493 3413 3585 3455 su-

1988 3477 2086 3533 per
2108 3471 2279 3517 morte
2308 3464 2474 3531 patris
2502 3464 2605 3518 sui.

2058 3534 2159 3601 Qui
2187 3548 2310 3609 eum
2341 3536 2719 3609 pervenissent
2739 3535 2792 3590 in
2821 3546 3022 3592 terram
3052 3539 3284 3595 llliorum
3312 3542 3543 3598 Ammon
3562 3584 3580 3609 ,

1987 3615 2047 3682 nt
2083 3605 2495 3682 consolarentur
2521 3606 2709 3675 Anon,
2739 3609 2991 3664 dixerunt
3027 3614 3302 3682 principes
3340 3605 3576 3670 liliorum
3604 3616 3617 3629 '

1986 3675 2217 3732 Ammon
2246 3676 2311 3731 ad
2339 3680 2495 3733 Anon
2525 3695 2542 3733 :

2042 3748 2103 3807 ,Τ
2109 3765 2139 3803 ιι
2171 3748 2394 3804 forsitan
2432 3758 2622 3820 putas,
2663 3750 2808 3818 quod
2850 3753 3013 3810 David
3060 3753 3282 3811 honoris
3330 3771 3492 3813 causa
3528 3758 3580 3812 in

1989 3831 2195 3890 patrem
2222 3828 2370 3875 tuum
2399 3824 2603 3877 miserit
2624 3823 2713 3893 qui
2733 3826 3083 3881 consolentur
3106 3838 3156 3881 te
3180 3845 3192 3879 :
3217 3842 3314 3883 nec
3334 3830 3578 3884 animad-

1988 3894 2175 3959 vertis,
2222 3892 2362 3962 quod
2410 3904 2467 3947 ut
2495 3892 2769 3965 explorent
2792 3936 2811 3969 ,ν
2840 3906 2895 3950 et
2927 3899 3245 3969 investigent
3274 3942 3289 3965 ,
3328 3913 3384 3955 et
3424 3915 3580 3956 scru-

1990 3972 2174 4041 tentur
2208 3976 2403 4041 terram
2436 3974 2603 4030 tuam,
2630 3968 2966 4041 venerintad
3002 3982 3051 4025 te
3096 3968 3237 4025 servi
3282 3972 3441 4041 ejus?

2062 4036 2227 4110 Igitur
2257 4038 2412 4110 Anon
2449 4053 2644 4104 pueros
2676 4038 2842 4092 David
2875 4039 3216 4110 dcealvavit,
3252 4036 3459 4098 et'rasit
3482 4085 3494 4106 ,
3529 4052 3583 4100 et

1990 4108 2243 4185 pra-cidit
2276 4108 2487 4164 tunicas
2524 4125 2714 4165 eorum
2746 4127 2775 4163 a
2818 4115 3031 4168 natibus
3070 4108 3243 4184 usque
3284 4114 3351 4168 ad
3385 4116 3579 4185 pedes,

1988 4188 2042 4234 et
2066 4180 2271 4233 dimisit
2300 4195 2416 4235 eos.

2059 4251 2159 4318 Qui
2184 4267 2306 4306 cum
2334 4251 2621 4315 abiissent.
2652 4264 2704 4309 et
2732 4256 2832 4309 hoc
2853 4254 3202 4310 mandassent
3235 4255 3398 4310 David
3424 4298 3439 4321 ,
3483 4258 3584 4312 mi-

1988 4321 2057 4377 sit
2084 4325 2137 4377 in
2182 4338 2466 4395 occursum
2494 4338 2682 4379 eorum
2713 4327 2994 4395 (grandem
3020 4330 3164 4381 enim
3188 4328 3577 4384 contumeliam

1988 4394 2381 4468 sustinuerant)
2413 4405 2489 4468 et
2515 4394 2794 4468 prarepit,
2830 4409 2889 4452 ιιι
2922 4409 3200 4453 manerent
3239 4402 3289 4454 in
3324 4399 3541 4454 Iericho
3566 4445 3581 4468 ,

1988 4466 2161 4521 donec
2178 4475 2452 4521 cresceret
2480 4466 2645 4519 barba
2677 4482 2887 4535 eorum,
2922 4480 3122 4523 cttune
3153 4466 3580 4526 reverterentan

2067 4537 2317 4610 videntes
2348 4545 2524 4591 autem
2554 4536 2649 4590 lilii
2670 4539 2898 4595 Ammon
2924 4582 2937 4607 ,
2978 4542 3120 4610 quod
3148 4542 3400 4610 injuriam
3427 4544 3583 4598 fecis-

301 4614 472 4673 enim.
505 4614 751 4677 Domine,
784 4610 1159 4674 benedicente,
1188 4609 1473 4664 benedicta
1522 4609 1629 4664 erit
1666 4610 1717 4662 in
1763 4622 1884 4678 pcr-
1916 4640 1963 4701 ο
1991 4617 2074 4662 set
2099 4607 2299 4701 David,
2339 4616 2452 4701 la'm
2480 4612 2665 4675 Anon,
2704 4626 2865 4693 quam
2888 4607 3124 4701 reliquus
3150 4607 3586 4701 ιιόριιιιιεηιιιίειξοι

341 4694 544 4742 eluunt.

302 4703 1000 4829 pcigiijii'xvlllﬁli‘actum
1031 4760 1114 4809 est
1136 4758 1468 4829 autempost
1499 4750 1637 4815 haec,
1670 4758 1728 4804 ut
1759 4764 1877 4829 per-

302 4822 514 4884 cuierct
549 4827 716 4882 David
744 4822 1077 4883 I’ltilistltim.
1110 4834 1163 4878 et
1196 4822 1510 4877 humiliaret
1538 4836 1655 4883 eos,
1690 4830 1744 4876 et
1774 4822 1885 4875 tol-

301 4903 442 4957 Ieret
474 4900 637 4964 Geth,
666 4908 721 4953 et
752 4899 887 4952 tilias
924 4895 1065 4965 ejus,
1096 4895 1166 4950 de
1200 4908 1361 4948 manu
1392 4892 1722 4953 Philisthim.
1759 4908 1887 4963 pcr-

302 4980 616 5042 cuteretque
644 4970 821 5037 Moab,
848 4979 903 5024 et
953 4971 1144 5024 tierent
1185 4966 1434 5022 Moabitae
1487 4966 1629 5021 servi
1688 4966 1881 5032 Daril,

302 5044 594 5099 oli‘erentes
624 5043 675 5098 ei
701 5056 944 5097 munera.

373 5116 454 5171 Eo
484 5124 726 5185 tempore
756 5112 1021 5183 percussit
1046 5108 1212 5165 David
1239 5109 1400 5185 etiam
1432 5118 1460 5149 ι
1484 5107 1881 5185 Adadezerre-

300 5203 424 5259 gem
455 5178 611 5244 Soba'
630 5178 864 5259 regionis
896 5185 1109 5249 Emath,
1138 5181 1352 5259 quando
1380 5178 1627 5259 perrexit
1658 5192 1715 5259 ut
1745 5182 1881 5235 dila-

304 5252 441 5317 iaret
474 5252 759 5328 imperium
804 5272 963 5309 suum
983 5270 1165 5328 usque
1211 5252 1282 5328 ad
1314 5252 1515 5328 llumen
1556 5252 1886 5320 Euphraten.

372 5331 530 5399 Cepit
555 5323 684 5399 ergo
715 5327 879 5383 David
923 5327 1068 5399 mille
1094 5323 1385 5399 quadrigas
1422 5324 1562 5393 ejus.
1594 5334 1648 5379 et
1678 5333 1885 5399 septem

302 5395 470 5459 millia
503 5395 738 5471 equites,
764 5414 829 5454 ac
878 5397 1072 5466 viginti
1115 5396 1283 5451 millia
1331 5396 1570 5451 virorum
1618 5395 1882 5471 peditum,

301 5468 767 5542 subnervavitque
831 5484 1025 5526 omnes
1072 5482 1242 5537 equos
1298 5482 1585 5542 curruum,
1642 5468 1885 5538 exceptis

300 5555 522 5600 centum
550 5540 846 5615 quadrigis,
884 5555 1016 5612 quas
1030 5541 1346 5615 reservavit
1370 5540 1495 5593 sibi.

375 5609 703 5689 Supervenit
727 5609 914 5669 autem
947 5622 1002 5669 et
1023 5612 1198 5683 Syrus
1238 5612 1635 5700 Damascenus,
1650 5618 1711 5666 ut
1730 5609 1882 5665 auxi-

306 5798 315 5803 ’
376 5810 401 5840 ει
434 5800 507 5858 Ita
539 5814 669 5855 mss.
700 5796 876 5854 Latini
925 5795 1161 5853 codices.
1207 5797 1264 5854 In
1295 5792 1523 5850 Hebraeo
1560 5791 1791 5863 legimus
1823 5790 1911 5850 hic

303 5875 577 5935 Adarezcr
616 5887 738 5929 cum
770 5868 917 5928 resclt
949 5870 1002 5927 in
1048 5869 1229 5928 medio
1261 5884 1276 5928 ;
1305 5881 1429 5925 cum
1482 5866 1537 5923 in
1596 5865 1748 5923 libris
1796 5865 1897 5923 Sa-

1991 4689 2115 4751 runt
2148 4679 2294 4732 mille
2339 4680 2536 4734 talenta
2578 4683 2831 4751 argenti.
2873 4693 2931 4737 ut
2968 4679 3332 4742 conducerent
3366 4679 3468 4743 sibi
3518 4690 3586 4742 de

1990 4750 2399 4830 Mesopotamia,
2430 4751 2574 4808 etde
2602 4750 2757 4824 syria
2788 4754 3032 4824 Maacha,
3064 4766 3121 4812 et
3149 4758 3217 4813 de
3251 4758 3429 4827 Seba,
3460 4774 3586 4814 cur-

1990 4837 2082 4876 rus
2114 4832 2167 4875 ct
2190 4832 2423 4892 equites.

2059 4892 2555 4966 Conduxeruntque
2604 4895 2817 4966 triginta
2856 4898 2963 4953 duo
2995 4900 3159 4955 millia
3204 4915 3487 4965 curruum,
3535 4912 3589 4956 et

1989 4980 2171 5036 regem
2202 4965 2421 5041 Maacha
2452 4982 2572 5021 cum
2600 4965 2803 5039 populo
2822 4970 2959 5039 ejus.
2984 4972 3085 5039 Qui
3117 4989 3240 5028 cum
3267 4976 3542 5030 venissent
3569 5013 3584 5041 ,

1987 5040 2353 5109 castrametati
2404 5046 2527 5093 sunt
2554 5055 2584 5092 e
2613 5044 2833 5109 regione
2875 5042 3119 5099 Medaba.

2058 5108 2179 5163 Filii
2207 5125 2422 5189 quoque
2464 5108 2697 5189 {immoti
2732 5116 3043 5185 congregati
3075 5115 3145 5173 de
3175 5117 3403 5173 urbibus
3432 5117 3547 5172 suis
3569 5161 3585 5189 ,

1996 5188 2268 5238 venerunt
2299 5182 2365 5235 ad
2389 5180 2615 5238 bellum.

2064 5252 2219 5329 Quod
2240 5267 2373 5329 eum
2392 5253 2637 5329 audisset
2666 5254 2834 5329 David
2857 5296 2873 5323 ,
2915 5255 3061 5314 misit
3089 5259 3257 5329 Joab,
3289 5270 3346 5317 et
3376 5274 3592 5317 omnem

1994 5326 2293 5389 exercitum
2326 5326 2565 5381 virorum
2608 5327 2829 5382 fortium
2856 5346 2869 5383 :

2064 5396 2390 5473 Egressique
2428 5397 2528 5473 lilii
2558 5396 2790 5454 Ammon
2818 5440 2833 5465 ,
2873 5402 3193 5457 direxerant
3239 5403 3410 5459 aciem
3442 5405 3593 5473 jnxtt

1991 5476 2203 5537 portam
2233 5468 2472 5522 civitatis
2499 5486 2512 5521 :
2541 5484 2700 5546 reges
2726 5481 2907 5527 autem
2935 5516 2949 5541 ,
2982 5476 3071 5544 qui
3098 5473 3164 5529 ad
3191 5468 3457 5530 auxilium
3475 5479 3595 5546 ejus

1942 5598 1945 5601 _
1990 5547 2287 5611 venerant,
2316 5541 2607 5610 separatim
2643 5543 2695 5595 in
2716 5556 2855 5611 agro
2888 5541 3175 5601 steterunt.
3444 5578 3447 5579 ν

2059 5609 2229 5682 Igitur
2255 5609 2392 5667 Joab
2424 5611 2735 5683 intelligens
2765 5609 2970 5673 bellum
3001 5632 3067 5673 ex
3118 5620 3349 5677 adverso
3380 5629 3438 5676 et
3470 5630 3593 5691 post

2018 5791 2163 5849 mnel
2190 5789 2401 5861 legatur
2428 5788 2697 5861 Adadezer
2730 5808 2851 5860 cum
2883 5794 3080 5856 dalellt.
3110 5796 3345 5858 Consule
3376 5806 3603 5857 annota-

2004 5864 2178 5925 tioaes
2200 5860 2437 5922 uestras.
2470 5860 2646 5925 Mser.
3040 5872 3045 5877 ‘
3074 5868 3077 5871 ‘
