4112 6354
324 339 464 397 I355

1696 331 1926 389 VERBA
1966 298 2252 388 DIERUM.

3481 329 3619 395 I354

316 454 455 526 jussi
506 461 566 509 ut
619 457 998 526 numeraretur
1035 447 1302 526 populus?
1343 450 1481 526 Ego.
1507 448 1615 526 Διιιιί
1661 447 1875 526 peccavi
1901 462 1922 526 Ξ
1951 446 2006 508 Α
2032 446 2164 526 mitti
2193 447 2244 500 in
2280 445 2478 526 ﬁliu_m,_
2501 453 2556 501 et
2583 460 2684 516 ego
2715 461 2810 526 er_o
2841 446 2891 503 ei
2913 445 2976 526 _in
3009 458 3213 516 patrem
3247 465 3260 504 :
3290 447 3621 525 ﬁrmaboque

253 583 258 588 ,
316 518 446 597 ego,
493 526 615 598 qui,
636 525 832 580 malum
881 525 982 579 Ieci
1013 518 1174 578 :‘is’te
1223 537 1355 598 great
1393 518 1924 594 qu'd‘commeruit?

324 595 554 654 Domine
590 597 732 652 Dens
765 611 940 662 meus,
981 604 1262 660 vertatur,
1309 595 1356 649 ol
1379 608 1562 661 sexo,
1596 607 1786 648 manus
1834 603 1919 645 tua

326 671 379 725 in
413 685 501 726 me
527 682 580 725 et
607 669 660 724 in
686 669 903 724 domum
934 665 1100 738 patris
1125 666 1230 722 mei
1261 683 1274 720 :
1301 669 1532 737 pepulus
1560 675 1740 721 autem
1799 673 1921 718 tuus

329 757 436 797 non
473 741 823 810 percutiatur.

397 808 640 883 Angelus
679 824 860 868 autem
892 810 1109 869 Domini
1145 810 1405 881 praecepit
1448 808 1585 883 Gad,
1618 808 1924 883 ut_diceret

327 879 578 940 David'ut
613 884 954 950 ascenderet,
1008 879 1423 954 exstrueretque
1473 882 1644 938 altare
1691 879 1922 936 Domino

326 957 441 1012 Deo
473 959 524 1011 in
556 972 678 1011 area
707 959 891 1012 Ornan
919 955 1175 1013 Jebusmi.

398 1024 818 1101 Ascenditergo
842 1029 1013 1084 David
1057 1027 1222 1101 juxta
1239 1039 1545 1101 sermonem
1587 1024 1726 1092 Gad,
1759 1038 1919 1095 quem

325 1101 539 1157 locutus
566 1102 615 1156 ei
649 1098 824 1156 fuerat
852 1115 917 1156 ex
948 1098 1167 1155 nomine
1198 1098 1432 1153 Domini.

401 1173 573 1229 Porro
610 1172 792 1228 Ornan
838 1187 961 1227 cum
1005 1169 1366 1240 snspexissct,
1409 1177 1464 1225 et
1492 1167 1717 1224 vidisset
1745 1180 1922 1241 tange-

329 1244 467 1311 lum,
514 1254 858 1316 quatuorque
909 1243 1002 1298 ﬁlii
1051 1243 1170 1316 ejus
1212 1256 1337 1316 cum
1385 1256 1473 1308 eo,
1507 1240 1922 1316 _absconderunt

327 1330 426 1372 se:
470 1312 592 1371 nam
622 1332 686 1372 eo
711 1312 956 1385 tempore
977 1313 1187 1369 terebat
1217 1312 1268 1385 in
1295 1327 1426 1368 area
1455 1312 1714 1368 triticum.

401 1388 564 1458 Igitur
585 1403 708 1444 cum
737 1384 948 1443 veniret
975 1384 1230 1458 Davidtad
1261 1385 1462 1458 anan,
1489 1384 1772 1458 conspexit
1799 1400 1918 1458 eum

327 1455 532 1527 Ornan,
570 1469 625 1516 et
656 1459 920 1531 processit
951 1459 1000 1513 ci
1032 1455 1244 1513 obviam
1279 1456 1347 1511 de
1389 1471 1540 1525 area,
1583 1468 1638 1512 et
1677 1456 1924 1512 adoravit

329 1533 476 1586 illum
501 1546 704 1602 pronus
736 1532 788 1586 in
820 1543 1043 1602 terram.

397 1599 649 1672 Dixitque
687 1602 738 1658 ei
788 1601 952 1657 David
983 1621 995 1656 :
1031 1601 1105 1655 Da
1135 1599 1267 1655 milii
1313 1601 1496 1656 locum
1542 1614 1685 1654 arere
1728 1609 1833 1656 tuae
1863 1609 1922 1655 ut

325 1675 586 1730 :ediﬁcem
614 1677 664 1729 in
696 1689 757 1729 ea
785 1675 954 1728 altare
986 1673 1213 1726 Domino
1245 1693 1258 1730 :
1288 1675 1359 1726 ita
1393 1681 1450 1726 ut
1475 1682 1734 1740 quantum
1777 1674 1922 1728 valet

326 1749 562 1813 argenti,
585 1745 842 1815 accipias,
868 1753 923 1801 et
948 1754 1123 1800 cesset
1155 1744 1308 1815 plaga
1341 1758 1372 1797 a
1397 1744 1620 1814 populo.

398 1818 543 1873 Dixit
570 1826 749 1874 autem
785 1819 967 1872 Oruan
999 1815 1065 1870 ad
1095 1815 1265 1870 David
1293 1834 1304 1869 :
1335 1815 1511 1882 Tolle,
1543 1824 1597 1868 et
1638 1815 1798 1870 faciat
1827 1815 1922 1870 do-

325 1890 506 1946 minus
529 1905 680 1945 meus
701 1905 797 1944 rex
827 1891 1206 1960 quodcumque
1234 1887 1282 1942 ei
1308 1887 1491 1960 placet
1515 1904 1528 1941 :
1562 1888 1654 1942 sed
1680 1897 1742 1960 et;
1755 1888 1921 1960 boves

324 1961 397 2017 do
427 1963 479 2016 in
511 1958 910 2024 holocaustum,
949 1970 1004 2014 et
1045 1959 1274 2013 tribulas
1306 1958 1358 2014 in
1390 1959 1553 2027 ligna,
1587 1970 1641 2013 et
1677 1958 1919 2013 triticum

326 2035 378 2089 in
402 2033 727 2089 sacriﬁcium
759 2032 988 2088 :Omnia
1021 2030 1196 2091 libens
1225 2029 1505 2099 prasbebo.

401 2105 655 2172 Dixitque
694 2106 742 2160 ei
780 2120 875 2160 rex
919 2101 1085 2158 David
1122 2102 1510 2172 :Nequaquam
1556 2101 1626 2154 ita
1667 2101 1778 2165 ﬁet,
1826 2101 1922 2156 sed

327 2187 613 2245 argentum
641 2176 781 2232 dabo
807 2185 1068 2247 quantum
1101 2173 1250 2247 valet
1280 2190 1295 2230 :
1319 2189 1506 2247 neque
1530 2174 1674 2247 enim
1705 2172 1800 2228 tibi
1829 2189 1924 2227 au-

326 2243 471 2306 ter—re
499 2249 692 2317 debeo,
733 2257 788 2305 et
825 2243 906 2303 sic
935 2245 1134 2302 oil'erre
1174 2243 1425 2301 Domino
1457 2243 1768 2300 holocausta
1802 2259 1926 2315 gra-

328 2322 483 2375 tuita.

403 2393 558 2448 Dedit
593 2407 723 2463 ergo
752 2392 922 2448 David
957 2392 1141 2448 Oruan
1169 2405 1265 2461 pro
1310 2387 1429 2444 Ioco
1464 2387 1628 2444 siclos
1667 2387 1782 2443 auri
1809 2387 1925 2458 jus-

333 2464 527 2519 tissimi
562 2465 818 2532 ponderis
844 2474 1154 2520 sexcentos.
1466 2531 1469 2532 ν
1565 2531 1591 2532 η
1770 2529 1781 2532 ,
1846 2467 1866 2532 ξ

404 2534 472 2590 Et
497 2529 782 2592 aediﬁcavit
813 2538 886 2592 ibi
923 2539 1094 2591 altare
1125 2532 1353 2590 Domino
1384 2548 1398 2586 :
1428 2531 1730 2601 obtulitque
1770 2529 1926 2586 holo-

331 2617 540 2668 causta.
576 2618 631 2664 et
658 2609 897 2677 paciﬁca,
930 2617 986 2664 et
1022 2607 1296 2664 invocavit
1325 2605 1634 2677 Dominum,
1675 2611 1730 2658 et
1755 2619 1924 2677 exau-

333 2679 470 2735 divit
497 2695 620 2735 eum
645 2675 700 2735 in
729 2679 852 2749 igne
874 2675 942 2736 de
969 2679 1109 2735 ctelo
1134 2694 1297 2748 super
1325 2677 1496 2732 altare
1526 2675 1849 2749 holocausti.

403 2746 772 2822 Prtecepitque
821 2752 1079 2806 Dominus
1121 2746 1314 2822 angelo
1349 2766 1360 2802 ;
1407 2756 1461 2804 et
1503 2746 1774 2803 convertit
1812 2747 1927 2817 gla-

327 2821 477 2878 dium
509 2821 666 2879 suutn
690 2821 750 2878 in
783 2826 1052 2893 vaginam.

401 2895 653 2951 Protinus
685 2911 814 2965 ergo
846 2889 1036 2960 David,
1063 2893 1251 2949 videns
1279 2890 1420 2962 quod
1454 2889 1769 2965 exaudisset
1799 2905 1924 2965 eum

331 2967 593 3024 Dominus
622 2969 674 3022 in
696 2961 822 3022 ar'ca
849 2967 1030 3024 Ornan
1058 2965 1314 3032 Jebusmi,
1346 2963 1647 3018 immolavit
1669 2961 1741 3018 ibi
1772 2963 1928 3018 victi-

330 3054 468 3093 mas.

399 3110 830 3167 Tabernaculum
861 3117 1040 3166 autem
1072 3108 1311 3173 Domini,
1344 3106 1488 3178 quod
1513 3105 1718 3163 fecerat
1748 3105 1926 3160 Moses

331 3181 384 3237 in
413 3182 650 3250 deserto,
676 3191 732 3238 et
761 3181 934 3236 altare
964 3182 1427 3246 liolocaustorum,
1481 3195 1544 3235 ea
1597 3188 1927 3250 tempestate

327 3263 446 3310 erat
472 3255 525 3309 in
554 3254 768 3310 excelso
798 3252 1041 3310 Gabaon.

402 3327 468 3381 Et
499 3340 603 3381 non
633 3325 916 3395 praevaluit
940 3325 1104 3380 David
1135 3326 1214 3380 ire
1239 3322 1307 3379 ad
1347 3323 1536 3385 altare,
1567 3331 1625 3377 ut
1648 3322 1721 3376 ibi
1765 3321 1922 3395 obse-

327 3407 507 3452 craret
535 3394 702 3453 Deum
733 3415 747 3452 :
775 3398 942 3452 nimio
963 3399 1107 3452 enim
1148 3396 1322 3452 fuerat
1353 3395 1554 3450 timore
1583 3394 1920 3465 perterritus,

330 3470 518 3525 videns
543 3470 783 3540 gladium
805 3469 983 3538 angeli
1011 3468 1246 3540 Domini.

401 3537 775 3612 [σαρῑχχιιᾳι
803 3537 1053 3611 visitque
1072 3539 1242 3612 David
1273 3555 1287 3596 :
1321 3538 1446 3612 Ilzec
1466 3545 1550 3593 est
1577 3538 1773 3593 domus
1808 3537 1923 3604 Dei,

329 3623 382 3668 et
404 3610 515 3668 hoc
543 3614 714 3668 altare
737 3610 788 3667 in
821 3610 1192 3667 ItolOCaustum
1224 3610 1413 3666 Israel.

403 3684 469 3738 Et
495 3685 752 3754 przecepit
776 3692 834 3739 ut
866 3692 1324 3754 congregarentur
1345 3695 1536 3737 omnes
1563 3681 1825 3753 proselyti
1856 3679 1926 3737 de

328 3765 475 3810 terra
500 3753 692 3824 Israel,
727 3767 780 3811 et
805 3753 1089 3810 consﬁ’tuit
1115 3773 1182 3810 ex
1226 3755 1304 3809 eis
1351 3754 1583 3808 Iatomos
1609 3754 1675 3808 ad
1708 3753 1926 3807 eaeden-

330 3827 429 3884 dos
460 3827 666 3898 lapides
695 3837 751 3882 et
774 3826 1082 3898 polieiidos,
1120 3839 1178 3881 ut
1201 3827 1562 3898 aediﬁcaretur
1588 3826 1781 3898 domus
1803 3825 1919 3878 Dei.

393 3898 626 3957 Ferrum
655 3914 871 3970 quoque
905 3900 1200 3970 plurimum
1249 3897 1315 3951 ad
1370 3897 1557 3951 clavos
1603 3897 1921 3970 jinuarntn,

329 3981 384 4054 et
402 3972 477 4054 _ad
510 3967 1087 4054 commissuras'atque
1114 3971 1397 4054 juncturas
1445 3967 1772 4038 prmparavit
1819 3967 1945 4042 Dan

330 4042 416 4099 vid
450 4061 462 4096 :
493 4053 546 4099 et
563 4043 687 4097 teris
712 4041 922 4113 pondus
949 4041 1377 4096 innumerabile:

401 4114 571 4183 Ligna
595 4111 810 4185 quoque
835 4113 1054 4170 cedrina
1078 4130 1184 4168 nun
1218 4121 1461 4185 poterant
1488 4111 1774 4181 aestimari,
1802 4126 1922 4182 quae

329 4185 536 4259 Sidonii
565 4196 620 4259 et
651 4183 798 4259 Tyrii
829 4183 1340 4259 deportaverantad
1375 4185 1563 4238 David.

403 4258 466 4314 Et
501 4258 639 4314 dixit
670 4255 837 4312 David
866 4275 878 4311 :
909 4257 1168 4315 Salomon
1211 4255 1354 4310 ﬁlius
1387 4271 1537 4311 meus
1560 4270 1690 4324 puer
1723 4271 1921 4322 parvu-

331 4330 414 4385 lus
443 4341 607 4386 estet
649 4330 940 4397 delicatus;
995 4331 1189 4386 domus
1229 4336 1438 4388 autem.
1465 4343 1623 4398 quam
1664 4327 1921 4398 :ediﬁcari

331 4404 451 4457 volo
473 4405 719 4466 Domino,
739 4403 859 4456 talis
889 4417 1006 4457 esse
1027 4402 1209 4463 debet,
1235 4409 1290 4452 ut
1313 4400 1366 4452 in
1388 4397 1598 4453 cunctis
1613 4397 1922 4468 regionibus

329 4475 642 4529 nominetur
672 4489 685 4525 :
721 4474 1037 4541 pra'parabo
1059 4488 1191 4542 ergo
1217 4472 1265 4526 ei
1290 4472 1617 4526 necessaria.

405 4543 470 4596 Et
495 4543 565 4596 ob
587 4542 726 4596 hanc
747 4556 963 4596 causam
1000 4553 1124 4598 ante
1153 4552 1384 4596 mortem
1429 4557 1583 4596 suam
1615 4555 1808 4596 omnes
1837 4556 1923 4611 pa-

329 4615 471 4670 ravit
500 4615 794 4683 impensas.

329 4741 332 4744 .
407 4687 737 4756 Vocavitque
768 4683 1119 4739 Salomonem
1151 4685 1315 4739 ﬁlium
1343 4699 1522 4756 suum,
1555 4691 1635 4756 et_
1659 4683 1922 4752 praecepit

329 4759 378 4814 ei
411 4768 465 4812 ut
498 4753 794 4812 aediﬁcaret
821 4762 1038 4810 domum
1075 4757 1299 4810 Domino
1339 4755 1451 4809 Deo
1473 4753 1660 4809 Israel.

404 4831 657 4899 Dixitque
690 4829 853 4883 David
888 4827 955 4882 ad
985 4830 1330 4883 Salomonem
1361 4843 1375 4882 :
1409 4825 1511 4881 Fili
1538 4826 1631 4899 mi,
1675 4825 1922 4899 νιιίιιιιιίιτ

332 4897 690 4957 ιίειηθωΐιιίι
719 4910 776 4955 ιιι
824 4899 1146 4956 :ediﬁcarem
1177 4901 1394 4954 domum
1449 4898 1653 4952 nomini
1707 4897 1921 4962 Domini

332 4973 431 5028 Dei
458 4973 584 5042 mei,
616 4971 710 5028 sed
739 4971 910 5027 factus
931 4981 1013 5042 est
1035 4986 1216 5026 sermo
1246 4971 1459 5025 Domini
1487 4969 1552 5024 ad
1579 4985 1662 5042 me
1686 4969 1919 5042 dicens:

331 5039 914 5115 Multum'sanguinem
943 5041 1200 5105 eﬁ‘udisti,
1241 5054 1315 5115 et
1347 5042 1574 5112 plurima
1629 5040 1768 5115 bella
1815 5039 1924 5093 bel-

331 5116 454 5172 Iasti
501 5134 514 5170 :
556 5130 662 5172 non
704 5112 920 5184 'poteris
970 5115 1240 5172 aediﬁcare
1286 5113 1508 5169 domum
1539 5112 1743 5167 nomini
1776 5126 1919 5178 meo,

331 5198 482 5244 tanto
511 5186 684 5244 effuso
705 5187 968 5258 sanguine
993 5201 1176 5241 coram
1208 5201 1322 5242 me.

404 5259 573 5315 Filius
602 5259 694 5328 qui
726 5253 979 5314 nascetur
1007 5258 1105 5313 tibi
1128 5259 1234 5313 erit
1262 5259 1346 5312 vir
1394 5255 1765 5328 quietissimus
1795 5271 1810 5312 :
1839 5253 1917 5308 fa-

331 5332 470 5387 ciam
499 5326 645 5386 enim
675 5346 798 5386 eum
829 5331 1169 5400 requiescere
1191 5331 1259 5385 ab
1276 5326 1527 5384 omnibus
1551 5326 1784 5382 inimicis
1809 5328 1922 5400 suis

336 5418 434 5474 per
460 5404 744 5458 circuitum
781 5419 792 5454 :
826 5412 880 5458 et
908 5398 978 5474 ob
1007 5401 1145 5474 lianc
1171 5416 1389 5457 causam
1421 5400 1682 5474 Paciﬁcus
1707 5398 1926 5474 vocabi-

340 5470 426 5532 iur
454 5493 468 5530 :
497 5484 553 5531 et
581 5489 768 5546 pacem
789 5480 848 5531 et
866 5471 1035 5531 etiam
1054 5473 1196 5530 dabo
1227 5474 1282 5529 in
1313 5472 1478 5531 Israel
1504 5471 1714 5528 cunctis
1735 5470 1925 5526 diebus

334 5562 478 5620 ejus.

407 5617 527 5690 Ipse
551 5618 839 5677 mdiﬁcabit
867 5617 1088 5675 domum
1137 5617 1344 5674 nomini
1391 5631 1537 5686 meo,
1577 5615 1774 5688 ctipse
1824 5613 1927 5671 erit

403 5838 428 5866 ει
456 5827 706 5886 Nonnulli
741 5842 874 5885 mss.
906 5828 1068 5885 etiam
1114 5826 1429 5884 Martianaen
1456 5825 1710 5898 inspecti,
1741 5821 1922 5898 viginti

333 5898 534 5960 habent
571 5915 668 5974 pro
696 5902 949 5972 triginta:
979 5900 1071 5955 sed
1104 5910 1159 5955 et
1185 5902 1346 5971 paulo
1376 5897 1602 5960 inferius
1651 5897 1758 5954 hoc
1812 5897 1928 5968 ipso

623 5994 903 6057 I’A'rnoL.
939 5992 1238 6057 XXVIII.

2029 517 2222 572 solium
2251 519 2400 588 regni
2431 517 2551 584 ejus
2576 533 2738 588 super
2769 518 2929 575 Israel
2962 521 3015 572 in
3047 530 3331 575 :rternnm.

2096 589 2249 645 Nunc
2274 605 2424 665 ergo,
2459 589 2654 665 ﬁlimi,
2677 591 2745 644 sit
2768 591 3266 665 Dominustecnm,
3289 600 3344 648 et
3389 607 3616 665 prospe-

2025 675 2167 726 rare,
2199 670 2252 716 et
2281 661 2489 717 :ediﬁca
2519 660 2741 718 domum
2768 661 2998 719 Domino
3021 663 3135 719 Deo
3164 672 3276 733 tuo,
3304 660 3443 720 sicut
3470 660 3618 722 lo‘cu-

2025 740 2111 787 tus
2141 741 2225 788 est
2253 733 2320 788 de
2352 742 2424 789 te.

2096 804 2193 859 Det
2223 819 2438 876 quoque
2462 805 2561 880 tibi
2590 805 2850 880 Dominus
2890 807 3231 877 prudentiam
3274 818 3327 864 et
3370 823 3610 880 sensum,

2023 883 2082 1003 Et
2106 892 2300 1002 rigere
2331 878 2503 948 possis
2533 877 2717 952 Israel,
2749 889 2805 934 et
2854 880 3130 959 custodire
3183 881 3360 952 legem
3405 877 3622 941 Domini

2072 963 2118 1003 ei
2162 965 2242 1003 ut.

2072 954 2118 1003 ei
2145 954 2242 1003 tui.
3095 954 3106 959 "

2096 1020 2248 1076 Tunc
2276 1021 2417 1077 enim
2445 1022 2712 1093 proﬁcere
2742 1023 2967 1092 poteris,
3001 1023 3047 1078 si
3077 1025 3408 1084 custodieris
3457 1044 3614 1084 man-

2023 1090 2146 1147 data
2175 1102 2228 1167 et
2253 1090 2463 1163 judicia
2488 1109 2609 1166 quae
2632 1090 2889 1166 prtecepit
2936 1095 3196 1152 Dominus
3242 1098 3397 1167 Mosi,
3431 1112 3489 1157 ut
3517 1101 3615 1158 do-

2023 1173 2172 1220 ceret
2199 1164 2362 1221 Israel
2393 1185 2404 1222 :

2094 1235 2436 1309 Conl‘ortare,
2464 1247 2519 1295 et
2539 1239 2769 1296 viriliter
2798 1253 2919 1312 age,
2953 1253 3022 1296 ne
3049 1240 3264 1310 timeas,
3314 1257 3490 1314 neque
3521 1261 3615 1318 pa-

2024 1322 2174 1364 V888.

2097 1379 2368 1458 Ecce_ego
2390 1382 2458 1458 int
2477 1383 2851 1458 paupertatula
2875 1399 2990 1440 mea
3015 1385 3315 1456 praeparari
3343 1387 3616 1458 impensas
3671 1387 3676 1448 ί

2023 1451 2216 1532 domus
2249 1451 2617 1532 D‘nmini,'auri
2641 1457 2842 1510 talenta
2871 1451 3090 1532 centum
3117 1451 3310 1532 millia,
3332 1468 3386 1532 et
3406 1451 3618 1532 argenti

2026 1524 2176 1579 mille
2209 1527 2374 1581 millia
2408 1527 2740 1582 talentorum
2775 1545 2789 1585 :
2819 1529 2944 1583 teris
2977 1545 3103 1583 vero
3143 1537 3197 1584 et
3227 1524 3355 1584 ferri
3385 1524 3496 1586 non
3535 1524 3619 1588 est

2025 1597 2259 1675 putidus,
2293 1597 2528 1654 vincitur
2557 1599 2996 1675 en_im_nutnerns
3025 1601 3438 1675 magnitudine:
3474 1603 3620 1675 ligna

2025 1669 2307 1743 ctIapides
2340 1672 2636 1741 praeparavi
2663 1671 2729 1726 ad
2761 1672 3013 1726 universa
3046 1673 3337 1743 impendia.

2098 1739 2275 1814 [labes
2298 1739 2514 1812 quoque
2547 1744 2813 1812 plurimos
2842 1743 3099 1812 artiﬁces,
3123 1739 3383 1814 Iatomos,
3417 1754 3472 1801 et
3516 1761 3622 1802 cae-

2025 1811 2343 1885 mentarios,
2369 1811 2715 1885 ar’tiﬁcesque
2745 1817 3032 1884 lignorum,
3065 1825 3118 1871 et
3149 1811 3391 1870 omnium
3417 1820 3619 1873 artium

2026 1883 2092 1935 ad
2122 1883 2425 1938 faciendum
2450 1900 2586 1956 opus
2615 1883 3084 1954 prudentissimo:,
3139 1888 3192 1942 in
3247 1903 3401 1950 auro.
3433 1899 3487 1944 et
3535 1905 3624 1944 ar-

2026 1967 2211 2027 gento,
2242 1964 2433 2027 etzere
2470 1965 2524 2012 et
2547 1957 2716 2023 ferro,
2749 1960 2902 2027 cujus
2932 1973 3036 2012 non
3065 1967 3149 2013 est
3174 1975 3452 2015 numerus.

2106 2025 2278 2097 Surge
2303 2026 2484 2097 igitur,
2515 2035 2569 2082 ct
2599 2028 2703 2093 fac,
2740 2039 2795 2084 et
2818 2025 2923 2084 erit
2953 2029 3213 2084 Dominus
3240 2042 3436 2085 tecum.

2097 2095 2360 2172 Praecepin
2387 2113 2601 2172 quoque
2625 2099 2793 2154 David
2822 2102 3030 2155 cunctis
3071 2101 3403 2171 principibus
3433 2101 3620 2172 Israel,

2027 2175 2085 2223 ut
2115 2169 2440 2238 adjuvarent
2476 2169 2819 2227 Salomonem
2853 2171 3020 2225 ﬁlium
3049 2185 3225 2226 suum.

2102 2240 2363 2308 Cernitis,
2398 2242 2668 2310 inquiens,
2696 2244 2838 2313 quod
2869 2243 3131 2297 Dominus
3155 2245 3293 2299 Deus
3319 2255 3498 2302 vester
3528 2264 3621 2303 vo-

2025 2312 2243 2386 biscum
2265 2315 2367 2386 sit,
2388 2322 2443 2369 et
2470 2314 2680 2368 dederit
2709 2312 2859 2369 vobis
2888 2317 3136 2383 requiem
3181 2332 3276 2386 per
3305 2317 3617 2384 circuitum,

2026 2394 2082 2438 et
2110 2383 2395 2440 tradiderit
2415 2401 2616 2460 _omnes
2648 2387 2700 2440 in
2751 2401 2912 2440 manu
2944 2396 3145 2460 vestra.
3176 2383 3249 2460 et,
3278 2387 3522 2460 subjecta
3553 2383 3623 2448 sit

2028 2464 2171 2529 terra
2199 2469 2383 2529 coram
2414 2457 2643 2512 Domino
2673 2466 2727 2512 et
2763 2471 2944 2511 curam
2973 2459 3176 2527 populo
3205 2459 3343 2529 ejus.

2098 2527 2344 2601 Praebete
2373 2528 2534 2597 igitur
2561 2529 2726 2601 corda
2757 2539 2935 2584 vestra
2971 2539 3026 2584 et
3055 2527 3263 2586 animas
3297 2541 3530 2601 vestras,
3561 2543 3620 2590 ut

2025 2599 2285 2671 quaeratis
2316 2599 2598 2654 Dominum
2631 2600 2797 2656 Demn
2830 2611 3069 2655 vestrum
3099 2617 3115 2654 :

2100 2670 2166 2725 Et
2194 2671 2528 2742 consurgite,
2558 2679 2616 2728 et
2665 2671 2927 2727 acdiﬁcate
2975 2677 3339 2728 sanctuarium
3395 2675 3626 2733 Domino

2027 2741 2162 2808 Deo,
2193 2753 2249 2796 ut
2280 2743 2655 2798 introducatnr
2683 2757 2812 2798 arca
2857 2742 3078 2799 foederis
3125 2745 3360 2809 Domini,
3393 2759 3447 2802 et
3496 2765 3624 2804 vasa

2028 2813 2259 2887 Domino
2306 2822 2650 2887 consecrata,
2683 2815 2736 2870 in
2770 2815 2990 2870 domum
3021 2831 3143 2887 qua:
3187 2818 3485 2875 aediﬁcatur
3530 2837 3627 2876 no-

2027 2886 2158 2941 mini
2193 2886 2427 2940 Domini.

2106 2957 2258 3028 [Cap.
2291 2955 2510 3028 XXIII.]
2534 2957 2696 3030 Igitur
2715 2957 2882 3013 David
2909 2973 3074 3015 senex
3101 2969 3154 3014 et
3203 2959 3393 3030 plenus
3413 2962 3624 3020 dierum

2028 3044 2214 3156 {egerit
2271 3030 2554 3085 constituit
2606 3029 2954 3086 Salomonem
3004 3031 3174 3087 ﬁlium
3205 3029 3394 3089 ’suum
3463 3052 3629 3107 super

2054 3116 2211 3156 srae.

2054 3116 2211 3157 Sl‘ﬂel.

2104 3172 2173 3227 Et
2199 3172 2550 3246 congregavit
2596 3188 2788 3230 omnes
2834 3174 3109 3246 principes
3136 3176 3322 3246 Israel,
3346 3187 3399 3234 et
3429 3178 3619 3236 Sacer-

1953 3237 2001 3302 C
2032 3245 2190 3300 dotes
2228 3237 2663 3315 atque'Levitas.

2101 3315 2486 3392 Numeratique
2509 3327 2633 3372 sunt
2657 3316 2862 3392 Levitae
2890 3333 2919 3373 a
2955 3328 2980 3355 ιι
3005 3321 3219 3392 triginta
3249 3322 3430 3390 annis,
3450 3333 3505 3378 et
3529 3339 3620 3379 su-

2026 3404 2125 3461 pra
2153 3406 2166 3446 :
2197 3397 2255 3461 et
2278 3389 2498 3443 iuventa
2531 3398 2656 3444 sunt
2685 3388 2901 3457 triginta
2930 3401 3054 3445 octo
3078 3388 3260 3446 'millia
3290 3388 3548 3450 virorum.

2101 3461 2175 3515 Ex
2208 3460 2291 3514 liis
2312 3461 2469 3515 electi
2494 3468 2641 3524 sunt,
2665 3471 2717 3516 et
2749 3461 3024 3516 distributi
3053 3464 3102 3517 in
3131 3465 3488 3520 ministerium
3527 3467 3619 3521 du-

2028 3548 2148 3588 mus
2182 3531 2423 3606 Domini»,
2466 3533 2656 3603 viginti
2690 3541 2924 3606 quatuor
2956 3535 3125 3589 millia
3160 3554 3170 3587 :
3203 3539 3627 3606 praepositorum

1965 3655 1968 3658 .
2027 3613 2208 3659 autem
2232 3613 2286 3658 et
2311 3603 2554 3672 judicum
2587 3619 2679 3658 sex
2708 3604 2897 3658 millia.

2097 3676 2268 3731 Porro
2289 3682 2518 3750 quatuor
2548 3675 2712 3750 millia
2737 3673 3024 3750 janitores,
3056 3685 3114 3750 et
3159 3679 3381 3735 totidem
3434 3684 3623 3750 psaltre

2025 3754 2285 3874 salientes
2309 3746 2538 3802 Domino
2567 3747 2622 3802 in
2653 3748 2890 3818 organis,
2924 3764 3043 3818 qua:
3091 3748 3299 3806 fecerat
3328 3752 3392 3807 ad
3425 3746 3628 3812 canen-

2068 3836 2175 3873 um.

2068 3836 2175 3873 um.

2099 3890 2468 3968 Etdistribuit
2505 3905 2602 3962 eos
2631 3889 2797 3968 D_avid
2842 3907 2939 3962 per
2975 3891 3129 3968 _v_ices
3157 3893 3422 3968 _ﬁliorum
3470 3897 3625 3968 Levi,

2025 3961 2233 4019 Gcrson
2262 3961 2619 4026 videlicet,et
2649 3961 2853 4029 Caatb,
2875 3971 2928 4018 et
2974 3962 3191 4021 Merari.

2096 4034 2218 4090 Filii
2245 4033 2455 4090 Gerson
2491 4051 2506 4089 :
2541 4033 2782 4100 Leedan,
2809 4042 2864 4088 et
2893 4034 3093 4090 Semei.

2098 4106 2220 4162 Filii
2244 4105 2462 4162 Leedan
2494 4121 2510 4162 :
2540 4107 2788 4177 princeps
2810 4105 3008 4174 Jahiel,
3043 4117 3098 4163 et
3121 4107 3348 4178 Zetlian,
3380 4121 3436 4168 et
3478 4113 3620 4182 JoeI,

2027 4187 2158 4234 II'CF.

2101 4250 2217 4306 Filii
2242 4250 2422 4323 Semei
2456 4267 2472 4323 ξ
2501 4248 2878 4323 Sa_lomitli,_et
2923 4249 3092 4323 Qsiel,
3139 4263 3192 4307 et
3246 4253 3417 4323 Aran,
3469 4265 3617 4316 tres:

2026 4322 2117 4378 isti
2145 4322 2418 4392 principes
2450 4320 2775 4376 familiarum
2799 4320 3036 4392 Leedan.

2097 4391 2265 4449 Porro
2284 4391 2606 4464 tﬁliiSemci,
2630 4392 2818 4457 Leetli,
2845 4391 3057 4459 thiza,
3090 4401 3146 4448 et
3166 4393 3320 4464 Jaus,
3339 4407 3392 4454 et
3422 4399 3611 4458 Baria:

2025 4466 2114 4521 isti
2149 4466 2238 4520 ﬁlii
2272 4463 2474 4523 Semei.
2507 4474 2757 4532 quatuor.

2099 4538 2228 4590 Erat
2251 4544 2430 4590 autem
2453 4533 2621 4588 Leeth
2649 4534 2815 4602 prior,
2848 4534 2969 4588 Ziza
3004 4538 3296 4592 secundus.

1947 4637 2000 4698 Β
2032 4686 2074 4698 Α·
2096 4607 2499 4698 ΡρῐςτοΔΙΞὶυξςι
2517 4605 2797 4698 Iritriapo-n
2828 4606 3292 4698 habuejruntfilios
3324 4613 3610 4698 plurimos,

2024 4686 2079 4734 et
2099 4679 2302 4752 idcirco
2326 4677 2504 4752 in_nna
2519 4676 2741 4742 familia,
2759 4692 2971 4752 unaque
2983 4677 3144 4752 domo
3164 4676 3454 4752 computati
3470 4676 3616 4744 sunt;

2098 4750 2218 4805 Filii
2243 4747 2412 4805 Caatli
2446 4753 2726 4814 :Amram,
2756 4757 2811 4803 et
2840 4750 3010 4818 lsaar,
3064 4747 3305 4822 llebrnn,
3347 4767 3400 4812 et
3446 4758 3616 4829 Oziel,

2025 4831 2274 4888 quatuor.

2099 4894 2224 4948 Filii
2256 4891 2476 4948 Amram
2510 4910 2523 4946 :
2553 4895 2734 4946 Aaron
2760 4901 2816 4947 et
2847 4892 3046 4949 Moses.

2099 4965 2506 5036 Separatusque
2533 4965 2847 5036 estAaron,
2881 4973 2939 5019 ut
2972 4966 3307 5024 ministraret
3331 4970 3384 5025 in
3429 4986 3614 5031 saneto

2025 5035 2360 5101 sanctorum,
2392 5037 2508 5105 ipse
2532 5045 2585 5089 et
2615 5035 2709 5089 lilii
2737 5035 2858 5105 ejus
2883 5037 2934 5089 in
2967 5039 3378 5107 sempiternum,
3407 5055 3464 5100 et
3486 5048 3618 5102 ad"-

2028 5109 2166 5183 Ieret
2185 5110 2471 5183 incensum
2505 5107 2735 5183 Domino
2764 5107 3058 5183 secundum
3101 5110 3262 5164 ritum
3313 5129 3492 5183 suum,
3551 5135 3616 5174 ac

2028 5179 2377 5236 benediceret
2404 5178 2611 5234 nomini
2635 5178 2753 5247 ejus
2774 5179 3208 5250 inperpetuum.

2101 5251 2236 5308 Mosi
2265 5265 2479 5323 quoque
2510 5250 2744 5306 hominis
2770 5249 2869 5306 Dei
2890 5249 2985 5307 ﬁlii
3025 5257 3364 5313 annumerati
3393 5268 3520 5318 sunt
3562 5261 3620 5318 in

2029 5324 2173 5381 tribu
2201 5323 2351 5379 Levi.

2103 5395 2226 5450 Filii
2269 5392 2403 5450 Mosi
2434 5411 2447 5447 :
2480 5392 2730 5458 Gersom,
2762 5401 2817 5448 et
2846 5393 3078 5453 Eliezer.

2101 5466 2224 5521 Filii
2252 5465 2482 5522 Gersom
2515 5483 2529 5518 :
2554 5464 2759 5521 Subuel
2797 5466 3024 5534 primus.

2043 5539 2046 5542 ’
2103 5537 2578 5617 Fuernnt_a_utem
2610 5536 2724 5617 Atilii
2765 5537 2977 5617 βρίθων
3003 5556 3016 5596 :
3047 5540 3252 5599 Roobia
3283 5546 3491 5617 primus
3517 5567 3532 5609 :
3565 5560 3621 5609 et

2035 5626 2143 5668 non
2175 5618 2336 5667 erant
2364 5609 2575 5666 Eliezer
2606 5607 2700 5663 ﬁlii
2735 5608 2845 5664 alii.
2889 5615 2894 5618 '

2029 5817 2290 5949 capitulo,
2321 5816 2690 5888 sttpputabilur
2717 5833 2965 5876 numerus
2993 5820 3226 5891 ﬁliorum
3245 5821 3416 5885 Levia
3449 5833 3630 5905 ινίρίηιε

2037 5909 2187 5949 annis
2216 5907 2243 5948 ε
2301 5907 2479 5949 supra.

2037 5909 2187 5950 anms
2216 5907 2266 5949 ει
2301 5907 2479 5965 supra.

3060 5982 3194 6050 ‘h3
