4112 6354
507 339 649 400 1555

578 461 752 516 Porro
780 453 875 512 ﬁlii
899 451 1108 510 Roobia
1134 447 1477 520 multiplicati
1503 456 1633 506 sunt
1665 445 1850 505 nimis.

581 532 700 587 Filii
730 529 876 584 lsaar
907 523 1210 584 :Salomith
1241 524 1469 596 primus.

577 603 700 658 Filii
727 600 944 656 llebron
981 597 1206 660 :Jeriau
1242 589 1478 665 'primus,
1527 593 1776 650 Amarias
1807 589 2102 657 secundus,

511 674 678 733 Jaziel
702 671 912 734 tertius,
937 669 1210 726 Jecmaam
1241 675 1488 739 quartus.

578 747 698 801 Filii
729 745 875 798 Uziel
909 760 922 796 :
955 742 1123 796 Miclta
1151 737 1378 810 primus,
1405 738 1547 794 Jesia
1575 737 1868 796 secundus.

581 817 703 874 Filii
729 813 921 870 Merari
955 833 966 866 :
993 812 1181 874 Mooli,
1212 821 1267 866 et
1291 811 1447 866 Musi.

584 890 702 945 Filii
736 884 941 942 Mooli:
978 885 1230 947 Eleazar,
1262 882 1453 940 etCis.

580 961 820 1016 MOrtuus
847 967 931 1012 est
952 967 1130 1011 autem
1167 955 1410 1019 Eleazar,
1463 964 1520 1009 et
1569 970 1676 1010 non
1723 953 1911 1009 habuit
1941 953 2105 1022 ﬁlios,

508 1034 604 1089 sed
637 1031 777 1085 ﬁlias
808 1048 819 1083 :
849 1035 1286 1098 acceperuntque
1308 1041 1404 1082 cas
1433 1027 1532 1098 ﬁlii
1561 1025 1650 1080 Cis
1666 1025 1865 1098 fratres
1893 1042 2106 1083 earum.

581 1104 701 1160 Filii
734 1101 866 1156 illusi
893 1117 908 1154 :
941 1097 1123 1165 M’ooli,
1153 1097 1215 1154 et
1235 1099 1396 1164 Eder,
1420 1109 1475 1154 et
1502 1097 1795 1164 Jerituoth,
1827 1111 1961 1154 tres.

584 1177 650 1232 lli
680 1174 772 1229 ﬁlii
804 1173 937 1228 Levi
971 1175 1023 1228 in
1051 1172 1467 1242 cognationibus
1496 1181 1548 1225 et
1574 1169 1792 1224 familiis
1823 1170 1934 1224 suis
1963 1171 2106 1241 prin-

509 1251 658 1319 cipes
687 1263 782 1316 per
811 1249 977 1310 vices,
1009 1254 1064 1300 et
1115 1241 1421 1319 innueruut-
1455 1241 1716 1319 capitum.
1741 1243 2106 1311 singulormu,

509 1313 600 1390 qui
627 1313 900 1374 faciebant
928 1332 1094 1387 opera
1135 1314 1425 1370 ministerii
1457 1315 1652 1369 domus
1685 1313 1922 1380 Domini,
1951 1331 1980 1368 a
2024 1316 2108 1370 vi-

512 1394 644 1464 ginti
673 1392 828 1444 annis
859 1398 1128 1464 etsupra.

587 1463 730 1518 Dixit
751 1465 892 1517 enim
926 1457 1129 1515 David:
1169 1459 1435 1530 Requiem
1465 1457 1616 1514 dedit
1655 1457 1917 1530 Dominus
1965 1457 2110 1512 Deus

513 1536 677 1590 l~rael
709 1534 908 1604 populo
937 1548 1058 1598 suo,
1091 1539 1148 1587 et
1180 1530 1570 1588 habitationem
1595 1529 1896 1585 Jerusalem
1939 1545 2110 1600 usque

513 1624 568 1662 1η
599 1619 888 1662 mteruum.

582 1679 692 1733 Nec
719 1679 823 1734 erit
849 1675 1011 1730 officii
1043 1674 1356 1730 Levitarum
1405 1684 1467 1729 ut
1504 1673 1643 1728 ultra
1676 1681 1896 1742 portent
1925 1673 2110 1729 taber-

513 1751 790 1814 naculum,
818 1758 875 1802 et
896 1749 1078 1802 omnia
1104 1761 1235 1800 vasa
1273 1747 1394 1817 ejus
1428 1745 1500 1817 ad
1527 1745 1964 1817 tuiuirstrandnm.

587 1821 744 1904 Juxta
779 1816 1312 1910 praecepta'quoque'
1341 1816 1518 1900 David
1541 1816 1860 1899 novissima,
1908 1833 2111 1889 suppu-
2141 1848 2190 1910 Β

509 1894 712 1949 tabitur
740 1888 997 1946 numerus
1029 1888 1260 1944 ﬁliorum
1277 1890 1405 1944 Levi
1424 1904 1452 1943 a
1473 1888 1655 1958 viginti
1676 1888 1902 1943 anniset
1923 1888 2104 1960 supra.

588 1966 653 2020 Et
673 1975 833 2020 erttut
863 1964 962 2016 sttb
991 1963 1224 2016 filiorqu
1260 1965 1440 2015 Aaron
1469 1960 1521 2014 iu
1550 1963 1754 2014 cultum
1784 1960 1976 2014 domus
2004 1961 2108 2016 Da-

512 2038 668 2102 mini,
710 2038 760 2090 iu
792 2033 1090 2093 vestibulis,
1119 2043 1173 2086 et
1201 2036 1249 2084 in
1284 2033 1526 2098 exedris,
1564 2039 1623 2102 et
1654 2035 1705 2083 iu
1761 2032 1880 2086 loco
1929 2037 2111 2100 purifi-

510 2101 763 2173 catiouis,
797 2115 851 2162 et
882 2109 932 2159 iu
964 2103 1301 2169 SilllClUJl‘if),
1349 2114 1405 2159 et
1449 2104 1502 2157 in
1536 2101 1806 2157 universis
1849 2106 2111 2175 operibus

513 2180 803 2236 ministerii
836 2177 1021 2245 templi
1057 2177 1289 2230 Domini.

570 2251 894 2308 Sacerdotes
925 2258 1127 2313 autem,
1159 2262 1325 2314 super
1375 2260 1543 2311 panes
1588 2247 2004 2318 prepositionis,
2057 2258 2113 2304 et

509 2325 576 2377 ²ι1
607 2325 797 2378 simila:
820 2319 1167 2385 sacrificium,
1199 2328 1253 2372 ct
1283 2318 1347 2372 ad
1381 2319 1570 2389 legaua
1603 2334 1815 2390 azyma,
1850 2330 1875 2356 ιι
1899 2329 1956 2373 et
1989 2335 2110 2373 sar-

511 2397 770 2465 lnginem,
807 2403 862 2447 et
904 2392 971 2446 ad
1008 2395 1303 2446 ferventem
1340 2391 1599 2457 similam,
1633 2402 1689 2446 et
1735 2405 1900 2462 super
1950 2405 2114 2448 omne

511 2470 722 2537 pondus
763 2475 924 2534 atque
953 2477 1288 2517 mensuram.

583 2539 785 2594 chiLe
818 2532 970 2600 vero,
996 2544 1054 2588 ut
1075 2541 1220 2588 stent
1255 2546 1412 2587 mane
1434 2532 1503 2587 ad
1533 2533 1898 2589 confitendum
1943 2546 1990 2589 et
2024 2551 2115 2592 ca-

511 2610 750 2668 nendum
787 2608 1013 2663 llomiuo
1047 2604 1452 2674 :similiterque
1480 2605 1545 2658 ad
1576 2622 1884 2674 vesperam,
1915 2615 2022 2661 tam
2059 2611 2110 2661 iu

510 2683 788 2736 oblatione
819 2679 1264 2734 holocaustortnn
1295 2676 1532 2734 Domini.
1574 2692 1734 2747 quam
1786 2678 1836 2733 in
1869 2679 2113 2738 sabbatis

508 2766 560 2808 et
593 2753 861 2820 kalendis,
892 2763 944 2807 et
987 2749 1432 2805 solemnitatibus
1465 2749 1705 2819 reliquis,
1730 2750 1882 2819 juxta
1915 2767 2114 2805 nume-

509 2842 630 2952 31m
658 2835 728 2910 _ct
753 2822 1110 2879 caeremonias
1134 2820 1563 2891 uniuscujusque
1593 2822 1691 2888 rei,
1707 2822 1906 2893 jugitcr
1927 2837 2110 2877 coram

564 2912 769 2952 tillllllO.

564 2912 769 2952 tillllllO.

583 2969 647 3023 Et
675 2965 986 3024 custodiant
1029 2963 1447 3036 observationes
1474 2963 1813 3020 tabernaculi
1860 2964 2108 3036 ftederis,

510 3051 564 3095 et
594 3042 756 3094 ritum
785 3037 1104 3100 sanctuarii,
1137 3047 1192 3090 et
1223 3035 1665 3091 observationem
1717 3037 1948 3092 ﬁliorum
2003 3043 2112 3092 Aa—

517 3128 613 3166 ro.i
646 3113 870 3168 fratrum
901 3122 1147 3172 suorum,
1173 3115 1229 3162 ut
1258 3107 1570 3162 ministrent
1592 3108 1645 3162 iu
1676 3107 1840 3163 domo
1875 3109 2108 3165 Domini.

583 3182 736 3255 [ϐαρ.
768 3180 983 3253 ΧΧΝ.]
1017 3180 1191 3234 Porro
1240 3179 1362 3233 ﬁliis
1418 3178 1600 3234 Aaron
1655 3179 1740 3236 hae
1787 3183 2108 3253 partitiones

510 3263 669 3311 erant
701 3272 715 3309 :

582 3326 706 3382 Filii
736 3326 919 3384 Aaron
952 3342 963 3378 :
992 3321 1197 3392 Nadab,
1229 3329 1280 3377 et
1305 3320 1467 3388 Abiu,
1494 3328 1550 3378 et
1581 3322 1827 3393 Eleazar,
1855 3334 1910 3381 et
1957 3324 2110 3381 Itha-

511 3413 648 3454 mar.

583 3470 777 3526 lllortui
824 3478 948 3524 sunt
994 3473 1176 3522 autem
1235 3464 1506 3540 Nadabet
1557 3465 1694 3540 Abiu
1746 3477 1875 3525 ante
1900 3478 2112 3540 patrem

509 3558 666 3598 suum
707 3542 916 3612 absque
943 3541 1148 3606 liberis,
1173 3537 1592 3612 sacerdotioque
1613 3537 1827 3596 functus
1851 3537 1936 3597 est
1959 3542 2114 3597 Elea-

511 3631 628 3679 Zar,
664 3623 717 3669 et
747 3613 1009 3668 Ithamar.

586 3688 651 3740 Et
675 3685 859 3739 divisit
899 3697 994 3738 eos
1026 3681 1216 3746 David,
1268 3681 1322 3738 id
1355 3689 1460 3746 est,
1490 3679 1670 3737 Sadoc
1700 3680 1769 3736 de
1797 3682 1923 3740 filiis
1954 3685 2111 3742 Elea-

511 3773 623 3822 zar,
657 3769 712 3812 et
751 3753 1070 3810 Aliimelech
1096 3753 1164 3809 de
1188 3753 1317 3809 filiis
1340 3753 1604 3820 Ithamar,
1626 3757 1943 3812 secundum
1969 3758 2114 3814 vices

511 3844 640 3884 suas
669 3835 724 3883 et
763 3827 1142 3882 ministerium.

587 3899 899 3972 Inventique
930 3907 1055 3952 sunt
1084 3895 1254 3972 multo
1280 3895 1464 3972 plures
1493 3895 1590 3952 filii
1620 3896 1848 3955 Eleazar
1875 3900 1928 3955 in
1959 3901 2110 3972 prin-

512 3971 724 4041 cipibus
747 3965 899 4034 viris,
931 3983 1091 4041 quam
1118 3967 1214 4041 filii
1238 3965 1494 4041 Ithamar.

587 4042 779 4115 Divisit
807 4039 1114 4115 autem‘eis,
1141 4039 1242 4094 hoc
1262 4040 1522 4115 es__t_,_ﬁli_is
1552 4040 1800 4109 Eleazar,
1839 4043 2112 4115 principes

512 4131 610 4186 per
651 4113 884 4170 familias
915 4111 1154 4167 sedecim
1188 4127 1201 4164 :
1232 4120 1281 4165 et
1310 4110 1434 4165 ﬁliis
1464 4111 1702 4168 Ithamar
1733 4110 2111 4183 per—familias

513 4198 566 4244 et
599 4187 789 4241 domos
815 4198 941 4239 suas
971 4191 1116 4238 octo.

587 4260 759 4314 Porro
788 4256 974 4311 divisit
1002 4265 1261 4322 utrasque
1291 4250 1435 4307 inter
1465 4267 1524 4308 se
1562 4253 1795 4309 familias
1827 4259 2067 4314 sortibus
2095 4277 2108 4314 :

513 4340 677 4404 erant
711 4329 856 4404 enim
890 4327 1172 4404 principes
1201 4325 1538 4404 sattctttarii,_
1560 4337 1614 4404 et
1647 4329 1933 4404 principes
1990 4331 2105 4398 Dei,

515 4412 618 4457 tam
649 4402 715 4456 de
740 4400 862 4454 filiis
889 4395 1135 4458 Eleazar:
1159 4411 1320 4465 quam
1344 4395 1412 4450 de
1444 4396 1571 4451 ﬁliis
1599 4395 1853 4454 Ithamar;

587 4471 992 4541 Descripsitque
1017 4484 1112 4526 eos
1139 4468 1396 4541 Semeias
1415 4467 1558 4524 ﬁlius
1589 4469 1889 4527 Nathanacl
1929 4473 2107 4529 srriba

514 4545 751 4611 Levites,
785 4539 970 4598 coram
996 4555 1121 4610 rege
1146 4551 1198 4592 et
1231 4539 1583 4611 principibus,
1615 4550 1669 4594 et
1692 4541 1902 4598 Sadoch
1928 4560 2113 4599 sacer—

513 4619 663 4681 dote,
681 4609 746 4670 et
764 4609 1077 4687 Ahimelecli
1104 4611 1214 4687 ﬁlio
1236 4609 1517 4687 Abiatltar,
1539 4613 1870 4687 principibus
1893 4633 2108 4687 quoque

513 4688 838 4744 familiarum
867 4683 1285 4740 sacerdotalium
1313 4691 1368 4736 et
1395 4681 1758 4739 Leviticarttm
1782 4700 1796 4739 :
1825 4681 1984 4742 unam
2017 4681 2108 4742 do-

514 4775 686 4827 mum,
719 4773 840 4829 qute
865 4755 1360 4829 eteterisprteerat,
1397 4755 1649 4829 Eleazar;
1676 4766 1728 4829 et
1750 4758 1977 4815 alteram
2008 4760 2105 4818 do-

515 4825 684 4896 mum,
719 4825 838 4900 quae
866 4828 966 4882 sub
988 4842 1048 4882 se
1079 4825 1313 4900 habebat
1346 4833 1600 4900 crateres,
1637 4826 1889 4886 Ithamar.

587 4895 769 4957 Exivft
797 4908 976 4953 autem
1000 4913 1122 4970 sors
1139 4898 1313 4970 prima
1337 4895 1567 4967 Jojarib,

583 4973 843 5030 Secunda
859 4969 1082 5038 Jedeim,

583 5045 766 5100 Tertia
790 5042 997 5107 llarim,

586 5115 785 5184 Quarta
835 5115 1068 5180 Seorim,

585 5188 783 5254 Quinta
820 5185 1074 5249 Melchia,

585 5258 748 5316 Sexta
777 5257 1032 5322 Maiman,

585 5401 612 5429 ι
630 5389 898 5473 ,ηειπὲιῃ-ις
917 5371 1174 5473 mund”
1195 5390 1719 5473 u_ef_ammt_tf_bacltellt,
1734 5399 1878 5470 quod
1907 5403 1975 5458 ad
1993 5412 2099 5460 lor-

514 5464 732 5540 rgndunt
783 5463 1167 5540 interpretatur
1214 5463 1384 5540 falsus
1426 5463 1820 5540 Hieronymus,
1861 5473 2098 5534 dicens;

517 5535 671 5614 Quod
697 5536 752 5588 in
780 5531 1088 5614 quibusdam
1130 5531 1670 5614 codicibus‘babetur',
1725 5531 2102 5614 ad'ferventetn

513 5607 763 5671 similam,
795 5615 841 5659 et
869 5607 921 5657 in
941 5605 1254 5676 quibusdam
1283 5608 1353 5658 ad
1390 5605 1665 5676 ferrentent
1703 5605 2058 5673 tantummodo

513 5697 656 5735 error
687 5662 779 5733 est.
817 5676 880 5729 1η
906 5662 1129 5730 Ilcbrwo
1157 5693 1258 5731 non
1288 5662 2098 5745 [tabam—inibat:-

514 5753 634 5818 “"5”
656 5749 829 5805 ⁸ί⁹¹¹ί¹⁰
876 5748 1166 5819 ραιιιρίφιηι
1193 5733 1434 5816 superius
1474 5733 1851 5812 imagini;
1869 5733 2105 5818 :"i'éii’za

510 5817 835 5901 (Errep‘jum,
868 5817 933 5901 in
983 5817 1203 5901 Hebraeo
1233 5823 1468 5901 ponitur,
1495 5835 1549 5901 ut
1586 5827 1866 5901 subaudias
1909 5817 2104 5901 spicas.

514 5894 770 5950 Primitia:
797 5892 933 5947 enim
971 5892 1235 5958 spicarum
1264 5896 1475 5952 auando
1515 5897 1878 5967 deferebantur
1898 5945 1913 5972 ,
1939 5892 2109 5962 torre-

1521 336 1580 394 S.
1625 325 2005 390 lllERONYMl
2049 327 2280 388 DIVI-NA
2322 329 2800 390 lilBLlOTIIECA.

2130 435 2181 509 Α
2277 447 2516 516 Septima
2544 451 2740 516 Accos,

2137 3248 2186 3313 C

3672 321 3824 385 153.6

2281 522 2479 574 Octava
2505 521 2680 590 Abia,‘
2739 535 2742 548 ί

2279 591 2430 648 Nona
2459 591 2644 657 Jesue,
2752 601 2756 610 ‘

2282 664 2500 718 Decima
2538 665 2830 731 Seclienia,

2285 735 2581 791 Undecima
2618 737 2841 800 Eliasib,
2891 783 2900 792 .

2286 807 2615 861 Duodecima
2635 807 2827 872 Jacim,

2283 879 2680 934 'I'crtiadccima
2711 879 2962 950 Ilopplta,

2283 950 2694 1020 Quattadeciuta
2730 951 2942 1021 Isbaab,

2284 1023 2696 1096 Quintadecima
2725 1023 2911 1096 Belga,

2284 1095 2664 1150 Sextatleeima
2699 1097 2935 1161 liminer,

2283 1166 2735 1234 Septimadecima
2765 1168 2906 1233 I-Izir,

2282 1237 2698 1293 Oelavadet'ima
2731 1238 2966 1308 Aphses,

2285 1310 2652 1364 Nouadecima
2691 1311 2975 1378 l’l:etheia,

2289 1382 2556 1451 Vigesima
2583 1381 2794 1437 Jezmel
2813 1425 2826 1446 ,

2288 1453 2734 1522 Vigt-simaprima
2766 1454 2980 1521 Jat'hin,

2290 1525 2794 1594 \igrsitnaseeutnft
2828 1527 3047 1593 Gatuul,

2290 1597 2717 1663 Vigcsituatertia
2748 1599 2987 1659 flalaiau.

2286 1669 2556 1739 Vigesitua
2587 1680 2779 1739 quarta
2816 1671 3078 1724 Maaziau.

2291 1737 2384 1794 liae
2410 1740 2556 1795 vices
2604 1737 2791 1796 eorum
2831 1742 3128 1796 secundum
3162 1737 3461 1796 ministeria
3493 1752 3610 1804 sua,
3646 1746 3708 1793 ut
3736 1739 3823 1793 in.

2215 1813 2531 1884 gradiantur
2553 1812 2772 1867 domum
2807 1814 3040 1883 Domini,
3068 1813 3292 1884 etjuxta
3335 1814 3497 1866 ritum
3528 1826 3686 1865 suum
3714 1810 3824 1863 sub

2217 1886 2586 1957 lli:llltl_t\:tl‘0tl
2621 1888 2791 1957 patris
2823 1899 3009 1941 eorum
3041 1901 3056 1941 :
3083 1889 3227 1941 sicut
3273 1884 3528 1955 prtecepit
3554 1885 3823 1937 Dominus

2217 1960 2359 2013 Deus
2390 1955 2577 2010 Israel.

2288 2030 2458 2084 Porro
2501 2029 2734 2084 ﬁliorum
2783 2027 2935 2098 Levi,
2966 2027 3054 2100 qui
3085 2027 3277 2100 reliqui
3305 2026 3543 2100 fuerant,
3579 2025 3645 2080 de
3693 2025 3823 2080 filiis

2216 2100 2438 2157 Amram
2468 2110 2586 2155 erat
2613 2100 2834 2164 Subael,
2861 2115 2912 2156 et
2939 2098 3006 2156 de
3038 2101 3162 2156 filiis
3190 2099 3419 2166 Subael,
3463 2098 3672 2154 Jetleia.

2292 2173 2365 2228 De
2400 2172 2524 2226 filiis
2553 2188 2770 2241 quoque
2796 2173 3017 2229 fioobite
3042 2173 3293 2243 princeps
3323 2171 3517 2226 Jesias.

2216 2317 2242 2374 J
2289 2245 2456 2370 lipari
2498 2238 2630 2300 vero
2681 2244 2820 2300 filius
2875 2238 3193 2316 Saletuotb,
3235 2238 3490 2314 ﬁliusque
3536 2238 3823 2297 Salcmoth

2251 2333 2312 2372 aa
2364 2333 2416 2370 i:

2251 2326 2378 2372 aatlt
2405 2334 2416 2368 :

2289 2389 2568 2472 Filiusque
2614 2389 2732 2460 ejus
2763 2389 2978 2457 Jcriau,
3032 2389 3282 2446 Amarias
3309 2386 3583 2445 secundus
3605 2426 3620 2452 ,
3647 2382 3822 2441 Jaziel

2219 2463 2445 2528 tertius,
2470 2463 2727 2516 Jecmaan
2761 2475 3006 2531 quartus.

2291 2533 2457 2587 Filius
2484 2532 2662 2598 Oziel,
2691 2535 2863 2588 Micha
2891 2554 2904 2589 :
2938 2536 3075 2588 filius
3101 2531 3274 2587 Micha
3293 2573 3307 2593 ,
3339 2531 3540 2587 Samir.

2290 2606 2479 2660 Frater
2505 2606 2572 2659 Mi
2594 2607 2676 2658 -ha
2707 2647 2720 2666 .
2751 2607 2894 2661 Jesia
2931 2624 2944 2660 :
2983 2607 3233 2676 filiusque
3255 2604 3418 2660 Jesite
3447 2601 3758 2657 Zacharias.

2289 2677 2409 2734 Filii
2433 2676 2626 2731 Morari
2645 2719 2659 2743 ,
2686 2678 2847 2732 Mooli
2874 2687 2930 2733 et
2957 2680 3119 2734 Musi.

2289 2749 2459 2804 Filius
2483 2749 2648 2804 Oziau
2665 2791 2680 2815 ,
2719 2751 2922 2804 Denuo.

2293 2821 2458 2947 ῗῖιιῧιξ
2484 2837 2697 2892 quoque
2729 2822 2956 2891 .lferari,
2990 2821 3157 2878 Oziau
3207 2828 3263 2874 et
3304 2817 3468 2874 Socm
3521 2825 3576 2873 ct
3604 2815 3827 2872 Zachur

2341 2912 2370 2947 e
2413 2909 2479 2947 rt.

2215 2903 2268 2949 et
2293 2903 2479 2948 Hebri.

2216 2966 2460 3093 l'lfgttrzo
2506 2965 2668 3022 Manli
2701 2966 2842 3023 ﬁlius
2897 2966 3171 3035 Eleazar,
3249 2963 3341 3036 qui
3396 2977 3503 3019 nou
3579 2959 3828 3016 habebat

2240 3057 2251 3092 Ι
2279 3055 2412 3090 )J'f).
2430 3082 2440 3092 .
3699 3076 3703 3081 '

2240 3053 2440 3092 IDCI'OS.
3699 3076 3703 3081 .

2288 3109 2456 3164 Filius
2485 3125 2617 3167 vero
2639 3109 2729 3166 Cis
2751 3154 2764 3171 .
2795 3108 3092 3168 Jcrameel.

2287 3181 2411 3236 Filii
2431 3181 2563 3237 Mosi
2584 3228 2598 3252 ,
2629 3183 2822 3251 Mooli,
2850 3184 2994 3238 Eder
3027 3191 3084 3237 et
3111 3178 3398 3237 JerimOIh.

2293 3255 2382 3308 Isti
2411 3255 2503 3308 filii
2531 3254 2657 3310 Levi
2681 3257 2980 3310 Secundum
3004 3255 3195 3309 domos
3219 3252 3544 3306 familiarum
3569 3263 3823 3304 suarum.

2292 3327 2662 3396 Miserumque
2683 3337 2736 3381 et
2759 3329 2858 3397 ipsi
2892 3335 3068 3382 sortes
3088 3329 3274 3397 contra
3305 3323 3666 3397 fratressuos
3681 3322 3827 3397 filios

2220 3401 2431 3464 Aaron,
2461 3394 2645 3453 coram
2677 3394 2842 3453 Dav—id
2865 3414 2993 3468 rege
3012 3440 3027 3466 ,
3052 3407 3106 3452 et
3143 3396 3342 3468 Sadoc,
3367 3404 3426 3468 et
3456 3394 3780 3468 Aliimelcch
3808 3433 3824 3456 ,

2219 3481 2273 3526 et
2303 3470 2637 3539 principibus
2693 3464 3024 3526 familiarum
3074 3467 3494 3539 sacerdotalium
3548 3474 3606 3521 et
3655 3464 3822 3518 Levi-

2219 3537 2446 3596 tiearum
2475 3537 2495 3607 ζ
2517 3552 2621 3614 tam
2655 3543 2922 3614 majores,
2950 3557 3111 3614 quam
3159 3543 3420 3596 minores.
3445 3537 3648 3594 Omnes
3701 3551 3828 3589 suis

2217 3615 2500 3683 atqualitcr
2523 3613 2825 3669 dividebat.

2291 3681 2460 3758 [ϐαρ.
2491 3683 2702 3758 ΠΜ
2742 3685 2909 3754 Igitur
2953 3683 3137 3758 David
3175 3690 3233 3738 et
3261 3681 3634 3758 magistratus
3663 3693 3828 3758 exer-

2217 3751 2357 3814 citus
2408 3751 2832 3827 segregaverunt
2904 3758 2956 3812 iu
3011 3751 3551 3827 ministerium’filios
3601 3751 3827 3827 Asaph,

2216 3839 2273 3886 et
2305 3822 2510 3892 Eman',
2542 3822 2598 3883 ei
2627 3829 2838 3884 lilithuu
2887 3847 2899 3883 :
2928 3827 3020 3899 qui
3070 3827 3455 3898 prophetarent
3487 3824 3539 3877 iu
3567 3822 3819 3885 citharis,

2215 3913 2268 3956 et
2312 3900 2604 3971 psalteriis,
2634 3910 2687 3973 et
2712 3901 2995 3973 cymbalis,
3028 3899 3323 3955 secundum
3346 3910 3633 3952 numerum
3665 3909 3826 3948 somn

2216 3975 2466 4028 dedicato
2492 3973 2593 4026 sibi
2626 3972 2806 4027 officio
2829 3975 3135 4028 servientes
3161 3989 3172 4024 :

2291 4046 2367 4100 De
2401 4045 2526 4098 filiis
2550 4045 2732 4113 Asaph
2759 4061 2773 4100 :
2804 4044 3025 4098 Zaehur
3050 4085 3066 4109 ,
3094 4051 3149 4097 et
3175 4040 3379 4112 Ioseph
3409 4079 3423 4104 ,
3453 4046 3510 4094 et
3526 4035 3823 4113 ﬂathania.

2215 4128 2269 4174 et
2300 4116 2557 4188 Asarela,
2595 4108 2686 4172 filii
2733 4115 2962 4188 Asaplt:
3015 4115 3116 4170 sub
3160 4108 3324 4169 manu
3371 4111 3556 4180 Asaph
3588 4108 3827 4180 prophe-

2217 4189 2384 4245 tantis
2409 4187 2559 4256 juxla
2591 4205 2797 4259 regem.

2288 4251 2458 4316 Porro
2529 4251 2742 4315 lditb'un
2794 4275 2809 4314 :
2864 4259 2958 4314 ﬁlii
2995 4256 3255 4321 ldithun,
3312 4251 3606 4314 Godolias,
3649 4251 3816 4316 Sori,

2213 4332 2449 4398 Jescias,
2495 4341 2548 4386 et
2579 4333 2805 4387 Asabias
2829 4373 2845 4398 ,
2870 4343 2922 4384 et
2954 4328 3310 4390 Mattiathias,
3364 4341 3458 4381 sex
3509 4323 3614 4398 sub
3659 4339 3821 4377 manu

2214 4407 2382 4475 patris
2402 4395 2484 4459 sui
2512 4404 2725 4458 lditbun
2756 4446 2770 4469 ,
2797 4395 2891 4475 qui
2915 4401 2985 4456 ‘in
3027 4403 3230 4475 cithara
3255 4395 3618 4472 prophetabat
3658 4410 3823 4466 super

2213 4473 2537 4552 confitcntes
2566 4485 2619 4530 et
2641 4473 3263 4552 lamlant_es_.[l,0tttinapi.

2289 4549 2456 4603 Emau
2481 4563 2695 4620 quoque
2726 4564 2740 4601 :
2776 4547 2887 4620 filii,
2920 4537 3088 4620 Emau
3111 4541 3406 4620 ,7Bocciau
3434 4581 3459 4620 ,μ
3502 4537 3776 4620 Mathapitt
3798 4579 3814 4606 ,

2215 4620 2392 4686 Ozicl,
2436 4611 2670 4680 Su'hue'l,
2703 4618 3075 4679 etJerimoth,
3129 4617 3396 4675 Ananias,
3432 4612 3642 4671 Anani,
3673 4611 3818 4664 Elia-

2135 4652 2300 4716 ΒΑ.-
2387 4691 2674 4716 ΠΛΑΛΛΙΛΑ
2765 4701 2810 4716 ,ιι
2859 4687 3297 4716 0,...η-...ιιιζη-ηι-
3368 4692 3418 4716 nl
3470 4681 3778 4716 Inclusa-necti

2218 4698 2337 4753 tha,
2381 4681 2712 4756 'Geddelthi,
2762 4701 2816 4743 et
2858 4687 3297 4744 Romemthiczer
3321 4728 3335 4752 ,
3367 4692 3424 4739 et
3460 4681 3816 4749 Jcsbamssa,

2214 4766 2455 4821 fllellothi
2486 4808 2498 4830 ,
2529 4762 2722 4818 Otltir:
2755 4761 2986 4816 Mazioth
3022 4775 3037 4814 :

2285 4824 2497 4893 Omnes
2516 4835 2605 4890 isti
2631 4834 2726 4888 filii
2757 4833 2924 4888 Eman
2949 4829 3190 4887 Videntis
3222 4826 3364 4896 regis
3394 4827 3448 4882 in
3472 4824 3818 4880 sermonibus

2216 4910 2340 4974 Dei,
2374 4919 2428 4962 ut
2470 4908 2738 4962 exultaret
2769 4919 2976 4960 cornu:
3005 4902 3262 4971 deditque
3288 4895 3434 4954 Deus
3473 4895 3644 4952 Etnan
3678 4897 3817 4951 filios

2217 4978 2628 5054 quatuordecim
2646 5018 2670 5054 Α,
2695 4985 2751 5032 et
2779 4976 2918 5031 filias
2946 4985 3076 5054 tres.

2293 5053 2538 5110 Uuiversi
2577 5038 2678 5104 sub
2723 5063 2884 5103 manu
2929 5046 3099 5116 patris
3141 5045 3222 5100 sui
3271 5044 3338 5099 ad
3387 5038 3715 5116 cantandum
3759 5038 3812 5116 in

2218 5125 2420 5194 templo
2448 5120 2659 5177 Domini
2687 5113 3168 5194 distributierant.
3200 5119 3252 5194 i_n
3278 5114 3569 5194 eymlpalis,
3593 5113 3816 5194 eotpsal-

2218 5185 2401 5262 feriis,
2433 5193 2756 5261 etcitbaris,
2785 5193 2836 5246 in
2857 5190 3157 5262 ministeria
3193 5185 3390 5262 donius
3418 5185 3632 5262 meini
3660 5185 3812 5254 juxta

2224 5255 2402 5339 regem
2446 5284 2460 5322 :
2505 5263 2688 5336 Asaph
2717 5255 2998 5329 videlicet,
3019 5272 3073 5316 et
3100 5259 3316 5316 ldithun
3341 5299 3356 5328 ,
3382 5267 3437 5314 et
3458 5255 3650 5311 Eman.

2207 5405 2418 5472 bantur,
2447 5411 2493 5458 et
2522 5399 3135 5477 grana_co_n_tedebantur.
3172 5397 3325 5464 Quod
3349 5391 3634 5477 genusfibi
3657 5391 3812 5477 uulgo

2217 5463 2434 5550 granras
2458 5463 2660 5550 coeant.
2691 5472 2978 5550 _Subjnngit
2999 5463 3214 5540 quoque
3242 5463 3428 5550 statim
3460 5484 3476 5550 Δε
3508 5463 3576 5520 In
3603 5465 3815 5533 quibus-

2211 5541 2330 5602 dam
2349 5548 2611 5602 codicibus
2629 5545 2844 5599 habetur
2855 5559 3009 5616 super
3031 5558 3181 5616 omne
3197 5541 3401 5616 pondus
3422 5547 3469 5593 et
3494 5551 3813 5616 mensuram:

2210 5622 2301 5675 sed
2324 5621 2375 5672 in
2394 5618 2438 5672 Η
2447 5648 2460 5672 ι
2475 5619 2503 5672 b
2533 5634 2610 5673 cro
2635 5621 2684 5670 in
2706 5617 2803 5670 hoc
2827 5608 2939 5670 loco
2963 5613 3161 5684 pondus
3182 5608 3284 5666 tum
3304 5611 3540 5684 habetur,
3555 5608 3646 5662 sed
3664 5625 3815 5684 Δηιειιο

2212 5707 2338 5746 sura
2352 5700 2550 5746 tantum
2563 5690 2765 5760 gemina
2787 5680 3089 5760 nominatim
3111 5686 3298 5754 posita,
3315 5697 3422 5737 etc.
3440 5681 3562 5760 llaec
3586 5680 3808 5750 quidem

2213 5765 2302 5820 ille
2331 5783 2341 5816 :
2374 5777 2470 5818 nos
2489 5752 2615 5817 vero
2645 5759 2804 5814 fidem
2829 5757 3068 5814 omnium
3094 5752 3700 5822 titss.exemplarioruin
3721 5766 3811 5804 se-

2213 5835 2303 5906 qui
2324 5836 2490 5890 satins
2521 5849 2642 5890 esse
2666 5832 2921 5890 duximus
2949 5872 2963 5898 ,
2983 5842 3142 5900 quam
3176 5828 3300 5883 huic
3332 5821 3586 5897 scriptori
3614 5821 3811 5877 adluc-

2214 5923 2357 5964 rcre.
2387 5907 2566 5962 Mur.
