4112 6354
375 304 508 363 1561

1740 308 1969 367 VERBA
2008 307 2298 368 DIERUM.

3530 311 3673 370 1562

376 422 727 503 purissimum
747 420 943 503 dedit:
984 432 1044 478 ut
1071 439 1137 503 ex
1170 424 1287 503 ipso
1319 425 1471 503 ﬁeret
1501 426 1798 503 similitudo
1838 444 1972 503 qua-
1999 428 2052 490 Α
2080 429 2337 503 ravimus,
2387 436 2444 484 ut
2467 427 2832 486 aediﬁcaretur
2860 427 3055 484 domus
3094 427 3302 503 nomini
3327 437 3516 486 sancto
3557 440 3672 503 tuo,

365 495 534 565 driga:
572 494 876 560 cherubim,
919 496 1326 552 cxtendentium
1379 498 1518 565 alas,
1573 512 1629 555 et
1675 499 1973 556 volantium

377 581 560 621 arcam
594 566 813 622 I'mdcris
838 566 1078 624 Domini.

439 639 665 704 ()mnia,
729 637 931 711 inquit.
981 650 1255 696 venerunt
1294 642 1490 711 scripta
1539 657 1700 696 manu
1760 640 1976 697 Domini

363 710 434 834 ait
493 725 585 792 ine
619 749 632 776 ,
701 719 759 765 ut
822 710 1180 782 intelligercm
1236 710 1484 769 universa
1552 729 1717 785 opera
1787 729 1972 768 exem-

367 796 402 834 11
427 797 557 834 (11⁵18.

391 797 557 836 nat-ts.
1046 834 1048 836 ,

367 796 588 908 ιηιῧξιῗῖι
615 867 828 924 quoque
863 834 1048 910 David
1072 855 1352 912 Salomoni
1399 857 1513 911 ﬁlio
1540 874 1640 911 suo
1669 875 1682 910 :
1729 857 1974 912 Virilitcr

366 941 488 994 age,
518 935 574 980 ct
624 931 956 996 conlortare,
1009 936 1066 982 ct
1106 927 1234 986 fac:
1292 943 1360 983 ne
1411 932 1628 997 timeas,
1673 939 1728 984 ct
1784 945 1850 984 ne
1881 948 1968 998 pa-

373 1011 502 1052 veas
532 1015 545 1050 ἓ

443 1068 703 1126 Dominus
729 1067 873 1124 enim
907 1071 1052 1126 Deus
1095 1086 1249 1127 meus
1291 1082 1465 1128 tecum
1506 1071 1632 1134 erit.
1655 1081 1720 1138 (et
1753 1087 1858 1127 non
1882 1071 1970 1126 di-

367 1140 547 1196 mittet
576 1149 656 1216 te,
704 1155 814 1216 nec
850 1140 1214 1216 derelinguct,
1283 1145 1455 1200 donec
1509 1145 1762 1216 perﬁcias
1810 1159 1972 1200 omne

365 1228 502 1282 opus
529 1211 817 1267 ministerii
843 1213 1036 1270 domus
1065 1215 1300 1270 Domini.

442 1283 582 1340 Ecce
611 1283 906 1355 divisiones
929 1286 1268 1341 sacerdotum
1297 1296 1352 1343 et
1373 1287 1705 1355 Levitarum,
1731 1289 1784 1342 in
1810 1303 1971 1343 omne

365 1355 733 1410 ministerium
763 1354 959 1411 domus
991 1357 1203 1412 Domini
1233 1361 1495 1413 assistunt
1537 1361 1658 1428 tibi,
1703 1369 1757 1415 ct
1797 1359 1970 1427 parati

365 1434 514 1509 sunt,
542 1433 598 1482 et
624 1437 896 1499 noverunt
925 1436 1032 1482 tam
1062 1429 1333 1500 principes
1350 1447 1509 1501 quam
1535 1432 1766 1503 populus
1789 1433 1970 1488 facere

365 1507 549 1553 Omnia
578 1507 847 1569 prmcepta
880 1509 988 1554 tua.

439 1567 592 1641 [Capi
625 1567 843 1641 XXIX]
881 1571 1223 1641 Locutusqne
1258 1582 1340 1628 est
1383 1573 1549 1629 David
1591 1590 1684 1630 rex
1746 1573 1811 1629 ad
1859 1590 1970 1628 om-

365 1657 489 1695 nem
511 1643 796 1697 ecclesiam
828 1659 840 1694 :
869 1643 1218 1699 Salomonem
1252 1645 1417 1699 ﬁlium
1452 1658 1631 1702 meum
1669 1663 1830 1702 unum
1855 1647 1968 1701 ele-

364 1715 444 1782 git
473 1713 637 1787 Deus,
669 1711 846 1768 adhuc
891 1730 1143 1787 puerum,
1171 1726 1224 1771 et
1265 1717 1523 1772 tcuellnm
1558 1735 1570 1769 :
1603 1733 1741 1787 opus
1783 1727 1966 1773 autem

2079 500 2147 556 de
2175 515 2334 555 manu
2359 509 2447 556 tua
2472 510 2578 570 est,
2610 510 2664 556 et
2688 509 2775 555 tua
2812 511 2938 556 sunt
2965 500 3167 556 omnia.

2148 571 2293 639 Scio,
2313 571 2458 627 Deus
2486 587 2661 638 mens,
2703 572 2846 644 quod
2883 572 3080 643 probes
3107 572 3295 638 corda,
3323 580 3378 627 et
3411 574 3675 643 Simplici-

2080 651 2243 716 tatetn
2280 644 2495 716 diligas,
2539 645 2683 700 unde
2697 653 2752 699 et
2775 660 2877 715 ego
2899 645 2952 700 in
2983 644 3333 716 simplicitate
3359 645 3538 700 cordis
3563 647 3671 701 mei

2077 713 2232 770 lattns
2265 715 2437 770 obtuli
2460 716 2714 771 universa
2744 713 2861 770 huic
2889 735 2900 771 :
3094 713 3105 716 ⁷
3549 737 3559 748 -

2151 787 2216 841 Et
2247 787 2502 856 populum
2539 796 2710 852 tuum,
2741 788 2832 857 qui
2860 788 2950 843 hic
2989 795 3238 856 repertus
3267 795 3372 856 est,
3407 786 3518 843 vidi
3546 803 3668 843 cum

2076 857 2280 928 ingenti
2307 859 2504 929 gaudio
2533 859 2629 912 tibi
2657 857 2857 914 oﬁ'erre
2883 858 3131 916 donaria.

2148 928 2378 986 Domine
2405 931 2550 986 Deus
2578 928 2870 1002 Abraham,
2903 942 2956 985 et
2982 931 3148 997 Isaac.
3166 941 3221 986 et
3246 931 3432 999 Israel,
3457 939 3668 1002 patrum

2075 1011 2415 1066 nostrorum,
2470 1001 2682 1057 custodi
2734 1004 2788 1056 in
2839 1011 3105 1058 aeternum
3141 1002 3283 1056 hanc
3332 1001 3668 1058 voluntatem

2075 1074 2257 1146 cordis
2284 1089 2506 1143 eorum,
2541 1080 2597 1129 et
2628 1087 2848 1146 semper
2875 1074 2933 1130 in
2961 1073 3372 1131 venerationem
3407 1076 3481 1130 tui
3512 1090 3671 1130 mens

2073 1144 2180 1201 ista
2215 1153 2550 1215 permaneat.

2098 1249 2102 1251 ›
2145 1217 2424 1274 Salomoni
2447 1230 2665 1288 quoque
2691 1215 2810 1272 ﬁlio
2841 1231 2963 1272 meo
2994 1217 3061 1272 da
3089 1231 3185 1274 cor
3214 1216 3515 1288 perlectum
3543 1258 3558 1282 ,
3610 1226 3673 1273 ut

2072 1290 2351 1344 custodiat
2383 1288 2634 1344 mandata
2669 1297 2780 1354 tua,
2815 1289 3127 1344 testimonia
3157 1298 3282 1355 tua,
3328 1299 3383 1344 et
3410 1303 3672 1344 exerente-

2073 1362 2194 1416 nias
2225 1372 2365 1428 tuas,
2391 1370 2446 1416 et
2471 1361 2636 1416 faciat
2657 1360 2912 1416 universa
2939 1378 2952 1414 :
2983 1371 3039 1416 et
3065 1359 3303 1417 aediﬁcet
3329 1359 3504 1417 aedem
3530 1377 3546 1416 :
3576 1375 3672 1415 cu-

2067 1429 2156 1503 jus
2185 1432 2455 1503 impensas
2484 1431 2689 1502 paravi.

2141 1501 2412 1576 Praecepit
2438 1501 2620 1576 autem
2657 1501 2825 1558 David
2854 1502 3124 1559 universa:
3155 1502 3419 1558 Ecclesiae
3444 1519 3457 1558 :
3489 1504 3669 1560 Bene-

2070 1573 2235 1631 dicite
2266 1573 2494 1631 Domino
2523 1574 2637 1632 Deo
2668 1583 2877 1630 nostro.

2100 1669 2110 1678 ’
2143 1648 2210 1702 Ει
2249 1647 2525 1704 benedixit
2554 1646 2730 1701 omnis
2758 1646 3002 1701 Ecclesia
3051 1645 3280 1701 Domino
3310 1644 3420 1700 Deo
3449 1653 3664 1715 patrum

2068 1731 2290 1774 suorum
2326 1736 2340 1774 :
2372 1727 2429 1774 et
2458 1718 2860 1774 inclinaverunt
2881 1732 2967 1786 se,
2993 1726 3046 1773 ct
3072 1719 3437 1774 adoraverunt
3462 1717 3663 1786 Deum,

363 1783 586 1884 grande.
599 1793 913 1884 easquaeque
938 1786 1082 1842 enim
1113 1787 1321 1843 homini
1374 1783 1713 1860 praeparatur
1766 1789 1969 1846 habita-
1997 1823 2048 1884 Β
2073 1801 2125 1846 et
2144 1790 2354 1884 'deindle
2383 1806 2588 1884 regem.

366 1856 463 1915 tiu,
494 1856 589 1911 sed
621 1856 758 1911 Deo.

436 1929 552 1998 Ego
579 1940 762 2002 autem
796 1929 923 2002 totis
954 1929 1163 2002 viribus
1203 1931 1340 1986 meis
1364 1931 1668 2002 prmparavi
1693 1929 1966 2000 impensas

361 1998 557 2055 domus
611 1998 705 2054 Dei
757 2001 886 2056 mei.
942 2001 1147 2056 Aurum
1207 2002 1272 2056 ad
1328 1998 1494 2056 vasa'
1529 2018 1720 2065 aurea,
1773 1998 1837 2057 et
1879 2017 1966 2057 ar-

361 2085 582 2138 gentum
649 2071 703 2125 in
766 2085 1062 2142 argentea,
1137 2087 1210 2128 aes
1259 2073 1311 2127 in
1385 2088 1582 2139 aenea,
1648 2074 1850 2128 ferrum
1912 2075 1963 2128 in

363 2143 560 2217 ferrea,
603 2141 762 2217 ligna
817 2141 883 2198 ad
940 2145 1162 2217 lignea;
1240 2143 1442 2216 lapides
1491 2145 1794 2217 onycltinos
1825 2187 1839 2211 ,
1911 2155 1968 2203 et

361 2216 515 2284 quasi
548 2214 800 2279 stibinos,
830 2223 886 2271 et
921 2215 1260 2270 diversorum
1295 2214 1582 2284 colorum,
1604 2231 1822 2271 omnem
1853 2233 1966 2285 pre-

364 2288 558 2368 tiosum
614 2285 891 2357 lapidem,
949 2300 1003 2343 et
1049 2303 1289 2343 marmor
1332 2287 1548 2343 Parium
1613 2287 1965 2344 abundantis-

363 2375 502 2414 SImB
534 2374 548 2412 :

435 2429 504 2484 Et
531 2443 694 2500 super
721 2427 861 2498 haec,
894 2445 1015 2500 quae
1043 2429 1217 2485 obtuli
1257 2428 1310 2484 in
1343 2429 1564 2485 domum
1609 2429 1702 2485 Dei
1745 2431 1851 2486 mei
1892 2432 1963 2487 de

363 2501 576 2566 peculio
603 2515 728 2572 meo,
755 2517 948 2557 aurum
975 2512 1031 2557 et
1050 2511 1356 2572 argentum.
1385 2502 1458 2557 do
1487 2501 1540 2556 in
1565 2501 1826 2572 templum
1855 2501 1953 2557 Dei

362 2572 492 2636 mei,
524 2571 766 2642 exceptis
795 2571 904 2640 bis,
928 2589 1048 2644 qua:
1077 2571 1379 2643 pracparavi
1405 2573 1458 2628 in
1484 2573 1654 2644 aedem
1680 2571 1954 2629 Sanctam.

433 2644 559 2698 Tria
589 2644 756 2699 millia
790 2643 993 2701 talenta
1011 2645 1127 2699 auri
1155 2644 1224 2700 de
1249 2659 1382 2698 auro
1411 2643 1582 2714 Ophir
1615 2662 1626 2698 :
1656 2653 1711 2699 et
1748 2654 1958 2713 septem

364 2716 530 2770 millia
561 2717 884 2771 talentorum
911 2716 1119 2788 argenti
1167 2715 1558 2786 probatissimi,
1593 2715 1659 2771 ad
1690 2716 1960 2772 deauran-

364 2787 464 2841 dos
495 2789 728 2858 parietes
757 2787 966 2859 templi.

437 2860 503 2913 Et
555 2858 882 2930 ubicumque
922 2874 1062 2928 opus
1113 2867 1197 2916 est
1240 2873 1439 2930 aurum
1472 2858 1538 2914 de
1573 2874 1726 2927 auro,
1762 2869 1815 2914 et
1840 2860 1962 2915 ubi-

361 2946 595 3001 cumque
617 2945 754 3003 opus
777 2929 862 3004 est
890 2942 1175 3002 argentum
1219 2929 1289 2987 de
1327 2941 1574 3004 argento,
1621 2947 1786 3004 opera
1829 2931 1964 2988 ﬁant

365 3018 461 3072 pvr
493 3001 684 3058 manus
721 3001 985 3058 artiﬁcum
1013 3022 1026 3058 :

396 3077 406 3089 ‘
439 3073 502 3126 Et
526 3073 570 3128 si
601 3075 725 3143 quis
762 3085 955 3144 sponte
977 3074 1154 3143 oﬁ‘ert,
1186 3075 1409 3146 impleat
1437 3090 1654 3130 manum
1686 3090 1838 3131 suam
1864 3075 1961 3132 ho-

361 3143 471 3208 tl'c,
501 3153 557 3198 et
579 3146 769 3202 ollerat
793 3143 935 3215 quod
960 3148 1190 3202 voluerit
1223 3143 1471 3202 Domino.

2143 1858 2674 1931 Immolaveruntque
2696 1861 2950 1916 victimas
2967 1859 3197 1915 Domino
3224 1877 3237 1915 ε
3263 1869 3318 1915 ct
3349 1858 3667 1915 obtulerunt

2071 1931 2388 1987 holocausta
2417 1934 2507 1986 die
2539 1932 2808 2000 sequenti,
2838 1939 3024 1985 tauros
3054 1931 3227 1994 mille,
3255 1932 3460 1986 arietes
3490 1931 3662 1998 mille,

2069 2018 2243 2074 agnos
2276 2005 2426 2058 mille
2448 2018 2572 2074 cum
2603 2002 2953 2074 Iibaminibus
2981 2001 3129 2074 suis,
3175 2011 3230 2057 et
3258 2001 3514 2058 universo
3555 2003 3664 2058 ritu

2070 2073 2538 2130 abundantissime
2563 2073 2619 2128 in
2650 2089 2865 2128 omnem
2905 2073 3073 2127 Israel
3102 2088 3116 2126 :

2144 2147 2211 2200 Et
2237 2144 2615 2213 comederunt,
2646 2155 2702 2200 et
2729 2145 2985 2200 biberunt
3015 2157 3198 2198 coram
3229 2144 3462 2199 Domino
3491 2146 3544 2200 in
3574 2145 3666 2203 die

2067 2216 2164 2272 illo
2191 2234 2312 2274 cum
2341 2216 2533 2288 grandi
2563 2215 2771 2288 laetitia.

2140 2290 2206 2343 Et
2233 2285 2505 2344 unxerunt
2547 2285 2785 2343 secundo
2813 2287 3161 2342 Salomonem
3194 2285 3366 2340 ﬁlium
3394 2285 3585 2344 David.

2140 2359 2427 2416 Unxerunt
2458 2369 2641 2415 autem
2686 2360 2918 2414 Domino
2947 2359 3002 2413 in
3029 2358 3331 2429 principem
3353 2400 3368 2426 ,
3399 2369 3454 2414 et
3483 2361 3661 2417 Sadoc

2069 2430 2120 2485 in
2151 2432 2481 2501 pontiﬁcem.

2141 2499 2399 2574 Seditque
2422 2501 2678 2558 Salomon
2724 2514 2888 2571 super
2913 2500 3107 2574 solium
3137 2499 3354 2574 Domini
3383 2501 3436 2556 in
3469 2517 3655 2574 regem

2067 2587 2169 2656 pro
2199 2572 2368 2656 David
2383 2581 2551 2656 patre
2579 2586 2710 2639 suo,
2765 2581 2821 2628 et
2864 2573 3074 2628 cunctis
3105 2572 3308 2642 placuit
3344 2588 3360 2626 :
3393 2583 3449 2628 et
3476 2572 3659 2645 paruit

2067 2589 2169 2656 pro
2200 2589 2368 2629 uavto
2383 2589 2551 2700 fratre

2065 2644 2143 2701 illi
2175 2646 2354 2702 omnis
2408 2645 2570 2714 srael.

2139 2718 2246 2774 Sed
2277 2725 2332 2773 et
2362 2717 2600 2772 universi
2638 2714 2937 2787 principes,
2969 2724 3025 2772 et
3052 2723 3333 2787 potentes,
3375 2723 3431 2770 et
3480 2717 3662 2787 cuncti

2067 2789 2164 2844 ﬁlii
2205 2790 2349 2859 regis
2379 2788 2545 2844 David
2573 2786 2843 2844 dederunt
2882 2786 3100 2844 manum
3123 2828 3140 2855 ,
3176 2797 3233 2842 et
3279 2786 3512 2856 subjecti
3543 2789 3660 2844 fue-

2065 2870 2192 2916 runt
2217 2859 2496 2917 Salomoni
2526 2860 2665 2932 regi.
2762 2931 2777 2932 g
2904 2931 2909 2932 ί
3080 2927 3109 2932 _
3151 2915 3183 2932 _,

2135 2931 2505 3004 Magnilicavit.
2566 2927 3022 3004 ergoiDomiuus
3056 2927 3423 3004 Salomonem
3492 2945 3658 2999 super

2065 3000 2283 3061 omnem
2317 3003 2522 3059 Israel:
2551 3014 2604 3059 et
2633 3000 2786 3060 dedit
2822 3001 2901 3058 illi
2928 3003 3165 3074 gloriam
3193 3000 3349 3072 regni
3370 3044 3387 3069 ,
3438 3005 3654 3074 qualem

2065 3076 2244 3131 nullas
2271 3075 2458 3131 habuit
2487 3083 2614 3128 ante
2647 3090 2771 3130 eum
2800 3089 2898 3131 rex
2932 3073 3120 3130 Israel.

2137 3146 2304 3218 Igitur
2335 3146 2506 3218 David
2547 3145 2691 3202 ﬁlius
2729 3146 2831 3201 Isai
2863 3146 3112 3218 regnavit
3142 3158 3308 3218 super
3336 3143 3652 3218 universum

438 3217 666 3271 Polliciti
695 3229 822 3271 sunt
861 3218 1041 3284 itaque
1083 3219 1351 3288 principes
1379 3219 1730 3283 familiarum,
1755 3227 1811 3273 et
1838 3233 1961 3288 pro—
1987 3217 2032 3279 C
2066 3215 2249 3274 Israel.
2281 3219 2347 3274 Et
2371 3217 2512 3284 dies,
2535 3218 2730 3288 quibus
2757 3215 3006 3288 regnavit
3031 3230 3198 3286 super
3216 3215 3405 3282 Israel,
3436 3216 3656 3270 fuerunt

362 3289 771 3370 ceres-tribuum
801 3288 986 3370 Israel,
1023 3292 1222 3345 tribuni
1255 3307 1493 3370 quoque,
1514 3299 1568 3345 et
1585 3291 1957 3356 centuriOnes,

363 3371 419 3412 rt
441 3362 724 3431 principes
746 3364 1152 3430 posseSsionutn
1184 3362 1348 3431 regis.

438 3429 813 3504 Dederunthe
836 3433 886 3486 in
907 3429 1289 3504 oper-ademtis
1313 3432 1408 3487 Dei
1438 3433 1554 3488 auri
1583 3434 1782 3488 talenta
1805 3435 1962 3504 quin-

363 3517 469 3568 que
499 3502 687 3566 millia,
733 3513 789 3559 et
827 3503 1031 3558 solidos
1064 3503 1253 3559 decem
1289 3506 1456 3560 millia
1484 3524 1496 3557 :
1528 3505 1736 3574 argenti
1761 3502 1959 3559 talenta

364 3576 550 3628 decem
582 3575 771 3639 millia,
804 3583 860 3630 et
889 3575 1014 3630 :cris
1044 3575 1240 3629 talenta
1279 3575 1469 3631 decem
1499 3587 1552 3632 et
1592 3588 1718 3631 octo
1742 3576 1910 3631 millia
1943 3594 1958 3641 ;

366 3643 495 3697 ferri
525 3660 740 3713 quoque
764 3656 982 3701 centum
1016 3647 1183 3702 tnillia
1211 3647 1562 3703 talentorum.

439 3716 502 3769 Et
526 3716 666 3787 apud
695 3732 1090 3787 quemcumque
1120 3719 1321 3773 inventi
1361 3727 1488 3773 sunt
1531 3717 1760 3787 lapides,
1796 3719 1934 3774 dede

366 3796 489 3841 rrut
523 3786 585 3860 in,
610 3788 925 3844 thesaurum
955 3786 1147 3845 demus
1179 3789 1416 3856 Domini,
1458 3805 1551 3860 per
1581 3786 1797 3845 manum
1825 3791 1963 3846 Jeiel

365 3859 686 3916 Gcrsonitis.

439 3930 783 4007 Luctatusque
811 3933 1321 4007 estpOpuluchurn
1363 3943 1484 3990 vota
1507 3946 1702 4004 sponte
1727 3940 1960 4007 proruit-

367 4010 538 4057 ιρις-ιιι
578 4021 589 4055 :
620 4005 745 4074 quia
776 4004 944 4059 corde
973 4014 1084 4060 toto
1115 4002 1414 4058 oﬁ‘erebant
1444 4023 1505 4059 ea
1541 4002 1790 4064 Domini.

440 4074 546 4148 Sed
571 4084 625 4148 et
655 4075 820 4148 David
852 4090 943 4130 rex
977 4076 1189 4148 laetatus
1217 4085 1300 4130 cst
1329 4081 1522 4144 gaudio
1547 4096 1763 4148 magno,
1796 4091 1849 4136 et
1880 4084 1964 4138 bc-

369 4146 572 4200 nedixit
602 4146 834 4201 Domino
862 4161 1045 4202 coram
1073 4147 1322 4202 universa
1353 4150 1714 4215 multitudine,
1751 4146 1810 4207 iet
1847 4155 1920 4207 ait
1949 4174 1960 4209 :

444 4217 763 4298 Benedictus
791 4233 872 4283 es,
903 4219 1132 4275 Domine
1151 4218 1292 4274 Deus
1317 4218 1479 4276 Israel
1504 4225 1671 4292 patris
1699 4226 1873 4280 nostri
1895 4225 1966 4283 ab

368 4299 571 4343 n-trrno
596 4305 644 4342 tn
671 4299 956 4346 mtcrnnm.

441 4360 554 4438 't'na
585 4370 692 4426 est,
726 4362 972 4438 Domine,
1022 4363 1443 4438 magniﬁcentia,
1492 4373 1548 4420 ct
1593 4369 1858 4438 potentia,
1911 4379 1966 4426 et

316 4469 320 4472 .
369 4432 566 4500 gloria,
593 4439 752 4500 atque
776 4434 991 4486 victoria
1022 4452 1034 4485 :
1069 4432 1130 4487 et
1152 4437 1247 4491 tibi
1283 4437 1400 4492 laus
1430 4453 1444 4490 :

442 4500 648 4555 Cuncta
674 4501 818 4576 enim
848 4519 968 4572 qua:
996 4506 1050 4558 in
1091 4507 1232 4561 casto
1260 4519 1410 4572 sunt,
1451 4515 1508 4560 et
1553 4509 1606 4563 in
1655 4519 1824 4576 terra,
1878 4521 1964 4567 tua

2063 3291 2418 3361 quadraginta
2444 3287 2568 3344 anni
2602 3305 2617 3345 :

2132 3362 2188 3416 In
2217 3355 2435 3416 llébron
2464 3363 2710 3428 regnavit
2737 3368 2951 3433 septem
2975 3357 3161 3425 annis,
3184 3365 3239 3413 et
3265 3358 3318 3412 in
3346 3355 3651 3414 Jerusalem

2062 3436 2218 3488 annis
2243 3433 2461 3504 triginta
2497 3433 2687 3493 tribus.

2136 3505 2205 3560 Et
2237 3501 2482 3559 mortuus
2509 3515 2591 3558 est
2615 3505 2669 3559 in
2696 3511 2976 3558 senectute
2997 3502 3160 3569 bona,
3185 3501 3378 3570 plenus
3403 3501 3646 3564 dierum,

2061 3585 2119 3632 et
2147 3576 2370 3643 divitiis,
2400 3585 2454 3630 et
2473 3575 2666 3646 gloria.
2696 3574 3072 3646 Regnavitque
3089 3571 3349 3628 Salomon
3368 3573 3512 3627 tilias
3531 3572 3652 3642 ejus

2102 3664 2162 3702 t‘o
2190 3662 2278 3703 eo.

2131 3665 2162 3698 0
2264 3689 2278 3701 .

2063 3663 2295 3774 prGfsia
2325 3727 2504 3775 autem
2535 3717 2702 3774 David
2754 3715 2897 3787 regis
2946 3716 3278 3787 priora,et
3329 3715 3649 3787 novissima,

2062 3793 2266 3860 scripta
2299 3800 2425 3846 sunt
2468 3790 2524 3844 in
2567 3790 2707 3845 libro
2738 3785 2959 3846 Samuel
2987 3786 3273 3860 VidentisA,
3316 3785 3479 3860 et___in
3511 3787 3652 3860 libro

2063 3856 2272 3917 Natuan
2308 3862 2607 3931 prophetae,
2639 3870 2805 3931 atque
2833 3861 2885 3915 in
2914 3859 3190 3931 volumine
3217 3856 3332 3913 Gad
3360 3856 3607 3912 Videntis
3635 3875 3647 3910 :

2064 3927 2752 4003 universique-regniejus,
2774 3941 2829 3988 et
2860 3927 3214 4003 fortitudinis,
3239 3939 3294 4003 et
3322 3939 3649 4003 temporum,

2063 4000 2755 4076 quantt-ausierun'tsub'eo,
2788 4005 2907 4060 sive
2927 4003 2981 4057 in
3012 4001 3196 4068 Israel,
3229 4001 3344 4056 sive
3374 4000 3653 4055 incunctis

2064 4077 2246 4144 regnis
2274 4087 2563 4132 terrarum.
3167 4109 3170 4111 λ

2138 4142 2276 4219 [λιιὺ.
2308 4147 2371 4202 ΙΙ.
2402 4178 2473 4187 —-
2502 4151 2634 4217 Cap.
2663 4146 2730 4217 1.]
2762 4144 3114 4219 C‘onl'ortatas
3135 4152 3219 4219 est
3244 4156 3376 4219 ergo
3391 4142 3647 4219 Salomon

2066 4212 2211 4274 ﬁlius
2245 4219 2412 4274 David
2461 4220 2516 4275 in
2567 4212 2734 4288 regno
2765 4233 2883 4280 suo,
2917 4227 2943 4254 ιι
2972 4226 3026 4271 et
3056 4216 3316 4288 Dominus
3344 4215 3488 4288 Deus
3532 4212 3652 4283 ejus

2065 4302 2184 4348 erat
2212 4307 2336 4346 cum
2367 4306 2455 4356 eo,
2489 4300 2544 4345 et
2572 4284 2944 4359 tnaguilicavit
2970 4303 3092 4342 eum
3125 4287 3176 4359 in
3207 4284 3503 4359 excelsum.

2139 4363 2512 4432 l’rwcepitque
2555 4356 2811 4432 Salomon
2853 4359 3104 4432 universo
3136 4356 3342 4432 Israeli,
3391 4356 3649 4432 tribunis,

2068 4444 2122 4490 et
2153 4427 2596 4496 centurionibus,
2649 4440 2705 4485 et
2749 4430 3010 4493 ducibus,
3060 4435 3118 4483 et
3153 4427 3431 4496 judicibus
3475 4428 3653 4481 omnis

2068 4507 2253 4572 Israel,
2281 4516 2336 4559 et
2364 4501 2696 4573 principibus
2727 4501 3070 4573 fatniliarutn.

371 4581 498 4654 suat
529 4589 544 4654 ξ
571 4581 746 4637 tuum,
774 4565 1024 4644 Domine,
1055 4590 1307 4645 regnum,
1338 4565 1473 4634 et'tu
1499 4593 1561 4633 es
1587 4595 1754 4649 super
1775 4565 1966 4638 omne;
1992 4612 2048 4672 Β
2145 4576 2210 4629 Et
2242 4565 2380 4630 'abiii
2424 4565 2554 4630 curn
2592 4575 2844 4627 universa
2886 4565 3242 4651 multitudine
3278 4569 3331 4624 in
3373 4570 3652 4653 excelsum

376 4659 670 4702 Dl'llICtDCS.
1369 4683 1379 4689 ς
2072 4647 2317 4702 Gabaon.
2343 4647 2432 4701 ubi
2461 4651 2577 4699 erat
2624 4644 3025 4699 tabernaculum
3061 4642 3278 4698 laedens
3326 4642 3455 4702 Der.
3511 4643 3652 4702 quod

395 4659 670 4698 Il'llIClDCS.
1369 4683 1379 4689 ς

395 4662 434 4696 ιι·
468 4663 492 4694 ll
597 4659 670 4698 "S.
1369 4683 1379 4689 η

375 4659 826 4798 Ιᾴξΐιῗὲᾷιίνὶιίω,
850 4725 906 4800 ct
937 4725 1035 4799 tua.
1056 4723 1140 4800 est
1162 4718 1331 4787 gloria
1353 4737 1379 4800 7:
1416 4726 1479 4800 tu.
1513 4719 1814 4800 dominaris
1853 4739 1970 4779 om-

373 4791 544 4851 nium,
591 4791 644 4842 in
675 4803 838 4842 tnanu
872 4797 960 4843 tua
988 4791 1158 4844 virtus
1187 4800 1242 4844 et
1271 4791 1514 4857 potentia
1548 4809 1561 4846 :
1608 4791 1662 4847 in
1687 4809 1849 4850 manu
1879 4805 1969 4852 tua

373 4858 688 4926 tuaguitudo
719 4869 781 4914 et
801 4860 1085 4929 imperium
1120 4859 1385 4916 omnium.

445 4929 600 4986 Nunc
626 4931 812 5001 igitur,
841 4932 990 4988 Deus
1022 4943 1225 5007 noster,
1255 4933 1582 4991 conﬁtemur
1614 4936 1733 5007 tibi,
1765 4948 1822 4994 et
1851 4937 1967 4994 lau-
1998 4979 2000 4981 ›

374 5001 566 5075 damus
596 5017 794 5058 nomen
823 5012 970 5058 tuunt
1007 5003 1288 5075 inclytum.

446 5073 723 5150 Quiscgo,
766 5082 822 5130 et
850 5073 1238 5150 quispopulus
1261 5092 1435 5145 meus,
1465 5085 1524 5134 ut
1551 5080 1824 5150 possimus
1851 5081 1968 5138 lucc

376 5145 472 5201 tibi
509 5146 759 5201 universa
793 5146 1146 5216 promittere?

445 5217 560 5296 'l_‘_ua
585 5219 954 5296 suntomnia:
986 5228 1039 5276 et
1064 5233 1185 5289 qua:
1211 5217 1280 5275 de
1322 5234 1481 5276 manu
1515 5231 1605 5279 tua
1641 5224 1969 5296 accepimus,

375 5288 623 5345 dedimus
649 5289 767 5344 tibi.

446 5359 729 5444 Peregrini
760 5359 1123 5444 enimgsumus
1151 5376 1337 5420 coram
1369 5371 1439 5434 te,
1473 5374 1529 5422 et
1553 5366 1800 5439 advenae,
1831 5370 1971 5426 sicut

373 5447 566 5487 omnes
592 5443 776 5502 patres
808 5442 1002 5489 nostri.

448 5505 573 5560 Dies
597 5503 769 5559 nostri
793 5505 945 5575 quasi
967 5505 1157 5563 umbra
1184 5521 1352 5579 super
1380 5515 1610 5579 terram;
1633 5519 1688 5566 et
1717 5511 1864 5567 nulla
1894 5524 1978 5570 est

374 5590 547 5630 mora.

449 5646 676 5705 Domine
717 5646 862 5705 Deus
889 5656 1099 5728 noster,
1127 5654 1304 5707 omnis
1336 5651 1454 5709 haec
1493 5652 1671 5724 copia,
1695 5670 1858 5726 quam
1885 5672 1978 5728 pa-

2121 4648 2317 4711 abaon,
2343 4647 2432 4701 ubi
2461 4651 2577 4699 erat
2624 4644 3025 4699 tabernaculum
3061 4642 3278 4698 l'tederis
3326 4642 3455 4712 Dei,
3511 4643 3653 4712 quod

2069 4718 2198 4774 fecit
2225 4719 2400 4774 Moses
2422 4716 2653 4771 famulus
2684 4713 2779 4770 Dei
2810 4715 2863 4768 in
2892 4714 3206 4769 solitudine.

2143 4790 2339 4845 Arcam
2367 4799 2546 4844 autem
2575 4787 2672 4847 Dei
2702 4786 3004 4840 adduxerat
3030 4786 3197 4840 David
3223 4784 3292 4839 de
3322 4785 3542 4840 Cariath
3565 4784 3655 4840 .Ia-

2071 4861 2199 4928 rim,
2229 4861 2290 4918 in
2321 4862 2498 4916 locum
2523 4874 2683 4930 quem
2709 4866 2994 4930 paraverat
3040 4858 3114 4930 ei,
3146 4865 3200 4912 et
3226 4857 3318 4911 ubi
3347 4859 3542 4912 ﬁxerat
3577 4856 3655 4911 illi

2073 4934 2504 4999 tabernaculum,
2534 4928 2637 4986 hoc
2665 4939 2748 4985 est
2768 4969 2781 4994 ,
2810 4929 2866 4984 in
2897 4928 3224 4984 Jerusalem.

2056 5046 2062 5055 .
2141 5006 2327 5060 Altarc
2354 4998 2569 5074 quoque
2593 5016 2825 5067 mneum,
2844 4999 3000 5074 quod
3027 4999 3318 5054 fabricatus
3356 5000 3532 5074 I‘ucrat
3561 4998 3660 5074 Be-

2077 5078 2243 5133 seleel
2274 5071 2418 5130 ﬁlius
2463 5071 2557 5131 Uri
2585 5074 2683 5128 lilii
2712 5074 2808 5138 Ur,
2841 5071 2912 5124 ibi
2947 5084 3061 5125 erat
3091 5085 3274 5125 coram
3309 5071 3660 5126 tabernaculo

2077 5149 2328 5229 Domini:
2383 5146 2530 5218 quod
2581 5155 2636 5201 et
2688 5142 2970 5214 requisitit
3025 5142 3326 5211 Salomon,
3378 5152 3434 5198 et
3482 5145 3662 5197 omnis

2077 5221 2514 5363 ecggzbiiditque
2558 5291 2818 5363 Salomon
2870 5287 2939 5363 ad
2995 5288 3166 5363 altare
3195 5302 3428 5363 mancum,
3479 5300 3664 5363 coram

2075 5356 2440 5446 tabernaculo
2460 5363 2683 5420 foederis
2729 5359 2970 5427 Dotnini,
3014 5369 3068 5416 ct
3100 5359 3298 5416 obtulit
3323 5361 3379 5412 in
3423 5371 3491 5414 eo
3520 5356 3668 5413 mille

2073 5438 2302 5564 hosﬁiilcse
2328 5517 2510 5564 autem
2538 5507 2588 5562 in
2621 5509 2734 5577 ipsa
2753 5517 2914 5562 nocte
2940 5505 3187 5576 apparuit
3210 5503 3262 5559 ei
3279 5502 3419 5557 Deus
3445 5499 3664 5556 dicens:

2083 5579 2301 5636 Postula
2327 5580 2470 5650 quod
2497 5579 2602 5647 vis,
2627 5591 2683 5634 nt
2711 5580 2835 5634 dem
2868 5577 2984 5650 tibi.
3038 5649 3043 5650 γ
3116 5649 3121 5650 γ
3384 5614 3424 5650 ἓν

2159 5647 2408 5723 Dixitque
2433 5651 2691 5708 Salomon
2724 5651 2836 5706 Deo
2870 5667 2883 5704 :
2913 5649 2993 5705 Tu
3024 5649 3202 5706 fecisti
3229 5663 3351 5704 cum
3383 5647 3552 5705 David
3576 5662 3669 5719 pa-

444 5796 478 5871 ξι
508 5787 562 5840 In
593 5803 727 5871 mss.
760 5789 1040 5850 codicibus
1079 5789 1280 5850 omissa
1311 5799 1439 5848 sunt
1483 5791 1599 5851 duo
1622 5792 1740 5852 haec
1780 5795 1948 5852 verba
1976 5794 2289 5871 Deusfejus,
2324 5811 2442 5868 qua:
2485 5804 2664 5852 tamen
2696 5794 2946 5866 leguntur
2989 5791 3041 5847 in
3074 5790 3423 5847 Hebraeorum
3455 5787 3683 5847 volumi—

385 5856 562 5915 nibus.
593 5860 766 5918 MART.
