4112 6354
447 306 588 367 1503

1436 299 1493 358 S.
1538 296 1921 356 lllERONYIIl
1956 294 2189 355 DIVINA
2232 293 2716 355 BIBLIOTHECA.

3614 286 3777 353 15“

443 431 526 480 tre
551 435 677 480 meo
707 418 1143 479 misericordiam
1182 429 1438 489 magnam
1470 422 1565 471 :et
1591 412 1929 471 constituisti
1960 427 2049 471 me
2073 415 2127 476 Α
2193 413 2428 489 Domus
2456 413 2637 489 enim,
2681 425 2846 484 quam
2892 410 3058 483 cupio
3095 409 3616 485 :cdiilcare,magna
3672 418 3775 469 est

443 508 1140 632 τεξιπιαβίἷέῖιιῗεξῡοπιίηθ
1169 561 1337 629 Deus,
1375 558 1671 631 impleatur
1710 564 1890 614 sermo
1922 566 2046 613 tuus

453 653 622 709 quem
646 637 925 708 pollicitus
950 635 1213 709 esDavid
1242 633 1381 702 patri
1411 648 1533 687 meo
1559 647 1575 688 :

517 710 601 765 Tu
630 700 774 764 énim
808 724 894 764 me
943 706 1114 762 fecisti
1172 700 1353 774 regem
1385 717 1549 774 super
1600 700 1857 772 populum
1892 711 2045 774 tuum

446 782 700 850 multum,
742 780 833 852 qui
875 788 987 835 tam
1029 772 1599 842 innumerabilis‘est,
1654 788 1817 844 quam
1867 772 2046 843 pulvis

447 861 750 980 ιωῦῗιιιίιιί
776 921 1099 991 sapientiam
1128 927 1184 976 et
1215 917 1655 989 intelligentiam,
1710 925 1768 973 ut
1793 886 2045 988 egrediar

448 1008 635 1050 coram
666 993 869 1066 popqu
900 1002 1020 1060 tuo,
1046 1002 1102 1066 et
1124 991 1400 1066 ingrediar
1431 1006 1447 1044 :

519 1056 826 1135 Quis'en'im
857 1056 1038 1133 potest
1058 1056 1211 1120 hunc
1233 1062 1489 1133 populum
1534 1069 1686 1118 tuum
1716 1059 1916 1132 digne,
1950 1056 2045 1131 qui
2075 1117 2078 1122 _

447 1146 556 1192 tam
582 1137 806 1209 grandis
836 1144 945 1201 est,
977 1137 1225 1209 iudicare
1245 1135 1267 1188 ?

516 1202 666 1265 Diiit
694 1221 877 1265 autem
908 1202 1051 1271 Deus
1096 1208 1163 1263 ad
1194 1205 1542 1263 Salomonem
1570 1221 1582 1253 τ
1616 1203 1753 1271 Quia
1781 1202 1887 1259 hoc
1927 1216 2045 1258 ma-

446 1279 530 1348 gis
555 1280 757 1350 placuit
783 1274 936 1336 cordi
966 1289 1082 1346 tuo,
1111 1288 1167 1335 et
1209 1293 1317 1333 non
1369 1277 1650 1350 postulasti
1698 1274 1954 1350 divitias,
1988 1284 2046 1331 et

446 1346 828 1415 subStantiam,
856 1363 910 1406 et
933 1352 1189 1423 gloriam,
1218 1365 1393 1423 neque
1412 1349 1623 1423 animas
1646 1362 1835 1423 eor_tm_t
1865 1346 1957 1417 qui
1989 1354 2044 1403 te

451 1423 703 1488 oderant,
732 1423 829 1478 sed
862 1417 962 1478 nec
990 1422 1109 1478 dies
1143 1422 1272 1476 vita:
1303 1417 1566 1487 plurimos
1600 1436 1613 1473 :
1646 1417 1829 1489 petisti
1858 1427 2042 1474 autem

449 1495 774 1563 sapientiam
799 1504 855 1550 et
883 1494 1167 1549 scientiam
1194 1534 1209 1560 ,
1229 1501 1295 1573 ut
1313 1490 1560 1573 judicare
1583 1491 1763 1561 possis
1764 1491 2040 1573 "populum

446 1562 651 1637 mcum,
683 1581 846 1637 super
876 1580 1036 1637 quem
1083 1564 1424 1637 constituite
1468 1576 1654 1634 regem
1693 1580 1708 1618 ι
1763 1562 2045 1634 Sapientia

448 1646 505 1694 et
533 1635 765 1701 scientia
793 1635 919 1692 data
950 1642 1081 1692 sunt
1111 1636 1204 1692 tibi
1234 1652 1247 1689 :

472 1708 749 1835 .bDivitias
776 1716 982 1776 autem,
1015 1716 1071 1765 et
1094 1706 1475 1775 substantiam,
1530 1714 1585 1762 et
1620 1704 1852 1778 gloriam
1897 1703 2041 1762 dabo

474 1796 486 1834 I
532 1795 578 1835 ιε
684 1800 689 1803 -

450 1779 578 1834 tibi:
684 1800 689 1803 -

520 1822 595 1906 itii
622 1857 683 1923 ut
726 1850 908 1907 nullus
934 1850 989 1908 in
1037 1849 1280 1923 regibus,
1315 1863 1416 1907 nec
1441 1858 1569 1906 ante
1600 1858 1672 1916 te,
1706 1862 1806 1905 nec
1835 1854 1959 1920 post
1987 1858 2042 1905 te

446 1921 617 1978 fuerit
644 1922 840 1978 similis
868 1923 969 1978 ttti.

520 1993 676 2050 Venit
698 2009 833 2063 ergo
857 1993 1115 2051 Salomon
1140 1993 1210 2049 ab
1240 1990 1713 2049 Excelso'Gabaon
1746 1992 1799 2045 in
1816 1989 2042 2047 Jerusa-

449 2063 553 2118 lem
584 2080 771 2120 coram
803 2065 1152 2122 tabernaculo
1181 2064 1436 2131 hederis,
1490 2071 1547 2120 et
1576 2063 1827 2135 regnavit
1869 2074 2042 2133 super

340 2138 353 2151 '
447 2135 641 2193 Israel.

521 2207 992 2280 Cougregavitque
1040 2207 1143 2263 sibi
1190 2222 1384 2262 currus
1415 2214 1473 2262 et
1519 2204 2040 2280 equitespet‘facti

447 2288 576 2333 sunt
624 2276 673 2336 ei
724 2276 1314 2349 mille'quadringenti
1373 2276 1584 2343 currus,
1642 2287 1695 2349 et
1750 2276 2039 2349 duodecim

447 2350 617 2406 millia
643 2353 923 2422 equitum;
952 2348 1008 2406 et
1037 2352 1163 2405 fecit
1182 2367 1277 2422 eos
1304 2365 1426 2422 esse
1459 2349 1514 2404 itt
1556 2348 1787 2405 urbibus
1812 2348 2039 2420 quadri«

447 2436 657 2491 garum,
690 2421 744 2478 et
773 2438 896 2477 cum
927 2437 1055 2493 rege
1085 2422 1137 2476 in
1173 2421 1499 2477 Jerusalem.
1660 2492 1663 2493 ν
1745 2490 1764 2493 _
1808 2450 1811 2455 ν

517 2492 868 2564 Pi-tebuitque
893 2490 1303 2564 rei'atgentum
1330 2502 1386 2564 et
1416 2508 1622 2551 laurum
1656 2492 1708 2546 iu
1735 2490 2040 2547 Jerusalem

446 2564 603 2631 quasi
632 2562 860 2633 lapides,
890 2574 946 2620 et
965 2562 1161 2633 cedrus
1187 2562 1343 2636 quasi
1367 2577 1713 2635 sycomoros,
1754 2578 1878 2634 qua:
1917 2576 2041 2618 nas-

447 2646 648 2691 cuntur
668 2636 721 2691 iu
749 2637 1147 2706 campestribus
1177 2636 1523 2691 multitudine
1564 2649 1779 2704 magna.

519 2705 944 2763 Adducebantur
967 2715 1151 2763 autem
1178 2710 1227 2763 ei
1268 2710 1393 2777 equi
1442 2707 1511 2762 tle
1555 2707 1818 2778 Egypto,
1863 2716 1921 2778 et
1969 2705 2040 2763 de

448 2774 585 2843 Coa,
605 2779 1081 2851 anegotiatoribus
1109 2779 1277 2851 regis,
1309 2774 1403 2850 qui
1434 2779 1608 2834 ibant:
1636 2774 2038 2851 iit—coemebant

450 2851 649 2916 pretio,
676 2848 996 2921 quadrigam
1022 2848 1286 2921 equorum
1317 2848 1590 2906 sexcentis
1619 2848 1896 2921 argenteis
1917 2889 1932 2914 ,
1983 2855 2042 2905 et

447 2934 647 2992 equum
677 2928 892 2977 centum
925 2921 1314 2992 quinquaginta
1348 2938 1361 2974 :
1504 2991 1509 2992 γ
1569 2977 1578 2989 _

520 2991 797 3063 Similiter
838 2995 909 3049 de
939 2991 1210 3049 universis
1259 2992 1444 3063 regnis
1472 2991 1872 3060 llettltzcorum,
1905 2998 1962 3048 et
2004 3006 2037 3049 α

447 3064 667 3137 regibus
682 3062 877 3137 Syriae,
904 3065 1111 3135 emptio
1136 3064 1535 3137 celebrabatur.

523 3132 678 3207 [ϐαρ.
709 3132 797 3207 [1.]
831 3132 1082 3207 Decrevit
1121 3149 1306 3193 autem
1337 3133 1906 3207 Salomontediiicare
1939 3135 2040 3192 do-

450 3206 599 3278 mum
629 3206 836 3262 nomini
861 3206 1102 3273 Domini,
1132 3217 1187 3263 et
1220 3207 1478 3278 palatium
1519 3206 1645 3262 sibi.

522 3277 593 3333 Et
619 3279 924 3350 numeravit
960 3279 1303 3350 septuaginta
1334 3279 1501 3335 millia
1537 3278 1779 3334 virorum
1822 3285 2045 3348 portan-

454 3347 590 3422 tium
622 3348 883 3422 humeris,
913 3358 970 3407 et
984 3347 1260 3422 octoginta
1289 3350 1457 3407 millia
1482 3350 1571 3421 qui
1596 3347 1873 3407 ca-dercnt
1910 3350 2046 3421 lapi-

448 3418 546 3473 des
574 3420 627 3475 in
658 3421 955 3491 montibus,
1006 3418 1439 3495 praepositosque
1481 3418 1669 3478 eorum
1720 3422 1825 3478 tria
1872 3418 2043 3478 millia

520 3564 666 3638 Misit
690 3580 905 3638 quoque
923 3563 992 3621 ad
1020 3565 1221 3622 Huram
1249 3580 1434 3637 regem
1454 3564 1610 3638 Tyri,
1637 3563 1857 3638 dicens:
1893 3564 2046 3622 Sicut

448 3635 609 3708 egisti
636 3652 760 3694 cum
792 3635 957 3694 David
980 3649 1137 3708 patre
1165 3635 1398 3704 tneo,'et
1426 3635 1619 3691 misiin
1658 3636 1708 3691 ei
1764 3637 1907 3708 ligna
1951 3653 2046 3694 ce-

448 3705 604 3781 drina
637 3705 1409 3781 ut‘tedilicaretsibidomum,
1446 3709 1627 3778 inqua
1658 3717 1714 3764 et
1741 3705 2039 3781 habitavit:

447 3779 530 3833 sic
555 3779 640 3835 fac
666 3779 900 3847 mecum,
945 3792 1001 3833 ut
1029 3779 1293 3835 aedificem
1332 3779 1554 3835 domum
1585 3780 1791 3835 nomini
1833 3780 2043 3836 Domini

448 3848 547 3903 Dei
584 3851 714 3914 mei,
735 3858 791 3906 et
819 3864 1137 3907 consecrent
1167 3866 1287 3906 eam
1313 3852 1379 3906 ad
1407 3852 1734 3907 adolendum
1760 3854 2040 3908 incensum

449 3934 637 3976 coram
666 3921 778 3989 illo,
801 3932 856 3977 et
884 3922 1192 3992 lumiganda
1221 3936 1490 3988 aromata,
1520 3935 1572 3977 et
1610 3924 1679 3978 ad
1709 3925 2045 3993 propositio-

450 4005 575 4048 nem
600 4008 797 4064 panum
821 3995 1303 4063 sempiternarmct
1333 3995 1399 4048 ad
1427 3993 1864 4049 holocautomata
1885 4010 2044 4051 mane

450 4073 507 4117 et
531 4063 787 4135 vespere,
808 4063 1053 4121 sabbatis
1077 4081 1312 4134 quoque.
1342 4075 1401 4121 et
1430 4067 1731 4120 tteotneniis
1754 4076 1811 4121 et
1839 4066 2045 4122 soletn-

445 4135 708 4209 nitatibus
755 4135 966 4209 Domini
1012 4136 1106 4209 Dei
1152 4138 1329 4192 nostri
1385 4141 1439 4192 in
1469 4138 1885 4208 sempiternum,
1917 4152 2043 4209 qua:

450 4208 703 4263 mandata
728 4216 856 4264 sunt
882 4207 1090 4263 lsraeli.
1594 4207 1600 4208 “
1756 4214 1759 4217 ’

526 4280 726 4334 Domus
754 4287 957 4349 autem,
982 4294 1146 4350 quam
1180 4278 1454 4337 aediﬁcare
1477 4280 1660 4350 cupio,
1696 4295 1890 4350 magna
1918 4288 2001 4337 est
2025 4297 2038 4334 :

366 4383 377 4389 -
448 4364 675 4420 magnus
693 4358 780 4407 est
800 4352 946 4407 enim
969 4351 1113 4408 Deus
1142 4359 1331 4407 noster
1364 4366 1531 4422 super
1555 4367 1748 4408 omnes
1775 4351 1933 4409 deos.

448 4422 807 4549 dollnttlisne'rgo
836 4424 1034 4493 poterit
1066 4424 1383 4495 prmvalere,
1406 4434 1463 4480 ut
1489 4424 1723 4481 mditicet
1741 4422 1793 4481 ei
1820 4423 2041 4496 dignam

527 4512 541 4548 l
620 4512 634 4548 Ι
695 4535 707 4547 .

489 4509 670 4549 omum
692 4509 707 4547 Ξ

2154 485 2338 552 nimis,
2373 495 2428 541 et
2458 485 2678 556 inclyta.

2223 557 2493 612 l’rmtcrca
2523 554 2812 624 operariis,
2841 556 2932 624 qui
2963 554 3156 610 emsuri
3206 564 3334 611 sunt
3362 554 3529 626 ligna,
3570 556 3768 611 servis

2150 630 2255 683 luis
2285 628 2427 683 dabo
2482 630 2533 683 itt
2560 628 2762 684 cibaria
2810 628 2975 683 tritici
3020 643 3185 683 coros
3217 628 3406 698 viginti
3457 627 3644 689 millia.
3701 636 3769 683 et.

2148 699 2338 755 ltotdei
2366 715 2530 757 coros
2556 699 2801 768 totidem,
2825 709 2881 755 et
2901 699 3009 754 vini
3041 701 3230 771 viginti
3253 700 3420 756 millia
3463 707 3761 767 metretas,

2145 772 2249 827 olei
2281 787 2497 843 quoque
2533 782 2651 828 sata
2688 772 2872 843 viginti
2907 772 3096 843 millia.

2222 842 2369 898 Dixit
2398 842 2576 915 autem
2626 842 2825 899 lluraut
2871 859 2967 899 rex
3018 842 3147 915 Tyri
3182 856 3283 914 per
3325 843 3563 908 litteras,
3611 857 3766 914 quas

2146 915 2376 970 miserat
2403 914 2678 972 Salomoni
2712 932 2725 969 :

2217 988 2352 1053 Quia
2380 985 2570 1059 dilexit
2600 986 2863 1043 Dominus
2892 985 3153 1059 populum
3184 1000 3342 1042 suum
3371 1027 3386 1053 ,
3439 985 3647 1044 idcirco
3702 996 3765 1043 te

2148 1072 2378 1126 regnare
2406 1058 2530 1112 fecit
2561 1073 2726 1125 super
2749 1074 2897 1115 eum.

2222 1130 2287 1183 Et
2338 1129 2549 1184 addidit
2601 1131 2837 1185 dicens:
2897 1129 3229 1186 Benedictus
3284 1128 3548 1186 Dominus
3604 1131 3759 1186 Deus

2144 1198 2332 1272 Israel,
2364 1204 2454 1271 qui
2486 1200 2614 1258 fecit
2641 1204 2836 1258 cmlum
2866 1215 2924 1259 et
2976 1212 3198 1267 terram,
3244 1199 3336 1272 qui
3380 1202 3534 1257 dedit
3578 1202 3757 1258 David

2146 1272 2261 1341 regi
2290 1271 2453 1328 fiiium
2483 1274 2784 1342 sapientem
2815 1285 2868 1330 et
2889 1272 3160 1329 eruditum
3201 1271 3565 1329 et'sensatum
3584 1283 3756 1344 atque

2146 1345 2492 1470 prudenlgem,
2524 1355 2583 1401 ut
2620 1345 2912 1402 aediﬁcaret
2945 1346 3167 1401 domum
3208 1343 3458 1411 Domino,
3507 1354 3565 1402 et
3603 1343 3760 1417 pata-

2171 1431 2344 1470 tumst
2389 1433 2427 1470 ι.
2648 1436 2656 1443 ·

2145 1416 2278 1471 tium
2298 1416 2427 1471 sibi.
2648 1436 2656 1443 ·

2217 1488 2335 1543 Misi
2361 1503 2491 1559 ergo
2518 1488 2613 1544 tibi
2646 1490 2819 1545 virum
2862 1488 3189 1560 prudentem
3234 1498 3287 1544 et
3319 1489 3753 1545 scientissimum

2146 1557 2374 1630 lluram,
2428 1557 2637 1630 patrem
2689 1557 2893 1629 meum,
2928 1561 3096 1616 lilium
3147 1560 3390 1616 mulieris
3418 1561 3488 1617 de
3532 1560 3755 1618 filiabus

2147 1629 2286 1697 Dan,
2317 1629 2472 1701 cujus
2519 1643 2672 1703 pater
2718 1633 2923 1705 Tyrius
2968 1634 3091 1699 fuit,
3123 1634 3212 1704 qui
3263 1634 3415 1688 novit
3442 1635 3659 1703 operari
3694 1637 3751 1687 in

2144 1715 2299 1773 auro,
2322 1712 2376 1757 et
2390 1703 2779 1773 argento,tere,
2805 1714 2857 1759 et
2882 1703 3049 1773 ferro,
3078 1703 3451 1769 et’marmore,
3475 1716 3527 1757 et
3555 1704 3742 1773 lignis,

2071 1808 2120 1869 Β
2146 1772 2198 1869 in
2214 1788 2449 1858 purpura
2468 1790 2706 1869 qupquc,
2729 1787 2784 1832 et
2810 1775 3124 1869 hyacintho,
3137 1786 3187 1830 et
3215 1776 3402 1847 bysso,
3428 1777 3753 1869 etcocciuo:

2144 1853 2200 1899 ct
2219 1846 2311 1916 qui
2342 1846 2442 1901 scit
2467 1848 2662 1902 cazlare
2690 1846 2909 1902 omnem
2931 1846 3299 1917 sculpturam,
3332 1859 3390 1902 et
3424 1846 3754 1904 adinvenire

2143 1917 2452 1991 prudenter
2490 1919 2866 1991 quodcumque
2910 1920 2963 1974 in
2998 1934 3171 1991 opere
3217 1920 3587 1975 necessarium
3635 1932 3744 1984 est,

2143 2003 2267 2043 cum
2317 1989 2615 2044 artificibus
2663 1989 2863 2047 tuis‘et
2893 2005 3015 2046 cum
3042 1989 3348 2047 artiﬁcibus
3385 1991 3598 2047 domini
3634 1994 3746 2047 mei

2144 2058 2313 2115 David
2341 2062 2507 2130 patris
2522 2062 2638 2118 .tui.

2215 2130 2475 2187 Triticum
2498 2148 2628 2204 ergo
2653 2177 2668 2202 ,
2700 2142 2756 2190 et
2784 2132 3074 2197 hordeum.
3107 2142 3163 2189 ct
3190 2133 3369 2189 oleum
3399 2176 3415 2199 ,
3445 2142 3502 2190 et
3532 2135 3746 2202 vinum,

2142 2217 2262 2273 qum
2292 2204 2563 2272 pollicitus
2592 2220 2672 2269 es,
2708 2205 2929 2261 domine
2951 2207 3044 2263 uti.
3079 2204 3233 2261 mitte
3258 2205 3435 2261 servis
3469 2207 3597 2262 tuis.

2214 2273 2530 2349 Nosautem
2557 2277 2829 2333 credemus
2863 2279 3001 2346 ligna
3029 2277 3098 2332 de
3125 2277 3357 2341 Libano,
3387 2288 3515 2349 quot
3550 2294 3750 2334 neces-

2141 2346 2287 2419 saria
2321 2346 2600 2415 habueris,
2628 2359 2682 2404 et
2712 2349 3107 2419 appliCabitnus
3131 2366 3193 2404 ea
3224 2346 3432 2404 ratibus
3462 2366 3557 2418 per
3592 2368 3750 2408 mare

2142 2417 2196 2471 in
2220 2415 2396 2487 Joppe
2425 2434 2438 2472 :
2470 2430 2618 2473 tttttut
2652 2415 2762 2475 erit
2786 2415 3095 2475 'tran-fc’rre
3120 2435 3184 2475 ea
3217 2420 3268 2475 iu
3303 2415 3632 2477 Jerusalem.

2211 2487 2529 2564 Numeravit
2558 2491 2722 2563 igitur
2747 2491 3002 2564 Salomon
3023 2506 3057 2547 o
3080 2506 3216 2547 ones
3236 2494 3383 2547 viros
3419 2494 3744 2564 prosclytos,

2141 2560 2234 2630 qui
2289 2569 2450 2634 erant
2498 2562 2552 2617 in
2584 2560 2753 2617 'terra
2806 2563 2999 2628 Israel,
3052 2572 3175 2634 post
3220 2560 3742 2631 dinumeratiot'tem,

2141 2647 2304 2701 quam
2334 2633 2699 2690 dinumeravit
2726 2634 2894 2691 David
2927 2633 3078 2702 pater
3107 2638 3224 2703 ejus
3247 2676 3262 2701 ,
3291 2645 3346 2690 et
3379 2638 3584 2691 inventi
3613 2647 3746 2691 sunt

2141 2713 2362 2776 centum
2390 2706 2775 2776 quinquaginta
2799 2706 2991 2772 millia,
3022 2715 3078 2762 et
3107 2709 3207 2762 tria
3256 2708 3425 2763 millia
3464 2710 3737 2763 sexcenti.

2214 2774 2474 2846 Fecitqde
2502 2774 2567 2832 cx
2613 2774 2693 2834 eis
2737 2779 3077 2851 septuaginta
3132 2778 3322 2851 millia,
3372 2779 3460 2851 qui
3499 2780 3748 2836 humeris

2141 2857 2641 2922 oneraporturent,
2672 2857 2731 2905 et
2757 2849 3026 2922 octoginta
3066 2850 3255 2916 millia,
3286 2849 3401 2922 qui
3429 2851 3639 2922 lapides
3680 2853 3740 2907 in

2141 2920 2417 2974 montibus
2441 2920 2721 2977 caederent
2754 2938 2768 2975 :
2808 2923 2909 2977 tria
2938 2921 3107 2976 millia
3134 2920 3317 2978 autem
3359 2931 3417 2979 et
3446 2920 3744 2979 sexcentos

2141 2992 2468 3065 prarpositos
2495 3008 2722 3065 operum
2753 2993 2971 3065 populi.
3640 3047 3645 3053 .

2214 3059 2369 3135 [Cap.
2398 3059 2626 3135 ιιωίει
2675 3059 2845 3135 οωρίί
2886 3064 3143 3120 Salomon
3190 3064 3464 3123 mdilicare
3515 3065 3743 3123 domum

2147 3132 2369 3208 Domini
2394 3135 2444 3188 in
2473 3132 2779 3208 Jerusalem
2808 3137 2860 3191 in
2892 3147 3078 3191 monte
3109 3136 3297 3202 Moria,
3350 3139 3442 3208 qui
3474 3137 3743 3194 demons-

2067 3195 2116 3260 C
2147 3205 2716 3281 tr.ttus_fuera_t_David
2749 3207 2889 3279 patri
2922 3208 3064 3281 ejus,
3097 3211 3150 3264 in
3186 3195 3342 3276 loco,
3370 3195 3544 3281 'quem
3585 3225 3747 3280 para-

2147 3285 2302 3332 verat
2329 3276 2502 3333 David
2524 3278 2576 3333 itt
2603 3294 2728 3335 area
2750 3276 3227 3336 Urnam'Jcbusmi.

2218 3345 2395 3419 Ctepit
2447 3359 2628 3422 autem
2682 3351 2955 3408 auditione
3019 3367 3209 3409 mcusc
3264 3352 3538 3422 secundo,
3595 3368 3744 3410 anno

2147 3433 2340 3493 quarto
2368 3423 2519 3493 regni
2545 3421 2653 3477 sui.

2219 3491 2287 3566 Et
2318 3491 2588 3549 lta'c'suut
2615 3494 2989 3559 fundamenta,
3041 3511 3161 3563 qua:
3201 3494 3332 3566 jecit
3363 3496 3646 3564 Salomon,
3679 3507 3744 3554 ut

2147 3564 2440 3619 mdiftcaret
2467 3568 2687 3620 domum
2718 3566 2814 3622 Dei
2863 3564 3213 3636 longitudinis
3251 3568 3467 3625 cubitus
3504 3569 3558 3624 in
3588 3586 3742 3626 men-

2145 3649 2271 3709 sura
2305 3638 2474 3705 prima
2507 3638 2809 3709 sexaginta,
2856 3639 3160 3694 latitudinis
3188 3640 3398 3695 cubitus
3429 3640 3639 3709 viginti.

2148 3764 2161 3782 ,_
2224 3707 2498 3782 Portcum
2526 3707 2660 3763 vero
2695 3721 2823 3765 ante
2854 3709 3125 3775 frontem,
3155 3726 3275 3782 quae
3322 3707 3644 3768 teudebatur
3684 3712 3735 3768 in

2148 3775 2365 3849 longum
2388 3780 2542 3848 juxta
2572 3796 2882 3837 mensuram
2915 3775 3218 3837 latitudinis
3261 3782 3460 3839 domus
3481 3826 3495 3847 ,
3528 3784 3741 3839 cubito—

2144 3863 2263 3904 rum
2295 3850 2515 3925 viginti:
2539 3868 2701 3923 porro
2726 3853 2950 3909 altitudo
2964 3864 3179 3909 centum
3209 3854 3397 3925 viginti
3428 3857 3736 3912 eubitorum

2141 3930 2318 4048 irae:
2366 3933 2420 3978 ct
2464 3924 2747 3981 deauravlt
2801 3940 2920 3981 cam
2972 3924 3304 3982 intrinsecus
3368 3942 3505 3983 auro
3576 3943 3736 3983 mun-

2186 4008 2392 4048 tSSltO.

2186 4008 2392 4049 tSSltO.

2220 4066 2443 4142 Domum
2510 4082 2728 4142 quoque
2773 4067 3035 4142 majorem
3094 4069 3491 4142 texit__tabulis
3544 4070 3737 4142 ligneis
3821 4116 3826 4121 .

2144 4134 2419 4209 abiegnis,
2459 4134 2785 4194 et'l-imiuas
2826 4134 2943 4194 nitri
2986 4141 3156 4195 obrizi
3194 4139 3363 4195 aifixit
3391 4157 3488 4209 per
3529 4134 3734 4197 toittm:

2144 4207 2482 4282 sculpsitqne
2503 4210 2557 4264 in
2583 4224 2647 4265 ea
2676 4212 2901 4278 palmas,
2926 4217 2983 4266 ct
3008 4214 3161 4282 quasi
3191 4207 3471 4269 cateuulas
3501 4228 3564 4270 se
3597 4215 3737 4269 iuvi-

2143 4292 2259 4351 cem
2290 4294 2409 4334 com
2417 4281 2739 4351 plecteutes.
3029 4281 3035 4282 “
3412 4310 3421 4315 -

2214 4349 2432 4407 Stravit
2464 4367 2679 4424 quoque
2722 4353 3083 4427 pavimentum
3114 4356 3301 4427 templi
3333 4355 3731 4427 pretiosissima

2145 4436 2437 4489 marmore,
2478 4427 2678 4481 decore
2703 4426 2897 4481 multo.

2219 4495 2387 4568 Porro
2407 4510 2598 4551 aurum
2623 4506 2740 4552 erat
2764 4495 3221 4567 probatissimum,
3241 4497 3310 4553 de
3334 4498 3491 4568 cuj'ts
3517 4500 3734 4555 laminis

519 4565 578 4622 Si
636 4564 837 4649 cadum
893 4576 950 4649 et
999 4564 1125 4623 caeli
1172 4567 1435 4649 cmlorum
1492 4580 1692 4649 capere
1748 4583 1875 4649 eum
1929 4582 2038 4649 non
2066 4585 2118 4649 ι)
2143 4567 2282 4649 texit
2315 4565 2569 4649 domum,
2595 4579 2656 4649 _et
2685 4564 2866 4649 trabes
2892 4570 3033 4649 ejus,
3059 4578 3115 4649 et
3144 4579 3361 4649 postes,
3392 4564 3448 4624 et
3480 4572 3736 4641 parietes,

444 4648 712 4763 ((1113311);
741 4647 978 4710 quantus
1016 4652 1118 4710 ego
1145 4646 1313 4715 sum,
1358 4651 1415 4695 ut
1441 4641 1641 4711 poesim
1683 4641 1952 4697 mdillcare
1985 4639 2037 4697 ei

447 4724 722 4906 :éneiimad
758 4780 865 4841 hoc
886 4786 1120 4852 tantum,
1148 4789 1208 4838 ut
1229 4781 1518 4841 adoleatur
1539 4781 1823 4841 incensum
1854 4796 2038 4840 coram

444 4864 671 5000 ll"iiitte
707 4922 877 5000 igitur
904 4923 1039 4981 mihi
1092 4923 1268 4983 virum
1327 4926 1626 5000 eruditum,
1677 4927 1770 5000 qui
1825 4927 2043 4984 noverit

439 4996 659 5071 operari
705 4995 761 5052 in
786 5003 1042 5071 a_uro,_et_
1075 5008 1321 5069 argento,
1375 5012 1507 5071 aere,
1567 4995 1737 5071 ferro,
1773 5014 2035 5070 purpura,

444 5067 687 5142 coccino,
719 5076 776 5125 et
803 5067 1120 5142 hyacintho.
1146 5067 1181 5142 ﬁ
1204 5078 1262 5126 et
1289 5072 1382 5142 qui
1412 5067 1550 5126 sciat
1593 5067 2035 5142 sculpereczlaé

443 5139 616 5212 tut-as,
659 5153 798 5212 eum_
836 5139 921 5195 his
968 5139 1486 5212 artificibusfquos
1534 5139 1749 5198 mecum
1779 5140 1951 5198 babeo
1981 5142 2036 5198 in

439 5206 630 5264 Judzea
671 5218 730 5266 et
770 5208 1094 5281 Jerusalem,
1136 5206 1287 5285 quos
1314 5206 1641 5285 praeparavit
1684 5213 1854 5270 David
1884 5221 2039 5285 pater

443 5294 625 5434 “ignoti
648 5359 705 5434 e_t
733 5352 874 5434 ligna
896 5356 1123 5434 cedrino
1150 5356 1302 5434 mitte
1331 5356 1488 5434 mihi,
1519 5365 1575 5413 et
1600 5356 2037 5434 arceutbina,_et

440 5424 623 5501 pinea,
655 5424 724 5501 de
755 5425 963 5501 Libano
991 5431 1152 5501 ;Ascio
1173 5430 1319 5486 enim
1346 5428 1490 5501 quod
1512 5430 1657 5486 servi
1683 5429 1759 5484 tui
1781 5428 2036 5487 noverint

439 5495 654 5553 caedere
677 5496 820 5568 ligna
847 5499 916 5554 de
942 5498 1170 5557 Libano.

510 5568 580 5644 Et
603 5580 790 5644 _erunt
819 5574 981 5644 servi
1014 5573 1119 5628 mei
1149 5587 1272 5629 cum
1315 5574 1491 5632 servis
1520 5572 1648 5640 tuis,
1685 5581 1745 5628 ut
1774 5580 2034 5644 parentur

439 5637 572 5696 mihi
600 5638 747 5713 ligna
775 5641 1034 5714 plurima.

511 5779 751 5856 ἢσθιιᾷοη
790 5784 1152 5841 Memmianus
1178 5798 1302 5839 cum
1354 5785 1558 5856 aliquot
1578 5795 1747 5856 mss”
1791 5781 2028 5854 scalpere

436 5850 638 5911 celata.
668 5854 745 5915 De
770 5858 989 5919 Cauonc
1016 5850 1608 5917 Carcassoncnsi'niltil
1639 5850 1918 5928 deinceps
1937 5855 2022 5912 di-

2149 4645 2206 4693 ct
2227 4640 2368 4711 ostia
2392 4654 2408 4694 :
2434 4648 2488 4694 et
2509 4639 2723 4694 caelavit
2748 4640 3025 4695 cherubim
3059 4642 3110 4694 in
3142 4642 3461 4711 parietibus.

2219 4708 2372 4783 Fecit
2390 4725 2605 4783 quoque
2631 4713 2855 4766 drmum
2880 4711 3054 4766 sanati
3083 4702 3429 4780 sanctorum;
3456 4702 3740 4783 longitudi-

2149 4796 2273 4854 nem
2293 4782 2446 4854 jttxta
2469 4782 2808 4838 latitudinem
2847 4784 3041 4841 domus
3067 4823 3081 4850 ,
3109 4784 3412 4839 cubitorum
3445 4782 3654 4854 viginti,
3686 4793 3741 4842 et

2150 4853 2490 4925 latitudinem
2534 4855 2786 4910 similiter
2813 4854 3003 4925 viginti
3032 4854 3337 4911 cubitorum
3367 4871 3384 4912 :
3433 4865 3491 4912 et
3516 4853 3738 4912 laminis

2146 4924 2333 4997 aureis
2358 4926 2493 4981 texit
2516 4939 2660 4993 eam,
2693 4926 2847 4997 quasi
2879 4924 3097 4981 talentis
3122 4928 3417 4983 sexcentis.

2218 4995 2327 5054 Sed
2355 5006 2411 5071 e_t
2437 4997 2622 5054 clavos
2663 4995 2792 5054 fecit
2820 5011 3042 5071 aureos,
3072 4998 3145 5053 ita
3180 5008 3241 5053 ut
3264 4998 3466 5071 singuli
3492 4998 3629 5056 clavi
3667 4998 3739 5054 si-

2144 5070 2271 5153 closr
2296 5069 2709 5142 quinquagenos
2751 5069 3124 5141 appenderent
3154 5084 3168 5123 :
3210 5069 3492 5127 cmua'cula
3521 5084 3738 5142 quoque

2146 5151 2277 5199 ιθιιι
2304 5156 2458 5197 auro.
3382 5166 3395 5179 ·

2213 5211 2370 5269 Fecit
2409 5213 2574 5269 etiam
2603 5212 2659 5269 in
2697 5211 2863 5269 domo
2891 5214 3068 5270 sancti
3100 5221 3410 5269 sanctorum
3450 5213 3736 5270 cherubim

2139 5284 2295 5351 duos,
2324 5299 2490 5354 opere
2514 5287 2778 5341 statuario
2803 5303 2817 5339 :
2850 5293 2907 5340 et
2934 5287 3072 5343 texit
3095 5302 3192 5342 eos
3217 5301 3371 5341 auro.

2211 5356 2329 5412 Ala:
2367 5356 2648 5413 cherubim
2685 5357 2871 5428 viginti
2917 5357 3116 5414 cubitis
3152 5357 3589 5414 extendebantnr
3621 5376 3634 5410 :
3665 5356 3735 5418 ita

2138 5437 2197 5485 ut
2224 5443 2329 5484 una
2367 5428 2453 5502 ala
2486 5428 2714 5485 haberet
2752 5428 2963 5485 cubitus
2991 5432 3249 5502 quinque,
3278 5437 3332 5485 et
3364 5439 3612 5502 tangeret
3640 5444 3733 5499 pa-

2138 5503 2329 5574 rietem
2373 5500 2571 5556 domus
2621 5519 2633 5574 ;
2679 5508 2739 5574 et
2773 5501 2942 5558 altera
2982 5500 3221 5574 quinque.
3256 5500 3474 5558 cubitos
3508 5502 3731 5570 habens,

2134 5573 2274 5628 alant
2311 5580 2559 5642 tangeret
2586 5572 2814 5627 alterius
2844 5572 3073 5630 clterub.

2206 5641 2467 5701 Similiter
2495 5641 2701 5699 cherub
2728 5645 2953 5702 alterius
2980 5646 3068 5702 ala
3117 5644 3359 5718 quinque
3382 5643 3620 5702 habebat
3644 5660 3735 5701 cu-

2134 5789 2309 5846 cetur,
2343 5778 2470 5850 quia
2489 5794 2598 5835 non
2622 5779 2950 5851 perfecimus
2972 5779 3218 5849 ejusdem
3246 5778 3598 5835 collationem
3634 5777 3735 5837 nisi

2128 5852 2194 5911 ad
2219 5851 2516 5911 secundum
2548 5852 2744 5915 librum
2770 5852 3244 5926 Paralipomenon.
3269 5851 3446 5909 Mans.
