4112 6354
353 295 490 352 1565

1720 291 1950 350 VERBA
1997 290 2283 353 DIERUM.

3506 299 3647 360 1566

348 409 517 476 bitos,
547 419 610 496 et.
622 407 878 496 tangebat
907 408 1178 496 parietem
1203 424 1217 462 :
1238 415 1304 496 et
1333 406 1417 490 ala
1436 404 1568 496 pejus
1592 407 1762 496 altera
1791 409 1950 496 quin-
1974 412 2024 476 Α
2090 409 2590 496 ΔΤιιγφίθνηῑξλιθνίιλ
2623 423 2877 496 quoque,‘
2901 419 2957 496 et
2989 411 3284 482 tlmrihula,
3331 421 3387 470 et
3421 414 3649 490 phialas,

346 497 454 552 que
491 482 797 538 cubitorum
828 483 966 536 alam
995 481 1198 536 cherub
1231 480 1454 552 alterius
1481 481 1848 551 contingi-bat.

421 552 590 624 Igitur
627 555 731 608 alae
775 553 1056 624 utriusque
1085 550 1862 624 cherubimrexpanswerant,
1895 565 1949 608 et

347 623 780 681 evtenilehantttr
821 641 914 693 per
955 623 1167 680 cubitus
1206 623 1395 694 viginti
1441 639 1456 679 :
1499 625 1601 692 ipsi
1635 635 1811 680 autem
1840 634 1950 678 sta-

345 698 480 754 bant
506 699 704 754 erectis
734 698 982 767 pedibus,
1016 709 1072 754 et
1096 697 1260 752 facies
1289 711 1478 752 eorum
1502 711 1678 751 versae
1699 706 1857 752 erant
1882 697 1948 752 ad

346 770 678 825 exteriorem
701 769 949 825 domum.

423 840 572 896 Fecit
602 856 818 912 quoque
840 840 1018 896 velum
1042 855 1106 895 cx
1132 838 1446 912 hyacintho,
1474 855 1736 911 purpura,
1759 854 1944 907 cocco,

347 923 399 968 ct
430 915 593 984 bysso
614 911 643 984 7’:
673 922 727 967 et
750 913 985 968 intexuit
1011 912 1059 967 ei
1088 911 1389 984 cherubim.

419 981 560 1040 Ante
601 983 747 1040 fores
787 987 951 1040 etiam
997 984 1181 1052 templi
1211 983 1344 1037 duas
1371 981 1673 1042 Columnas,
1705 998 1826 1050 qum
1857 983 1951 1040 tri-

347 1056 494 1127 ginta
527 1066 582 1112 et
609 1056 846 1128 quinque
873 1055 1086 1111 cubitus
1118 1055 1389 1128 habebant
1415 1055 1721 1128 altitudinis
1749 1071 1764 1110 :

421 1128 590 1183 Porro
617 1125 789 1196 capita
819 1143 1008 1183 earum
1039 1125 1277 1196 quinque
1302 1126 1633 1180 cubitorum.
1713 1170 1717 1174 .

416 1200 642 1256 Necnon
671 1208 724 1255 et
749 1201 902 1270 quasi
931 1198 1211 1254 catonulas
1239 1200 1290 1252 in
1319 1198 1568 1260 oraculo,
1599 1208 1653 1254 et
1684 1213 1950 1269 superpo-

345 1271 458 1327 suit
499 1287 595 1328 eas
630 1273 900 1340 capitibus
929 1270 1303 1326 columnarum
1338 1286 1352 1324 :
1385 1271 1754 1341 malogranata
1781 1275 1949 1328 etiam

343 1353 590 1409 centum,
618 1358 740 1412 qum
771 1343 1041 1398 catenulis
1070 1341 1413 1411 interposuit.

419 1415 570 1484 Ipsas
594 1411 812 1486 quoque
843 1416 1127 1470 columnas
1158 1415 1344 1487 posuit
1363 1414 1413 1487 in
1443 1411 1711 1470 vestibqu
1736 1414 1943 1487 templi,

346 1502 506 1540 uuam
555 1503 582 1541 a
614 1485 856 1550 dextris,
890 1497 940 1541 et
987 1487 1217 1540 alteram
1249 1501 1277 1539 a
1304 1485 1538 1540 sinistris
1569 1502 1582 1540 :
1617 1502 1734 1541 eam
1768 1485 1889 1550 quin
1917 1504 1946 1542 a

343 1558 552 1614 dextris
579 1568 720 1624 erat,
753 1561 965 1614 vocavit
993 1553 1207 1621 Jachin,
1231 1566 1284 1612 et
1306 1573 1426 1626 qum
1446 1556 1512 1612 ad
1538 1559 1750 1620 laevam,
1780 1553 1945 1614 Booz.

417 1627 572 1703 [ϐαρ.
599 1629 717 1703 IV.]
747 1629 894 1703 Fecit
936 1644 1150 1703 quoque
1169 1631 1370 1703 altare
1388 1645 1598 1684 multum
1623 1631 1818 1703 _viginti
1852 1647 1948 1703 cu-

345 1699 580 1770 bituram
602 1699 974 1771 loojgitudiuis,
999 1699 1263 1770 et'viginti
1287 1699 1592 1756 cubitorum
1618 1701 1940 1772 latitudinis,

349 1784 398 1829 cl
426 1773 613 1828 decem
635 1775 939 1829 cubitorum
965 1773 1282 1827 altitudinis.

418 1845 564 1901 Mare
603 1860 647 1900 e‘
677 1861 769 1902 am
803 1845 964 1901 tusile
1001 1845 1187 1899 decem
1219 1841 1416 1898 cubitis
1443 1858 1473 1897 a
1502 1842 1647 1899 Iabio
1679 1860 1850 1913 usque
1880 1845 1944 1900 ad

343 1915 570 1984 labium,
604 1916 921 1984 rotundum,
953 1931 1050 1987 per
1081 1913 1383 1987 circuitum
1409 1930 1422 1967 :
1453 1915 1690 1987 quinque
1737 1916 1948 1972 cubitus

345 1988 580 2044 habebat
613 1984 1030 2054 altitudinis,'ct
1073 1984 1346 2042 {unionlus
1390 1986 1606 2056 triginta
1637 1987 1945 2044 cubitorum

344 2059 612 2133 ambiebat
645 2077 839 2133 gyrum
881 2062 1019 2133 ejus.

416 2128 727 2188 Similitud'u
766 2128 980 2202 quoque
1016 2131 1179 2185 boum
1219 2137 1337 2183 erat
1367 2129 1553 2185 subter
1581 2128 1734 2196 illtttl,
1770 2142 1820 2186 et
1853 2130 1950 2188 de-

345 2218 464 2258 cem
515 2205 714 2259 ettlitis
760 2201 1007 2274 quaedam
1058 2201 1398 2256 extrinsecus
1447 2202 1740 2274 caelatum,
1790 2205 1946 2274 quasi

346 2275 557 2330 duobus
583 2273 831 2332 versibus
855 2275 1030 2329 alvum
1055 2274 1221 2328 maris
1247 2274 1624 2328 circumibant.
1651 2273 1826 2331 Boves
1847 2291 1944 2331 au-

351 2355 456 2403 tem
487 2358 642 2402 erant
685 2347 870 2402 t'usiles
899 2363 914 2403 :

420 2419 482 2474 Et
522 2418 697 2490 ipsum
739 2435 889 2474 mare
919 2432 1084 2488 super
1104 2415 1396 2490 duodecim
1431 2415 1598 2472 boves
1631 2416 1944 2487 impositum

346 2501 485 2557 erat,
513 2489 745 2561 quorum
775 2500 884 2545 tres
918 2489 1282 2560 respiciebant
1314 2490 1379 2542 ad
1409 2491 1738 2561 aquilonem.
1773 2501 1825 2544 et
1858 2491 1947 2546 alii

349 2572 458 2617 tres
497 2558 565 2618 ad
613 2563 949 2620 occidentem
991 2558 1024 2617 ε’
1057 2577 1218 2630 porro
1264 2571 1372 2614 tres
1418 2558 1514 2614 alii
1555 2563 1860 2627 meridiem,
1895 2573 1950 2618 et

347 2642 456 2689 tres
498 2636 588 2706 qui
635 2635 826 2705 reliqui
854 2642 1027 2701 erant,
1058 2634 1346 2706 orientem,
1379 2647 1528 2686 mare
1561 2632 1824 2688 habentes
1852 2649 1948 2688 su-

347 2704 675 2775 perpositum
708 2724 720 2760 :
752 2704 1048 2777 posteriora
1091 2715 1270 2760 autem
1313 2704 1473 2760 boum
1505 2713 1661 2759 erant
1693 2706 1953 2763 intrinse-

345 2793 444 2834 cus
470 2781 572 2834 sub
609 2778 766 2834 mari.
967 2821 970 2826 .

420 2850 590 2906 Porro
628 2853 855 2907 vastitas
895 2847 1014 2920 ejus
1058 2847 1292 2902 habebat
1329 2863 1640 2904 mensuram
1673 2847 1862 2918 palmi,
1893 2856 1950 2904 et

347 2931 463 2976 crat
503 2922 702 2977 labium
742 2923 889 2978 illius
928 2920 1080 2990 quasi
1123 2920 1322 2975 labium
1364 2920 1572 2986 calieis,
1607 2926 1690 2976 vel
1723 2921 1948 2991 repandi

348 2993 447 3050 lilii
481 3011 492 3046 :
520 2994 873 3064 capiebatque
902 3007 1172 3047 mensurze
1194 2991 1292 3046 tria
1322 2993 1488 3047 millia
1522 3002 1802 3047 metretas.

422 3065 570 3120 Fecit
597 3080 814 3137 qucque
845 3065 1082 3120 conchas
1111 3065 1300 3137 decem
1327 3081 1340 3124 ;
1370 3074 1426 3118 et
1457 3065 1636 3137 posuit
1657 3065 1894 3134 quinque
1918 3080 1947 3118 a

349 3135 584 3202 dextris,
617 3135 682 3192 ‘et
723 3139 962 3208 quinque
1005 3151 1036 3190 a
1075 3135 1335 3201 sinistris,
1384 3145 1441 3190 ut
1480 3135 1726 3192 lavarent
1767 3137 1822 3192 in
1864 3137 1947 3194 eis

350 3208 558 3281 omnia,
589 3225 708 3281 qua:
731 3211 785 3265 in
815 3208 1192 3281 holocaustum
1216 3208 1457 3281 oblaturi
1491 3219 1646 3264 erant
1675 3225 1690 3262 :

426 3278 680 3336 Porro'iu
707 3281 841 3336 mari
869 3279 1184 3335 sacerdotes
1216 3278 1556 3334 lavabantur.

424 3351 575 3406 Fecit
602 3361 780 3407 autem
804 3361 856 3406 et
877 3349 1202 3405 candelabra
1227 3365 1389 3405 aurea
1412 3351 1622 3415 decem,
1648 3351 1949 3407 secundum

352 3425 592 3490 Speciem
617 3439 721 3495 qua
739 3423 891 3495 jussa
913 3433 1071 3479 erant
1094 3422 1212 3477 ﬁeri
1241 3440 1255 3476 :
1280 3431 1334 3477 et
1357 3423 1537 3489 posuit
1563 3439 1624 3478 ea
1649 3424 1703 3478 in
1729 3425 1950 3495 templo,

353 3497 591 3565 quinque
617 3515 644 3548 a
675 3496 902 3563 dextris,
934 3505 984 3549 et
1018 3495 1261 3564 quinque
1292 3510 1322 3548 a
1352 3495 1590 3548 sinistris
1617 3513 1630 3550 :

423 3567 644 3623 Necnon
681 3576 738 3622 et
764 3582 980 3622 mensas
1008 3566 1199 3622 decem
1240 3581 1255 3621 :
1290 3565 1580 3636 posuitque
1610 3581 1702 3621 eas
1731 3567 1782 3622 iu
1818 3577 1954 3624 tem-

356 3639 469 3710 plo,
497 3639 738 3710 quinque
761 3657 789 3691 a
817 3639 1044 3702 dextris,
1073 3647 1128 3693 et
1154 3637 1389 3708 quinque
1408 3653 1437 3692 a
1459 3637 1697 3693 sinistris
1722 3654 1736 3692 :

427 3711 644 3767 Phialas
664 3727 880 3782 quoque
909 3723 1102 3765 aureas
1129 3721 1370 3782 centurn.

432 3781 584 3838 Fecit
612 3780 773 3838 etiam
792 3780 1002 3836 atrium
1027 3781 1390 3843 sacerdotum,
1416 3792 1470 3835 et
1493 3780 1769 3835 basilicam
1793 3796 1954 3852 gran-

357 3853 406 3910 di
429 3869 480 3909 tn
513 3872 525 3907 :
555 3864 611 3910 et
637 3853 858 3911 ostiain
889 3853 1142 3918 Basilica,
1171 3867 1295 3922 qua:
1322 3852 1457 3907 texit
1482 3865 1612 3907 tere.

435 3928 600 3981 l'orro
641 3941 790 3982 mare
825 3925 1006 3995 posuit
1046 3925 1100 3980 in
1138 3923 1308 3979 latere
1334 3923 1526 3980 dextro
1556 3933 1745 3979 contra
1773 3925 1954 3984 orien-

361 4007 466 4053 tem
489 3997 555 4052 ad
589 3997 896 4054 meridiem.

433 4069 582 4126 Fecit
625 4084 805 4125 autem
841 4069 1024 4123 tliram
1066 4065 1292 4132 lebetes,
1322 4075 1373 4122 et
1403 4081 1676 4138 ereagras,
1711 4079 1764 4122 et
1799 4068 1955 4136 pliiao

362 4141 441 4198 Ias
468 4160 481 4196 :
511 4151 566 4197 et
591 4141 883 4212 complevit
910 4154 1072 4212 omne
1099 4155 1235 4208 opus
1264 4137 1407 4209 regis
1436 4139 1488 4212 iu
1516 4137 1678 4195 domo
1706 4139 1799 4195 Dei
1832 4157 1847 4199 :

435 4215 546 4268 lloc
573 4221 673 4278 est,
705 4210 987 4269 columnas
1027 4211 1182 4284 duas,
1212 4220 1267 4266 et
1290 4210 1562 4284 epistylia,
1592 4223 1646 4266 et
1673 4215 1871 4282 capita,
1901 4222 1961 4270 et

361 4287 513 4368 quasi
541 4285 800 4411 lquatdatn
842 4283 1126 4354 retiacula,
1170 4299 1292 4354 quat
1322 4297 1497 4354 capita
1525 4293 1770 4354 tegerent
1795 4300 1961 4356 super

361 4371 534 4411 eutstv
564 4373 630 4411 ia.

361 4371 630 4411 θυιμινιιθ.

397 4373 799 4497 pllib’lggranata
848 4440 1063 4496 quoque
1115 4425 1538 4497 quadringenta,
1592 4435 1647 4482 et
1698 4428 1958 4485 retiacula

362 4499 491 4559 duo,
524 4500 590 4553 ita
624 4509 679 4552 ut
711 4497 819 4551 bini
853 4497 1074 4551 ordines
1103 4499 1596 4568 malogranatorum
1619 4498 1847 4568 singulis
1867 4515 1958 4555 τοι

364 4570 575 4644 t'aculis
596 4569 974 4640 iungerentur,
999 4583 1119 4638 quae
1148 4579 1493 4639 protegerent
1515 4569 1764 4640 epiStylia
1786 4581 1839 4624 et
1862 4586 1953 4626 ca-
1984 4583 2038 4644 ι)

361 4643 469 4713 pila
495 4641 889 4713 columnarum.

361 4708 396 4840 ᾖ)
435 4715 599 4840 Ilisos
635 4713 803 4770 etiam
845 4709 1006 4779 fecit,
1047 4716 1104 4764 et
1129 4708 1403 4782 lconchas,
1440 4725 1575 4782 quas
1613 4712 1960 4782 superposuit

399 4802 474 4840 ast
519 4801 600 4840 us.

399 4787 600 4840 asibus.
1168 4840 1177 4851 ,

433 4857 582 4914 Mare
609 4872 797 4925 unum,
831 4857 998 4912 boves
1021 4868 1234 4925 quoque
1254 4851 1540 4910 duodecim
1568 4854 1668 4909 sub
1690 4855 1846 4910 mari.

434 4929 501 4984 Et
537 4929 764 4993 lebetas,
801 4937 857 4984 et
891 4941 1164 4996 ereagras,
1206 4934 1262 4983 et
1302 4927 1537 4996 phialas.
1582 4928 1781 4982 Omnia
1825 4942 1956 4984 vasa

361 5000 494 5056 fecit
524 4999 802 5056 Salomoni
833 5000 1016 5056 IIiram
1047 5007 1198 5070 pater
1225 4998 1344 5069 ejus
1374 5003 1426 5054 in
1458 5001 1620 5055 domo
1646 4999 1861 5056 Domini
1889 5017 1956 5057 ex

363 5087 470 5127 atre
494 5071 870 5128 mundissimo.

434 5143 492 5200 Iu
525 5145 744 5216 regione
769 5141 1026 5216 Iordanis
1053 5141 1192 5216 ludit
1216 5158 1279 5199 ea
1311 5158 1407 5200 rex
1433 5142 1488 5200 in
1516 5141 1769 5215 argillosa
1791 5153 1956 5214 terra,

364 5215 506 5272 inter
527 5213 730 5272 So'chot
757 5224 812 5270 et
838 5213 1156 5270 Saredatha.

438 5289 564 5342 Erat
603 5297 789 5342 autem
821 5287 1106 5342 multitudo
1134 5300 1388 5343 vasorum
1421 5285 1858 5356 innumerabilis,
1888 5287 1960 5344 ita

365 5367 422 5414 ιιι
462 5359 800 5430 ignoraretur
828 5357 1037 5426 pondus
1060 5357 1205 5413 atris.

439 5430 698 5501 Fecitque
736 5430 992 5486 Salomon
1031 5431 1212 5486 omnia
1255 5445 1381 5486 vasa
1412 5431 1608 5487 domus
1650 5431 1766 5496 Dei,
1801 5440 1854 5486 et
1882 5432 1960 5486 al-

367 5512 758 5575 tareaureum,
787 5511 840 5556 et
869 5516 1110 5570 mensas,
1139 5513 1191 5557 et
1221 5518 1381 5572 super
1406 5518 1500 5558 cas
1528 5519 1695 5575 panes
1717 5503 1961 5574 pI‘OjIOSI‘

271 5643 278 5648 ι
368 5574 528 5648 tionis
561 5594 573 5629 ε

438 5645 777 5701 Candelabra
805 5659 1020 5716 quoque
1049 5659 1173 5700 cum
1203 5645 1437 5700 lucernis
1469 5646 1605 5714 suis,
1632 5657 1690 5702 ut
1715 5647 1959 5704 lacerent

369 5727 496 5772 ante
521 5717 799 5789 oraculum
825 5718 980 5788 juxta
1012 5717 1198 5782 ritum,
1230 5733 1294 5771 ex
1323 5733 1455 5773 auro
1479 5721 1767 5789 purissimo
1799 5737 1811 5774 :

445 5793 509 5843 lat
547 5787 805 5863 ﬂorentia
832 5787 1104 5858 quasdam,
1136 5787 1488 5863 etim-eruas,
1519 5801 1574 5845 ct
1598 5790 1834 5863 forcipes
1867 5808 1961 5850 au-

374 5876 495 5921 reos
524 5878 538 5917 :
567 5861 746 5917 ouuiia
777 5860 843 5918 de
871 5877 1003 5918 auro
1031 5860 1385 5920 mundissimo
1415 5862 1555 5922 facta
1582 5874 1726 5922 sunt.

2053 490 2108 537 et
2139 484 2479 550 mortariola,
2512 501 2579 539 ex
2606 499 2736 538 auro
2762 484 3072 553 purissimo.

2128 553 2194 608 Et
2225 557 2363 609 ostia
2394 557 2602 611 caelavit
2631 557 2814 626 templi
2849 556 3146 622 interioris,
3174 556 3225 612 id
3259 566 3362 625 est,
3389 558 3440 613 in
3464 570 3653 619 sancto

2055 637 2409 698 sanetorum;
2443 638 2497 683 et
2525 629 2662 682 ostia
2695 628 2880 698 tctnpli
2916 627 3217 684 forinsecus
3243 645 3428 685 aurea.

2126 696 2325 768 Sicque
2362 700 2695 772 completum
2734 696 2820 754 est
2843 717 3005 756 omne
3035 716 3194 771 opus,
3223 703 3366 772 quod
3398 702 3529 759 fecit
3553 705 3653 762 Sa-

2053 765 2314 824 lomon'in
2339 765 2505 826 domo
2527 770 2760 826 Domini.

2127 838 2276 916 [βαρ.
2434 844 2606 898 Intttlit
2638 843 2800 914 igitur
2830 843 3089 900 Salomon
3117 843 3319 908 omnia,
3347 862 3465 916 quae
3493 863 3654 904 vove-

2053 923 2137 966 rat
2179 913 2344 968 David
2391 913 2540 986 pater
2585 913 2736 974 suus,
2777 925 3082 986 argentum,
3127 913 3422 988 claurum,
3453 930 3506 974 et
3532 919 3655 976 uui-

2051 997 2207 1056 versa
2237 1000 2361 1041 vasa
2395 989 2570 1056 posuit
2611 989 2661 1042 in
2697 989 2966 1042 thesauris
2993 989 3184 1042 domus
3211 987 3327 1041 Dei.

2124 1054 2255 1110 Post
2281 1054 2407 1128 quat
2430 1060 2779 1130 congregavit
2801 1059 3039 1130 majores
3063 1072 3188 1113 natu
3223 1058 3409 1125 Israel,
3445 1070 3499 1115 et
3521 1078 3654 1116 cun-

2051 1137 2169 1201 ctus
2201 1130 2471 1201 principes
2501 1132 2759 1199 tribuum,
2795 1138 2851 1186 et
2874 1133 3047 1201 capita
3073 1132 3398 1186 familiarum
3427 1132 3493 1187 de
3524 1134 3647 1190 til-is

2051 1197 2216 1270 Israel
2245 1202 2296 1255 itt
2320 1197 2642 1270 Jerusalem,
2669 1212 2727 1257 ut
2746 1197 3082 1258 adducerent
3105 1217 3284 1257 aream
3310 1203 3527 1260 traderis
3549 1204 3656 1262 D0-

2050 1267 2182 1344 ιιιίμί
2215 1270 2283 1327 de
2311 1274 2530 1329 civitate
2559 1267 2744 1342 David,
2771 1291 2889 1344 qua:
2920 1283 3003 1330 est
3027 1273 3180 1330 Sion.

2121 1341 2400 1418 Venerunt
2429 1347 2592 1416 igitur
2616 1345 2680 1400 ad
2716 1341 2898 1418 regem
2927 1361 3118 1402 omnes
3149 1344 3250 1400 viri
3281 1345 3446 1402 Israel
3478 1347 3532 1404 in
3562 1348 3652 1406 die

2049 1413 2278 1487 solemni
2311 1413 2514 1473 mensis
2542 1413 2801 1487 septimi:
3561 1463 3564 1466 .

2119 1485 2364 1563 Cumque
2398 1485 2684 1563 venissent
2724 1489 2907 1546 cuncti
2939 1489 3214 1545 seniorum
3253 1488 3444 1561 Israel,
3475 1501 3657 1563 porta-

2047 1571 2245 1614 vernnt
2281 1560 2483 1616 Levita:
2511 1577 2721 1626 arcam,
2753 1571 2809 1616 et
2848 1562 3148 1618 intulerunt
3175 1575 3320 1630 eam,
3352 1572 3406 1618 et
3433 1560 3652 1620 omnem

2048 1641 2358 1701 paraturam
2392 1633 2751 1688 tabernaculi.
2911 1654 2916 1657 ν

2120 1701 2287 1756 Porro
2329 1719 2453 1760 vasa
2499 1705 2814 1770 sanctuarii,
2848 1720 2969 1776 quae
3009 1715 3168 1762 erant
3195 1705 3250 1762 in
3277 1705 3648 1776 tabernaculo,

1973 1806 2021 1867 Β
2051 1777 2742 1867 terrificet},aestates
2767 1775 3139 1867 etetkst'ttis:

2124 1844 2236 1900 ltex
2266 1861 2445 1902 autem
2474 1847 2752 1913 Salomon,
2779 1857 2834 1902 et
2865 1850 3149 1904 universus
3177 1858 3351 1906 cretus
3381 1849 3569 1914 Israel,
3596 1857 3652 1904 et

2051 1931 2242 1989 omnes
2281 1918 2370 1989 qui
2414 1921 2626 1974 l'uetant
2663 1921 2972 1989 congregati
3004 1931 3129 1974 aute
3159 1937 3364 1982 arcam,
3403 1921 3652 1976 immola-

2050 1985 2185 2060 bant
2220 1988 2443 2054 arietes,
2489 1999 2543 2043 et
2589 1990 2751 2044 boves
2774 1985 3000 2060 'absque
3042 1992 3150 2046 ullo
3193 2008 3420 2048 numero
3457 2011 3471 2048 :
3505 2002 3654 2052 tanta

2051 2059 2194 2114 enim
2225 2068 2343 2114 erat
2373 2061 2660 2114 multitudo
2689 2059 3060 2116 vietiinarum.

2123 2129 2192 2184 Et.
2223 2130 2522 2186 iutulerttnt
2549 2133 2863 2188 sacerdotes
2891 2147 3072 2188 arcam
3101 2131 3326 2189 fmtleris
3353 2133 3568 2189 Domini
3599 2135 3652 2192 iu

2051 2201 2230 2256 locum
2274 2217 2455 2261 suum.
2499 2203 2550 2257 id
2593 2214 2699 2268 est,
2733 2204 2798 2276 ad
2834 2205 3112 2259 oraculum
3143 2205 3350 2276 templi.
3381 2205 3433 2259 in
3464 2215 3652 2261 sancta

2051 2286 2359 2328 sanctorum
2386 2275 2574 2330 subter
2594 2277 2708 2330 alas
2731 2274 3012 2331 cherubim
3038 2293 3052 2330 :
3081 2279 3150 2331 ita
3182 2286 3241 2331 ut
3260 2274 3538 2333 cherubim
3564 2293 3663 2331 ex-

2051 2346 2353 2419 panderent
2381 2347 2494 2400 alas
2524 2363 2648 2401 suas
2679 2362 2843 2418 super
2871 2347 3070 2416 locum,
3101 2349 3154 2402 in
3195 2364 3306 2418 quo
3338 2349 3509 2419 posita
3535 2358 3657 2404 erat

2051 2431 2200 2490 arca,
2232 2427 2285 2470 et
2319 2417 2488 2487 ipsam
2515 2433 2697 2473 arcam
2741 2417 2990 2490 tegerent
3016 2435 3138 2474 cum
3167 2417 3411 2474 vectibus
3439 2421 3578 2490 ejus.

2122 2486 2371 2542 Vectiqu
2401 2499 2607 2557 autem,
2640 2486 2838 2560 quibus
2867 2491 3180 2559 portabatur
3199 2506 3348 2559 area,
3372 2486 3494 2559 quia
3521 2506 3654 2560 pau-

2051 2558 2219 2632 Iulum
2263 2561 2536 2632 longiores
2573 2558 2750 2628 erant,
2784 2558 2958 2632 capita
3001 2562 3262 2630 parebant
3299 2558 3424 2616 ante
3460 2558 3655 2617 oracus

2050 2631 2162 2685 ltnn
2199 2649 2211 2684 :
2243 2630 2290 2685 si
2321 2648 2448 2687 vero
2477 2634 2598 2701 quis
2637 2630 2914 2703 paululum
2942 2632 3134 2689 fuisset
3165 2637 3526 2702 extrinsecus,
3560 2647 3658 2690 eos

2052 2703 2238 2758 videre
2267 2718 2372 2758 non
2399 2713 2632 2774 poterat.
2847 2729 2849 2731 ί

2125 2775 2247 2829 Fuit
2277 2776 2458 2845 itaque
2485 2791 2608 2831 arca
2641 2777 2720 2832 ibi
2744 2791 2914 2847 usque
2947 2776 3002 2832 in
3035 2786 3362 2846 prtesentem
3388 2775 3532 2832 diem
3560 2792 3578 2833 :

2123 2847 2372 2916 Nihilque
2400 2856 2515 2902 erat
2540 2848 2683 2902 aliud
2717 2849 2770 2904 in
2803 2863 2952 2915 arca,
2984 2849 3089 2903 nisi
3113 2849 3235 2904 duae
3265 2847 3488 2914 tabulae,
3521 2863 3655 2919 quas

2054 2929 2314 2991 posuerat
2345 2919 2522 2974 Moses
2552 2919 2605 2975 in
2628 2921 2828 2984 Iloreb,
2855 2920 3074 2991 quando
3098 2920 3270 2991 legem
3295 2920 3446 2976 dedit
3471 2920 3656 2977 Domi-

2053 3003 2158 3043 nus
2186 2990 2312 3047 tiliis
2341 2991 2506 3046 Israel
2549 2990 2957 3062 egredientibus
2986 3008 3051 3047 ex
3084 2990 3340 3062 [Egyptm

2124 3062 2372 3132 Egressis
2398 3071 2577 3130 autem
2607 3063 2976 3120 sacerdotibus
2996 3066 3064 3119 de
3086 3065 3398 3119 sanctuario
3425 3082 3436 3117 :
3465 3079 3656 3120 omnes

2052 3133 2195 3188 enim
2235 3133 2565 3200 sacerdotes,
2593 3137 2684 3206 qui
2709 3134 2782 3190 ibi
2811 3143 3098 3205 potucrant
3125 3135 3378 3202 inveniri,
3410 3137 3649 3194 sanctiti-

1977 3193 2024 3257 C
2054 3206 2161 3260 cati
2188 3215 2315 3260 sunt
2344 3225 2356 3259 :

2126 3277 2234 3332 Nec
2261 3279 2439 3335 adhuc
2471 3279 2525 3333 in
2553 3278 2647 3332 illo
2678 3289 2923 3348 tempore
2947 3277 3117 3349 vices,
3146 3286 3202 3334 et
3224 3277 3655 3337 ministeriorum

2055 3350 2190 3403 ordo
2220 3350 2359 3405 inter
2379 3366 2475 3406 eos
2498 3349 2708 3405 divisus
2732 3360 2867 3404 erat.

2129 3421 2260 3476 'l‘am
2309 3421 2510 3478 Levita:
2560 3439 2720 3493 quam
2761 3434 3034 3493 (faittores,
3079 3420 3133 3477 id
3180 3431 3284 3489 est,
3331 3430 3387 3478 et
3423 3422 3515 3493 qui
3554 3424 3657 3481 sub

2054 3493 2236 3565 Asapb
2279 3507 2458 3564 erant,
2501 3505 2554 3551 et
2579 3492 2680 3564 qui
2712 3492 2816 3548 sub
2853 3492 3050 3559 Eruan,
3078 3504 3133 3550 et
3159 3494 3250 3565 qui
3282 3495 3381 3549 sub
3413 3495 3653 3562 ldithuu,

2056 3564 2178 3630 lilii,
2208 3575 2262 3619 et
2289 3566 2500 3637 t'ratres
2539 3581 2761 3637 eorum,
2789 3565 2970 3622 vestiti
2996 3564 3253 3637 byssinis,
3286 3566 3570 3637 cymbalis,
3603 3579 3660 3624 et

2058 3636 2347 3706 psalteriis,
2383 3647 2438 3692 ct
2457 3636 2680 3693 citharis
2704 3636 3130 3709 concrepabant,
3155 3636 3364 3709 stantes
3383 3637 3450 3693 ad
3472 3639 3656 3694 orien-

2059 3709 2220 3763 talem
2260 3709 2470 3778 plagam
2505 3709 2714 3775 altaris,
2748 3719 2802 3763 et
2837 3708 2962 3764 cum
2991 3710 3069 3764 eis
3097 3708 3409 3764 sacerdotes
3437 3719 3657 3770 centum

2062 3779 2253 3849 viginti
2283 3793 2545 3836 canentes
2589 3781 2750 3835 tubis.
3611 3829 3615 3832 .

2127 3849 2297 3926 Igitur
2340 3854 2549 3926 cunctis
2604 3852 2824 3926 pariter,
2869 3861 2926 3926 et
2967 3851 3131 3926 tubis,
3161 3859 3216 3908 et
3242 3866 3398 3926 voce,
3427 3861 3483 3908 et
3509 3867 3662 3926 cym-

2055 3922 2216 3988 balis,
2245 3933 2298 3979 et
2333 3925 2575 3994 organis,
2609 3934 2665 3980 et
2693 3923 2893 3980 diversi
2923 3924 3138 3992 generis
3170 3925 3500 3980 musicorum
3529 3922 3659 3982 con-

2056 3995 2485 4070 ciueutibusret
2529 4011 2718 4053 vocem
2761 3999 2816 4051 in
2855 3995 3086 4051 sublime
3121 3995 3455 4064 tollentibus,
3497 3997 3658 4070 longe

2057 4068 2268 4122 sonitus
2294 4069 2647 4135 audiebatur;

2130 4137 2206 4193 Ita
2231 4149 2290 4194 ut
2313 4158 2432 4194 cum
2465 4140 2751 4195 Dominum
2778 4137 2998 4194 laudare
3021 4139 3337 4208 coepissent,
3361 4146 3416 4193 et
3436 4137 3653 4197 dicere:

2056 4206 2396 4266 Coutitemini
2448 4213 2675 4267 Domino
2725 4212 2978 4280 quooiam
3033 4206 3237 4278 bonus,
3287 4210 3544 4279 quoniam
3598 4216 3652 4271 in

2059 4296 2322 4337 aeternum
2362 4281 2736 4338 misericordia
2769 4283 2927 4349 ejus,
2970 4281 3290 4350 impleretur
3328 4281 3522 4338 domus
3566 4284 3661 4340 Dei

2059 4354 2226 4420 nube,
2281 4371 2378 4410 nec
2425 4362 2650 4425 possent
2691 4352 3004 4408 sacerdotes
3044 4364 3208 4418 stare,
3251 4363 3306 4408 et
3343 4352 3657 4414 ministrare

2059 4437 2285 4496 propter
2317 4427 2624 4496 caliginem.

2131 4493 2509 4566 compleverat
2535 4497 2680 4551 enim
2705 4495 2876 4566 gloria
2904 4493 3119 4550 Domini
3139 4494 3360 4551 domum
3389 4495 3508 4552 Dei.

2135 4567 2286 4640 [ϐαρ.
2323 4568 2433 4636 \‘I.|
2460 4568 2614 4640 Tunc
2652 4568 2908 4624 Salomon
2939 4566 3017 4621 ait
3051 4584 3063 4620 :
3095 4567 3356 4623 Dominus
3387 4569 3654 4636 pollicitus

2062 4649 2165 4704 est;
2190 4639 2249 4694 ut
2275 4641 2540 4696 habitaret
2563 4639 2616 4695 in
2645 4640 2910 4710 ca'igiue:
2937 4654 3038 4708 ego
3064 4647 3245 4695 autem
3273 4639 3537 4696 :nditicavi
3560 4643 3658 4698 do-

2063 4726 2210 4765 mum
2238 4711 2440 4767 uomiui
2469 4713 2608 4783 ejus,
2635 4719 2694 4767 ut
2722 4713 2987 4767 habitaret
3015 4711 3088 4765 ibi
3117 4710 3172 4766 in
3201 4723 3544 4781 perpetuum.

2138 4783 2202 4837 Et
2240 4785 2508 4838 convertit
2545 4799 2643 4838 rex
2689 4787 2879 4839 [aciem
2925 4797 3098 4849 suam,
3139 4791 3196 4838 et
3219 4783 3498 4838 benedixit
3531 4784 3658 4839 uni-

2064 4869 2232 4910 versa:
2262 4854 2594 4912 multitudini
2617 4855 2802 4925 Israel,
2833 4870 2954 4911 nam
2980 4856 3162 4910 omnis
3189 4854 3348 4910 turba
3373 4854 3554 4911 stabat
3573 4857 3655 4912 iu-

2062 4935 2231 4984 tenta.
2260 4937 2313 4981 et
2337 4929 2408 4982 ait
2434 4943 2449 4982 :

2483 4999 2744 5056 Dominus
2769 4997 2913 5054 Deus
2939 4996 3128 5063 Israel,
3155 4998 3244 5068 qui
3271 4996 3416 5066 quod
3442 4997 3657 5056 locutus

2060 5081 2144 5128 est
2173 5071 2338 5127 David
2366 5073 2505 5142 patri
2529 5085 2675 5136 meo,
2703 5085 2868 5140 opere
2894 5069 3209 5142 complevit,
3239 5071 3426 5125 dicens
3441 5087 3470 5142 Δε

2134 5145 2178 5199 A
2200 5143 2308 5209 die,
2357 5140 2459 5213 qua
2491 5143 2653 5200 eduxi
2675 5143 2932 5214 populum
2958 5157 3137 5214 meum
3150 5141 3230 5214 de
3251 5151 3394 5214 terra
3414 5140 3655 5214 Egypti,

2064 5229 2170 5270 non
2209 5214 2350 5286 elegi
2377 5212 2781 5271 civitatem'de
2818 5212 3029 5270 cunctis
3073 5212 3321 5269 tribubus
3359 5212 3570 5282 Israel,
3599 5225 3659 5270 ut

2064 5285 2425 5344 atditicaretur
2453 5287 2509 5342 in
2537 5303 2602 5343 ea
2640 5286 2836 5342 domus
2862 5285 3067 5340 nomini
3095 5299 3218 5340 meo
3243 5303 3256 5339 :

2135 5360 2319 5428 Neque
2355 5359 2492 5429 elegi
2519 5373 2845 5430 quemquam
2867 5359 3031 5414 alium
3065 5359 3258 5426 virum,
3287 5367 3345 5413 ut
3371 5365 3523 5415 esset
3547 5356 3656 5414 dux

2066 5430 2118 5486 in
2148 5433 2342 5501 populo
2368 5447 2490 5486 meo
2513 5430 2708 5496 Israel;

2136 5503 2412 5576 Scilelegi
2436 5503 2759 5568 Jerusalem,
2793 5513 2851 5558 ut
2875 5505 2944 5560 sit
2965 5519 3162 5560 nomen
3189 5517 3370 5559 meum
3401 5501 3457 5556 in
3484 5515 3570 5576 ea,
3602 5508 3658 5556 et

2064 5575 2203 5646 elegi
2243 5572 2433 5644 David,
2480 5586 2539 5630 ut
2585 5577 2974 5633 constituerem
3020 5591 3145 5634 eum
3193 5589 3358 5645 super
3399 5572 3658 5644 populum

2064 5662 2243 5702 meum
2274 5648 2464 5703 Israel.

2136 5721 2378 5788 Cumque
2420 5718 2610 5774 fuisset
2654 5720 2951 5776 \‘olutitatis
2993 5718 3158 5776 David
3211 5717 3378 5788 patris
3423 5717 3551 5780 mei.
3600 5723 3658 5770 ut

2065 5791 2356 5860 arditiearet
2397 5791 2615 5847 doumm
2659 5793 2860 5848 uoruiui
2910 5791 3126 5848 Domini
3168 5791 3262 5845 Dei
3303 5788 3490 5854 Israel,
3525 5790 3661 5843 dixit

2068 5863 2326 5922 Dominus
2367 5862 2433 5920 ad
2476 5880 2596 5923 eum
2642 5881 2656 5921 :
2699 5865 2836 5934 Quia
2879 5865 2993 5921 haec
3039 5862 3140 5921 fuit
3180 5863 3427 5920 voluntas
3457 5869 3568 5932 tua,
3600 5867 3661 5918 ut
