4062 6348
469 347 493 405 I
505 344 610 404 367

1469 334 1528 395 Β.
1571 333 1952 395 IIIERONYMI
1991 335 2226 398 DIVINA
2265 332 2743 396 BIBLIOTIIECA.

3636 331 3779 393 1588

475 458 778 515 mdiiicares
810 455 1033 514 domum
1059 453 1265 514 nomini
1287 447 1450 516 "meo,
1480 450 1620 508 bene
1649 449 1868 522 quidem
1900 450 2073 507 fecisti
2099 453 2154 514 Α
2251 451 2331 506 Tu
2355 451 2501 508 enim
2529 449 2680 507 solus
2710 448 2856 506 nosti
2877 448 3041 506 corda
3071 447 3306 506 ﬁliorum
3326 447 3632 506 hominum.

482 531 818 587 voluntatem
863 529 1064 586 habere
1093 523 1474 597 hujuscemodi
1510 540 1524 581 :
1560 523 1656 597 sed
1687 538 1792 578 non
1818 531 1881 597 tu
1907 522 2077 597 aedili-

481 603 632 657 cahis
675 602 896 657 domum
943 620 954 656 :
992 594 1179 656 verum
1208 598 1352 654 ﬁlius
1381 605 1524 663 tuus,
1552 595 1645 666 qui
1672 594 1982 665 egredietur
2009 595 2078 651 de

481 673 680 730 lumbis
713 675 986 744 tuis,'ipse
1025 669 1313 744 :ediiicabit
1338 669 1558 722 domutn
1591 668 1791 722 nomini
1823 682 1965 722 meo.

553 744 856 814 Complevit
892 741 1028 816 ergo
1068 741 1329 798 Dominus
1369 753 1685 816 sermonem
1705 754 1886 816 suum,
1915 753 2076 810 quem

480 809 706 872 locutus
729 818 904 871 fuerat
931 809 1028 870 z'et
1057 829 1159 884 ego
1186 812 1396 868 surrexi
1427 826 1530 881 pro
1551 809 1724 884 David
1753 819 1913 884 patre
1933 809 2074 884 meo,

477 897 536 944 et
557 887 673 943 sedi
697 901 862 958 super
890 882 1145 942 thronum
1169 884 1356 952 Israel,
1389 882 1759 958 sicut_locu_tu‘s
1772 891 1866 958 _est
1888 882 2075 958 Domi-

482 975 584 1014 nus
620 977 633 1012 :
667 967 718 1013 et
744 953 1008 1016 aidiiicavi
1037 959 1259 1012 domum
1291 955 1496 1011 nomini
1527 954 1740 1009 Domini
1771 955 1864 1008 Dei
1895 953 2075 1009 Israel.

556 1032 621 1084 Et
654 1032 806 1100 posui
835 1033 889 1084 in
915 1046 978 1086 ea
1010 1045 1216 1094 arcam,
1252 1029 1303 1082 in
1337 1042 1443 1097 qua
1472 1036 1556 1084 est
1586 1024 2070 1097 pactumeomini,

478 1103 622 1172 quod
665 1103 870 1173 pepigit
895 1118 1017 1157 cum
1050 1103 1177 1157 liliis
1214 1100 1401 1173 Israel.

550 1167 711 1230 Stetit
736 1167 878 1243 'er'go
917 1190 1098 1228 coram
1141 1172 1301 1226 altari
1349 1169 1561 1243 Domini
1602 1185 1671 1224 ex
1699 1168 1928 1224 adverso
1959 1167 2080 1222 uni-

476 1259 653 1300 versa:
685 1240 1042 1300 multitudinis
1072 1243 1256 1307 Israel,
1287 1251 1341 1297 et
1365 1240 1613 1296 extendit
1638 1256 1833 1295 manus
1857 1255 2005 1295 suas.

549 1315 828 1386 Siquidem
874 1317 1078 1372 fecerat
1119 1316 1375 1372 Salomon
1426 1313 1596 1386 basim
1631 1328 1859 1378 aeneam,
1892 1323 1948 1386 et
1978 1327 2076 1381 po-

480 1385 664 1444 suerat
705 1403 824 1444 eam
866 1388 922 1444 in
964 1387 1144 1442 medio
1186 1385 1456 1450 basilicae,
1502 1385 1794 1440 habentem
1840 1385 2081 1454 quinque

479 1459 694 1515 cubitos
731 1459 1108 1529 longitudinis,
1141 1466 1197 1512 et
1235 1457 1474 1529 quinque
1510 1457 1730 1513 cubitos
1753 1455 2077 1523 latitudinis,

481 1540 537 1587 et
567 1539 677 1585 tres
706 1531 920 1588 cubitos
945 1529 1276 1591 altitudinis.

554 1601 824 1671 Stetitque
869 1619 1034 1674 super
1074 1617 1205 1674 eam
1237 1618 1251 1658 :
1293 1611 1348 1674 et
1376 1598 1824 1674 dein_ceps_ﬂexis
1849 1598 2081 1674 genibus

479 1683 670 1729 contra
697 1670 1008 1730 universam
1055 1673 1462 1729 multitudinem
1495 1670 1685 1741 Israel,
1711 1679 1768 1728 et
1793 1670 1986 1742 palmis
2027 1671 2082 1724 in

477 1745 678 1800 coelum
710 1745 924 1810 levatis,
950 1747 1026 1802 ait
1054 1763 1068 1800 :

552 1816 778 1872 Domine
823 1818 963 1873 Deus
1005 1817 1190 1884 Israel,
1234 1833 1340 1872 non
1371 1827 1454 1872 cst
1503 1815 1694 1871 similis
1744 1813 1821 1870 tui
1859 1813 2001 1868 Deus
2028 1812 2080 1868 in

478 1887 622 1945 cmlo
645 1898 700 1944 et
730 1890 784 1944 in
833 1897 976 1943 terra
1011 1909 1022 1943 :
1056 1891 1146 1960 qui
1174 1891 1413 1943 custodis
1442 1896 1659 1956 pactum
1691 1896 1748 1941 et
1777 1884 2086 1960 misericor-

480 1960 623 2031 diam
653 1974 776 2014 cum
807 1961 978 2016 servis
1003 1957 1132 2029 tuis,
1166 1961 1257 2031 qui
1287 1960 1570 2014 ambulant
1591 1973 1777 2014 coram
1805 1966 1857 2013 te
1883 1957 1936 2010 in
1970 1964 2085 2012 toto

481 2030 648 2088 corde
672 2047 772 2088 suo
797 2048 812 2087 :

555 2103 657 2168 Qui
701 2100 1002 2172 praestitisti
1047 2115 1206 2157 servo
1250 2111 1342 2158 tuo
1382 2102 1546 2156 David
1597 2099 1736 2171 patri
1778 2114 1902 2154 meo
1939 2113 2087 2167 qua:-

483 2170 716 2241 cumque
744 2173 954 2242 locutus
982 2170 1161 2228 fueras
1205 2175 1254 2228 ei
1301 2192 1312 2227 :
1358 2183 1412 2228 et
1455 2189 1573 2242 qua}
1601 2170 1697 2227 ere
1729 2171 2082 2240 promiseras,

482 2258 651 2314 opere
676 2241 984 2313 complesti,
1016 2244 1158 2299 sicut
1185 2255 1239 2300 et
1270 2241 1510 2314 prmscn’s
1535 2255 1743 2312 tempus
1768 2243 1976 2312 probat.

558 2313 715 2386 Nunc
755 2331 921 2386 ergo,
952 2315 1182 2386 Domine
1210 2313 1353 2371 Deus
1380 2315 1568 2382 Israel,
1601 2314 1765 2383 imple
1793 2322 2085 2386 servogtuo

483 2385 770 2458 patrimeo
795 2383 1336 2458 Davidquzecumque
1363 2387 1576 2444 loeutus
1605 2401 1686 2454 es,
1713 2386 1938 2440 dicens:
1959 2383 2082 2458 _Non

483 2456 699 2529 deficiet
745 2473 813 2513 ex
848 2469 899 2512 te
927 2455 1016 2512 vir
1037 2473 1220 2513 coram
1250 2455 1371 2518 'me.
1404 2460 1494 2529 qui
1525 2457 1708 2513 sedeat
1735 2472 1900 2529 super
1921 2455 2084 2529 _thro-

481 2543 613 2583 num
656 2527 821 2584 Israel
869 2545 883 2583 :
930 2529 1006 2582 ita
1057 2538 1236 2586 tamen
1265 2531 1311 2585 si
1341 2527 1697 2586 custodierint
1730 2527 1826 2581 lilii
1858 2527 1933 2581 ιιιί
1968 2529 2083 2582 vias

481 2613 632 2672 suas,
660 2608 715 2654 et
742 2600 1142 2657 ambulaverint
1167 2603 1220 2656 in
1249 2601 1365 2672 lege
1392 2616 1534 2669 mea,
1561 2601 1702 2656 sicut
1725 2608 1780 2654 et
1806 2607 1861 2654 tu
1889 2598 2080 2654 ambu-

484 2670 614 2726 Iasti
642 2687 824 2725 coram
858 2687 965 2726 me.

557 2741 626 2796 Et
647 2758 810 2809 nunc,
838 2742 1067 2798 Domine
1091 2744 1232 2800 Deus
1257 2744 1445 2810 Israel,
1471 2745 1715 2800 ﬁrmetur
1736 2755 1916 2798 sermo
1937 2750 2078 2808 tuus,

481 2827 644 2885 quem
674 2814 888 2870 locutus
918 2830 979 2869 es
1008 2830 1168 2870 servo
1209 2826 1299 2869 tuo
1325 2817 1511 2872 David.

559 2884 778 2955 Ergone
803 2885 1061 2941 credibile
1089 2899 1172 2943 est
1201 2897 1255 2940 ut
1291 2888 1494 2943 habitet
1521 2888 1664 2941 Deus
1694 2900 1815 2940 cum
1849 2886 2079 2941 homini-

484 2955 777 3027 bussuper
809 2957 1051 3012 terram?
1079 2957 1134 3014 Si
1157 2959 1355 3015 ccelum
1383 2969 1438 3014 et
1463 2961 1584 3016 r-(eli
1611 2958 1873 3013 cmlorutn
1898 2973 2002 3012 non
2029 2968 2081 3012 te

485 3026 728 3101 capiunt,
755 3038 962 3101 quanto
991 3033 1164 3099 magis
1189 3032 1382 3085 domus
1412 3032 1535 3097 ista,
1567 3045 1726 3101 quam
1770 3029 2030 3084 tedil‘tcavi
2057 3031 2080 3084 ἲ

560 3098 669 3154 Sed
698 3098 789 3155 adi
817 3102 918 3155 hoc
959 3098 1162 3155 tantum
1206 3102 1341 3156 facta
1372 3113 1476 3169 est,
1508 3113 1564 3156 ut
1585 3098 1852 3170 respicias
1877 3102 2078 3156 oratio-

486 3184 614 3225 nem
645 3171 788 3227 servi
818 3171 914 3239 tui,
945 3181 1000 3227 et
1038 3173 1472 3229 obseCrationem
1503 3175 1642 3243 ejus,
1673 3174 1895 3227 Domine
1936 3173 2078 3227 Deus

486 3256 645 3296 meus
687 3261 698 3295 Σ

459 3341 462 3344 ~
489 3327 676 3387 coram
707 3323 780 3380 te,
811 3325 871 3370 ut
897 3315 1110 3387 aperias
1136 3315 1467 3371 oculostuos
1492 3333 1655 3387 super
1676 3316 1893 3370 domum
1923 3316 2079 3371 istam

490 3383 684 3458 diebus
711 3395 767 3441 et
793 3386 1065 3452 noctibus,
1089 3403 1250 3458 super
1275 3389 1474 3454 locum,
1501 3383 1682 3457 in'quo
1707 3387 1974 3457 pollicitus
1996 3404 2076 3457 es,

453 3475 456 3486 -
490 3464 548 3509 ut
573 3456 918 3514 invocaretur
940 3473 1137 3514 nomen
1159 3456 1334 3525 tuum,
1363 3469 1420 3516 et
1442 3456 1730 3514 exaudires
1751 3456 2076 3528 orationem,

457 3560 462 3572 -
486 3541 650 3602 quam
679 3543 869 3584 servus
898 3538 1021 3584 tuus
1046 3542 1168 3588 orat
1191 3531 1244 3586 in
1275 3547 1341 3588 eo
1373 3548 1386 3585 :
1416 3542 1469 3588 et
1499 3532 1757 3586 exaudias
1785 3546 1973 3602 preces
2002 3531 2081 3585 fa-

440 3606 444 3612 '
488 3597 624 3672 muli
650 3603 732 3672 tui
763 3612 814 3655 et
844 3603 1021 3672 pepuli
1052 3603 1126 3656 tui
1154 3604 1339 3658 Israel.

559 3670 898 3742 Quicumque
917 3670 1163 3729 oraverit
1188 3675 1241 3729 in
1271 3675 1390 3730 loco
1433 3673 1540 3729 isto
1565 3720 1578 3741 ,
1610 3674 1810 3730 exaudi
1836 3673 1902 3729 de
1927 3673 2076 3730 habi-

491 3740 668 3821 tacqu
697 3740 823 3804 tuo,
849 3743 1061 3821 idest,
1082 3745 1150 3821 de
1179 3748 1366 3821 ctelis,
1401 3757 1454 3800 et
1483 3740 1793 3821 prdpitiare.

562 3812 618 3866 Si
645 3815 954 3881 peccaverit
973 3813 1240 3884 quiSpiam
1268 3817 1320 3871 itt
1352 3812 1660 3884 proximum
1691 3833 1880 3881 suum,
1917 3828 1971 3872 et
1994 3818 2081 3887 ju-

491 3895 614 3936 rarc
641 3891 997 3962 contracum
1043 3888 1533 3962 paratusveucrit,
1583 3903 1748 3958 seque
1787 3889 2078 3944 maledicto

491 3956 885 4010 constrinxerit
915 3973 1096 4011 coram
1134 3959 1289 4012 altari
1336 3963 1386 4013 iti
1420 3961 1582 4014 domo
1621 3956 1719 4014 ista
1749 3978 1760 4012 :
1797 3972 1850 4013 ιιι
1890 3962 2078 4017 audies

489 4022 560 4078 de
577 4025 744 4097 cutio,
769 4035 824 4080 et
853 4028 1015 4081 facies
1034 4028 1296 4097 judicium
1326 4045 1605 4084 servorum
1633 4042 1846 4084 tuorum
1882 4050 1894 4086 :
1926 4034 1996 4087 ita
2021 4043 2080 4087 ut

490 4095 690 4171 reddas
722 4096 907 4171 iniquo
932 4095 1068 4153 viam
1093 4116 1244 4154 suam
1271 4101 1321 4155 in
1365 4112 1529 4169 caput
1564 4104 1840 4170 proprium
1869 4148 1883 4171 ,
1916 4115 1970 4158 et
1999 4107 2080 4158 ul-

488 4167 714 4227 ciscaris
751 4167 1004 4240 justum,
1047 4171 1353 4228 retribueus
1391 4167 1447 4226 ei
1477 4167 1771 4227 secundum
1809 4167 2076 4244 justitiam

483 4251 662 4294 suam.

564 4311 624 4366 Si
653 4323 940 4385 superatus
961 4311 1121 4370 fuerit
1146 4315 1375 4385 populus
1401 4322 1524 4369 tuus
1550 4314 1711 4370 Israel
1745 4317 1813 4370 ah
1844 4316 2077 4373 inimicis

491 4380 840 4462 (_peccabun_t
865 4385 1008 4440 enim
1033 4380 1185 4462 tibi),
1215 4380 1272 4442 et
1297 4388 1544 4442 conversi
1571 4389 1777 4462 egerint
1809 4390 2078 4462 pceuiten-

490 4455 622 4507 tiam
648 4498 663 4522 ,
696 4463 752 4510 et
775 4455 1180 4512 obsecraverint
1223 4475 1420 4514 nomen
1453 4455 1642 4524 tuum,
1673 4470 1727 4514 et
1758 4455 1955 4515 iuerint
1983 4461 2076 4516 de-

490 4526 697 4592 precati
720 4525 772 4580 in
801 4526 922 4602 loco
953 4529 1159 4602 isto,_tu
1186 4530 1385 4602 exaudi
1417 4529 1484 4583 de
1506 4530 1671 4602 caelo,
1704 4543 1758 4585 et
1782 4534 2074 4602 prepitiare

484 4604 714 4682 peccato
738 4598 922 4682 populi
946 4600 1048 4680 ἰιιὶ
1079 4599 1241 4682 Israel
1267 4645 1301 4682 ,_
1325 4612 1378 4656 et
1425 4601 1589 4656 reduc
1641 4617 1737 4658 eos
1775 4598 1828 4658 itt
1873 4598 2072 4682 terram
2104 4623 2153 4682 υ

490 4681 652 4739 quam
682 4668 878 4724 dedisti
909 4669 989 4724 eis
1009 4712 1024 4736 ,
1057 4681 1114 4725 et
1147 4672 1388 4739 patribus
1433 4687 1643 4727 eorum.

564 4737 849 4816 Si,g_clauso
869 4742 1026 4804 cmlo,
1049 4737 1228 4816 pluvia
1253 4760 1356 4796 non
1382 4742 1594 4798 fluxerit
1617 4754 1833 4815 propter
1854 4759 2072 4816 peccata

489 4811 698 4890 populi,
731 4821 789 4890 et_
813 4811 1083 4890 deprecati
1117 4825 1169 4868 te
1209 4816 1412 4890 fuerint
1451 4818 1500 4868 iu
1529 4811 1649 4890 loco
1678 4811 1784 4890 isto
1809 4859 1823 4883 ,
1856 4811 1914 4872 et
1945 4835 2076 4875 cou-

482 4878 615 4954 fessi
645 4881 852 4954 nomini
879 4878 992 4948 tuo,
1024 4896 1074 4939 et
1096 4887 1342 4941 conversi
1367 4902 1395 4938 a
1421 4887 1658 4954 peccatis
1679 4878 1954 4954 suis,'eum
1977 4909 2072 4946 eos

485 4949 764 5020 afﬂixeris,
793 4955 989 5011 exaudi
1021 4955 1088 5012 de
1117 4958 1258 5012 coelo
1283 4999 1297 5020 ,
1329 4949 1555 5013 Domine
1579 5000 1594 5026 ,
1627 4971 1681 5014 et
1703 4949 1918 5015 dimitte
1947 4979 2075 5029 pee-

486 5031 604 5097 cata
628 5030 799 5082 servis
831 5030 937 5083 tuis
957 5037 1014 5083 et
1044 5031 1223 5097 populi
1243 5031 1316 5083 tui
1351 5029 1536 5096 Israel,
1567 5042 1619 5085 et
1649 5031 1786 5086 doce
1813 5049 1907 5087 eos
1931 5035 2070 5092 viam

485 5093 711 5178 bonam,
726 5113 823 5178 per
842 5115 1002 5178 quam
1027 5093 1397 5178 ingrediantur
1423 5119 1434 5156 :
1460 5093 1601 5178 etda
1628 5105 1858 5171 pluviam
1887 5114 2068 5178 terrae,

485 5177 650 5243 quam
681 5168 878 5243 dediin
905 5168 1102 5240 pepqu
1132 5181 1225 5227 tuo
1251 5175 1316 5226 ad
1352 5168 1758 5243 possidendum.

559 5234 755 5292 Fames
796 5241 841 5295 si
871 5234 989 5297 orta
1021 5244 1182 5298 fuerit
1219 5246 1274 5299 in
1311 5234 1456 5300 terra
1483 5287 1496 5307 ,
1531 5256 1586 5300 et
1617 5248 1926 5315 pestilentia
1953 5293 1966 5313 .
1999 5267 2071 5306 aa-

483 5315 724 5393 rugo,‘et
747 5325 988 5393 aurugo,
1020 5323 1074 5369 ct
1105 5316 1313 5372 locusta
1339 5363 1360 5393 ,Α
1384 5328 1438 5372 et
1468 5319 1723 5393 bruchus,
1756 5333 1809 5376 et
1841 5323 2026 5379 hostes
2053 5366 2068 5391 ,

486 5386 715 5458 vastatis
740 5386 1071 5458 regionibus,
1098 5398 1282 5457 portas
1311 5390 1629 5444 obsederint
1652 5393 1888 5447 civitatis
1907 5437 1923 5457 ,
1951 5386 2070 5449 om;

483 5451 678 5536 nisque
707 5451 861 5536 plaga
886 5451 1262 5536 et_inli_rin_itas
1304 5463 1567 5530 presserit
1599 5482 1610 5516 :
1646 5464 1690 5518 si
1724 5465 1842 5532 quis
1875 5451 1941 5520 de
1969 5483 2066 5536 po-

479 5521 611 5608 pulo
630 5532 728 5608 tuo
753 5521 915 5608 Israel
939 5527 1097 5582 fuerit
1125 5521 1480 5608 deprecatus,
1499 5521 1830 5603 cognoscens
1853 5521 2063 5607 plagam

481 5601 537 5672 et
567 5595 934 5672 infirmitatem
973 5614 1157 5665 suam,
1186 5595 1240 5656 et
1272 5595 1594 5672 expanderii
1632 5623 1826 5663 manus
1853 5595 1979 5665 suas
2014 5613 2064 5665 in

481 5663 646 5751 domo
675 5669 811 5751 hac,
849 5681 904 5725 ιιι
946 5663 1151 5726 exaudi
1185 5674 1252 5751 de
1278 5663 1456 5751 perclo,
1490 5677 1558 5732 de
1602 5679 1820 5734 sublimi
1860 5663 2068 5738 scilicet

475 5739 788 5824 habitaculo
828 5754 920 5824 tuo
949 5787 962 5813 ,
1005 5753 1060 5800 et
1094 5749 1388 5816 prOpitiare
1414 5739 1524 5814 ,iet
1563 5753 1728 5807 redde
1772 5755 2066 5824 unicuique

476 5813 775 5938 ggpgudtun
817 5817 930 5874 vias
982 5813 1148 5885 suas,
1200 5813 1340 5891 uuas
1395 5813 1536 5879 nosti
1581 5839 1704 5881 eum
1756 5813 2066 5883 habere'iu

607 5900 637 5938 (Β
666 5902 762 5938 SUO
795 5906 808 5938 Σ

471 5895 637 5942 COI‘IIC
665 5902 762 5946 SUO
795 5906 808 5943 ε

2252 523 2324 580 Ut
2367 523 2592 578 timeant
2634 530 2725 587 te,
2771 531 2826 578 et
2868 522 3146 578 ambulent
3190 523 3243 578 in
3281 523 3385 577 viis
3423 522 3532 578 tuis
3570 521 3780 578 cunctis

2181 594 2396 661 diebus,
2427 595 2621 663 quibus
2647 593 2836 649 vivunt
2862 610 3026 666 super
3052 594 3245 650 faciem
3276 604 3461 661 terrzc,
3488 609 3655 665 quam
3685 593 3778 650 de-

2180 667 2310 722 disti
2343 666 2593 737 patrihus
2625 667 2845 721 nostris.

2257 740 2550 793 Externum
2594 752 2809 809 quoque
2838 778 2854 804 ,
2906 738 2996 808 qui
3039 753 3144 794 non
3193 748 3280 795 est
3324 738 3392 794 de
3439 738 3643 809 popqu
3689 748 3780 792 tuo

2186 809 2371 878 Israel,
2402 811 2446 865 si
2476 810 2689 865 venerit
2712 808 2782 865 de
2812 818 2954 865 terra
2985 810 3306 881 longinqua,
3332 808 3556 880 propter
3578 826 3777 865 nomen

2183 889 2334 936 tuum
2364 896 2644 952 magnum,
2671 889 2729 936 et
2758 895 2980 952 prepter
3011 898 3229 936 manum
3262 892 3408 936 tuam
3445 881 3730 937 robustam
3758 927 3774 951 ,

2181 962 2236 1008 et
2261 952 2545 1008 brachium
2574 961 2724 1013 tuum
2750 962 3053 1018 extentum,
3077 965 3131 1009 et
3158 954 3401 1008 oraverit
3434 956 3486 1008 in
3509 954 3628 1008 loco
3651 955 3776 1015 isto,

2182 1033 2239 1078 tu
2287 1025 2543 1080 exaudies
2584 1025 2674 1080 de'
2697 1027 2836 1081 (mlo
2871 1025 3184 1080 ﬁrmissimo
3215 1026 3523 1081 habitacqu
3556 1033 3648 1079 tuo
3672 1066 3688 1091 ,
3727 1034 3785 1079 et

2180 1095 2348 1153 facies
2374 1105 2565 1152 cuncta
2593 1138 2609 1161 ,
2654 1112 2755 1166 pro
2793 1099 2990 1166 quibus
3033 1096 3370 1152 invocaverit
3411 1107 3462 1152 te
3494 1097 3586 1152 ille
3626 1113 3784 1166 pere-

2181 1168 2368 1236 grinus
2395 1185 2407 1220 :
2437 1183 2492 1222 ιιι
2519 1169 2693 1224 sciant
2721 1183 2909 1224 omnes
2955 1169 3140 1240 populi
3174 1178 3334 1224 terrae
3363 1183 3561 1224 nomen
3603 1178 3778 1232 tuum,

2181 1249 2238 1293 ct
2269 1242 2494 1295 timeant
2539 1249 2591 1295 te
2630 1240 2770 1296 sicut
2811 1242 3042 1311 populus
3086 1249 3209 1296 tuus
3245 1240 3447 1308 Israel,
3483 1250 3539 1295 et
3583 1254 3784 1310 cogno-

2183 1319 2360 1378 scaut,
2382 1316 2506 1380 quia
2537 1326 2733 1367 nomen
2754 1322 2904 1367 tuum
2929 1313 3236 1368 invocatum
3263 1323 3531 1382 cstsuper
3559 1312 3780 1366 donuuu

2185 1384 2324 1438 hanc
2348 1425 2362 1448 ,
2387 1398 2549 1454 quam
2583 1383 2869 1440 aedificavi.

2252 1454 2310 1508 Si
2337 1469 2594 1524 egressus
2625 1455 2790 1512 fuerit
2835 1455 3065 1526 populus
3098 1465 3223 1510 tuus
3249 1455 3315 1510 ad
3348 1455 3552 1511 bellum
3588 1465 3780 1510 contra

2181 1525 2526 1599 adversarios
2555 1541 2685 1582 suos
2715 1543 2811 1596 per
2840 1525 2981 1582 viam
3015 1528 3067 1582 in
3100 1543 3205 1599 qua
3235 1527 3450 1583 miseris
3473 1541 3571 1582 eos
3600 1569 3614 1592 ,
3648 1527 3783 1580 ado-

2183 1598 2381 1654 rabunt
2408 1607 2462 1654 te
2487 1607 2676 1653 contra
2699 1599 2874 1666 viam,
2907 1601 2960 1654 itt
2983 1616 3087 1668 qua
3112 1598 3308 1655 eivitas
3333 1599 3450 1653 hrec
3481 1608 3588 1664 est,
3619 1615 3782 1669 quam

2185 1670 2396 1738 elegisti
2416 1711 2430 1735 ,
2459 1680 2515 1725 et
2538 1669 2766 1737 domus,
2811 1687 2974 1740 quam
3001 1671 3270 1726 aediﬁcavi
3301 1669 3507 1726 nomini
3538 1679 3631 1726 tuo
3668 1689 3679 1722 τ
3727 1682 3782 1724 ιιι

2185 1743 2445 1797 exaudies
2471 1741 2538 1797 de
2566 1741 2707 1798 ccelo
2739 1758 2930 1814 preces
2958 1757 3149 1798 eorum
3171 1784 3187 1810 ,
3216 1751 3273 1798 et
3296 1741 3741 1799 obsecrationem
3766 1785 3782 1811 ,

2113 1843 2164 1906 Β
2187 1821 2242 1868 et
2262 1814 2576 1906 ulciscaris.

2261 1887 2314 1939 Si
2347 1894 2525 1940 autem
2556 1885 2902 1956 peccaverint
2936 1885 3028 1940 tibi
3058 1886 3273 1953 (neque
3297 1886 3443 1942 enim
3479 1895 3565 1941 est
3595 1885 3784 1950 homo,

2189 1956 2284 2027 qui
2311 1973 2417 2012 non
2444 1956 2652 2027 peccet)
2679 1967 2734 2012 et
2763 1959 2932 2012 iratus
2962 1957 3127 2012 fueris
3154 1958 3256 2021 eis,
3284 1967 3336 2012 et
3368 1957 3665 2013 tradideris
3689 1959 3786 2010 ho-

2187 2030 2365 2084 stibus
2390 2071 2406 2095 ,
2434 2037 2490 2084 et
2516 2029 2760 2098 captivos
2789 2043 2885 2084 eos
2924 2029 3187 2084 duxerint
3224 2031 3278 2084 in
3321 2041 3519 2085 terram
3572 2029 3785 2097 longin-

2187 2115 2372 2170 quam,
2402 2100 2484 2155 vel
2508 2112 2807 2172 certequa:
2838 2100 2986 2172 juxta
3017 2111 3099 2156 est
3127 2142 3140 2165 ,
3167 2110 3222 2155 et
3251 2103 3508 2156 c0uversi
3537 2100 3592 2155 itt
3619 2102 3785 2154 corde

2188 2186 2308 2237 suo,
2338 2175 2388 2225 iu
2420 2181 2587 2236 terra,
2611 2171 2677 2226 ad
2703 2187 2863 2240 quam
2896 2173 3096 2243 captivi
3127 2173 3273 2243 ducti
3301 2172 3544 2236 fuerant,
3572 2174 3784 2242 egerint

2190 2245 2564 2312 paenitentiam
2587 2284 2602 2307 ,
2638 2252 2694 2299 et
2719 2242 2992 2313 deprecati
3025 2255 3076 2299 te
3117 2242 3316 2298 fuerint
3351 2245 3402 2296 iu
3436 2251 3582 2298 terra
3610 2247 3782 2313 capti-

2187 2316 2369 2369 vitatis
2395 2330 2506 2369 sutc
2529 2356 2543 2380 ,
2567 2314 2814 2370 dicentes
2848 2333 2860 2368 :
2890 2315 3271 2381 Peccavimus,
3311 2315 3501 2385 inique
3527 2317 3738 2383 egimus
3762 2355 3778 2379 ,

2189 2385 2388 2453 injuste
2418 2387 2686 2456 geSsimus
2719 2403 2733 2439 :
2763 2396 2819 2442 et
2858 2388 3064 2442 reversi
3116 2387 3317 2441 fuerint
3361 2392 3427 2440 ad
3480 2397 3531 2440 te
3578 2389 3628 2440 iu
3669 2397 3781 2439 toto

2185 2459 2350 2511 cei-de
2379 2472 2502 2522 suo,
2527 2467 2583 2512 et
2605 2458 2656 2513 in
2682 2469 2791 2512 tota
2823 2459 3007 2512 anima
3036 2474 3152 2524 sua,
3188 2458 3242 2512 iit
3273 2469 3416 2513 terra
3445 2459 3783 2527 captivitatis

2187 2543 2324 2592 sine,
2365 2528 2434 2583 ad
2460 2545 2622 2598 quam
2647 2528 2798 2583 ducti
2827 2539 2973 2591 sunt,
3005 2529 3307 2584 adorabunt
3339 2540 3391 2583 te
3420 2540 3609 2584 contra
3637 2531 3778 2583 viam

2188 2609 2347 2655 terrae
2387 2615 2501 2672 sua:
2529 2642 2543 2666 ,
2573 2615 2733 2672 quam
2763 2601 2960 2657 dedisti
2979 2603 3223 2672 patrihus
3246 2615 3436 2656 eorum
3464 2643 3478 2666 ,
3506 2611 3560 2654 et
3591 2601 3741 2656 urbis
3763 2642 3778 2664 ,

2185 2686 2345 2742 quam
2369 2671 2576 2742 elegisti
2594 2671 2665 2728 iet
2688 2672 2906 2740 domus,
2933 2671 3095 2740 quam
3119 2673 3385 2727 mdilicavi
3411 2674 3618 2726 nomini
3647 2683 3776 2726 tuo:

2257 2743 2334 2797 Tu
2367 2742 2626 2800 exaudies
2647 2743 2716 2798 de
2742 2744 2904 2809 crelo,
2937 2745 3039 2799 hoc
3067 2753 3170 2810 est,
3194 2744 3262 2797 de
3286 2747 3443 2796 lirnto
3468 2744 3782 2798 habitarqu

2189 2825 2282 2869 tuo
2307 2856 2321 2879 ,
2353 2830 2542 2884 preces
2571 2831 2761 2870 eorum
2797 2858 2811 2881 ,
2846 2827 2900 2870 ct
2932 2815 3098 2871 facias
3125 2814 3421 2886 judicium,
3450 2826 3506 2870 et
3535 2815 3781 2870 dimittas

2187 2887 2390 2958 populo
2420 2895 2540 2952 tuo,
2573 2889 2820 2958 quamvis
2851 2889 3121 2958 peccaturi
3155 2905 3166 2940 :

2257 2960 2334 3012 'I‘u
2365 2972 2424 3014 es
2449 2961 2594 3014 enim
2628 2959 2772 3014 Deus
2800 2975 2982 3014 meus:
3010 2959 3344 3028 aperiantur,
3375 2973 3563 3028 quaeso
3590 3003 3604 3024 ,
3633 2959 3778 3014 oeuli

2185 3030 2260 3084 tui
2291 3071 2306 3096 ,
2349 3037 2406 3084 et
2443 3045 2605 3085 aures
2636 3039 2741 3086 tua:
2772 3031 2993 3087 intenta:
3033 3032 3142 3087 sint
3186 3030 3254 3086 ad
3281 3031 3620 3098 orationem,
3654 3047 3778 3100 qua:

2185 3102 2244 3156 fit
2275 3103 2326 3156 in
2367 3102 2486 3157 loco
2508 3102 2633 3157 isto.

2256 3173 2410 3228 Nunc
2441 3175 2604 3244 igitur
2632 3189 2898 3246 consurge
2920 3219 2932 3239 ,
2974 3175 3200 3229 Domine
3230 3173 3376 3228 Deus
3397 3213 3410 3239 ,
3444 3173 3498 3228 in
3530 3174 3776 3246 requiem

741 3251 798 3299 et
835 3231 1039 3316 audias
1062 3259 1274 3314 preces,
1316 3261 1452 3316 quas
1494 3231 1668 3300 l'tindit
1694 3245 1923 3299 iamulus
1956 3256 2080 3299 tuus
2105 3231 2151 3296 C
2185 3253 2356 3311 tuam,
2388 3255 2443 3299 tu
2460 3231 2527 3300 ἶξι
2557 3261 2682 3300 arca
2718 3231 3054 3301 fortiiudinis
3087 3256 3232 3301 ture:

2256 3315 2582 3372 Sacerdotes
2611 3318 2711 3383 ttti,
2739 3319 2971 3372 Domine
2996 3318 3162 3385 Deus,
3189 3318 3489 3374 induantur
3516 3317 3776 3384 salutem,

2184 3397 2239 3444 et
2268 3388 2442 3443 sancti
2471 3389 2543 3443 tui
2578 3389 2831 3445 laetentur
2859 3391 2915 3446 in
2947 3390 3125 3445 bonis.

2257 3459 2482 3515 Domine
2511 3459 2676 3526 Deus,
2709 3478 2775 3516 ne
2797 3463 3061 3518 averteris
3085 3461 3278 3518 faciem
3301 3460 3491 3516 christi
3518 3461 3594 3515 tui
3624 3479 3637 3513 :
3665 3478 3779 3516 me

2183 3541 2366 3587 mento
2390 3532 2885 3588 misericordiarum
2921 3534 3086 3589 David
3115 3537 3255 3588 servi
3289 3533 3391 3587 tui.

2256 3602 2407 3675 [Cap.
2439 3601 2575 3674 ιιι]
2606 3603 2850 3675 Cumque
2895 3607 3225 3674 complesset
3249 3607 3513 3660 Salomon
3542 3603 3778 3659 fundens

2185 3689 2411 3744 preces,
2437 3675 2576 3744 ignis
2603 3677 2882 3731 descendit
2909 3676 2978 3732 de
3008 3678 3148 3733 cmlo
3173 3722 3186 3745 ,
3222 3686 3277 3733 et
3302 3677 3587 3730 devoravit
3613 3677 3774 3730 holo-

2181 3755 2367 3874 gausta
2417 3757 2469 3800 et
2499 3746 2798 3804 victimas:
2846 3758 2900 3804 et
2952 3752 3211 3821 majestas
3260 3748 3474 3804 Domini
3531 3748 3780 3817 ἰιιιιιιοιὶι

2221 3834 2424 3872 omum.

2221 3834 2424 3872 omum.

2252 3889 2366 3944 Nec
2393 3890 2983 3958 poterantSacerdotes
3006 3891 3212 3962 ingredi
3243 3890 3504 3961 templum
3531 3890 3773 3957 Domini,

2181 3976 2248 4018 co
2265 3963 2411 4035 quod
2429 3963 2706 4032 implesset
2733 3966 2988 4035 majestas
3007 3964 3221 4018 Domini
3243 3964 3505 4032 templum
3531 3962 3771 4035 Domini.

2255 4033 2360 4089 Sed
2403 4044 2456 4089 et
2483 4049 2676 4089 omnes
2710 4033 3018 4090 [iliiilsrael
3050 4036 3304 4090 videbant
3347 4034 3774 4090 descendentem

2181 4104 2358 4176 ignem
2381 4149 2395 4172 ,
2432 4114 2486 4160 et
2515 4106 2738 4175 gloriam
2770 4107 2986 4161 Domini
3014 4123 3178 4178 super
3203 4108 3425 4160 domum
3463 4123 3478 4157 :

2255 4179 2319 4230 Et
2344 4187 2668 4232 corruentes
2698 4180 2850 4247 proni
2885 4180 2936 4232 in
2969 4187 3167 4232 terram
3197 4193 3361 4244 super
3391 4177 3766 4246 pavimentum

2178 4258 2404 4302 stratum
2440 4248 2616 4316 lapide
2642 4290 2656 4313 ,
2691 4250 3058 4304 adoraverunt
3099 4261 3152 4304 et
3193 4249 3555 4302 laudaveruut
3589 4249 3771 4302 Domi-

2180 4335 2354 4446 unus}
2383 4319 2647 4402 Quoniam
2676 4321 2868 4389 bonus,
2899 4321 3155 4392 quoniam
3187 4321 3242 4376 in
3267 4329 3532 4374 aeternum
3559 4320 3769 4372 miseri-

2180 4405 2272 4446 cor
2315 4407 2358 4444 ta
2389 4408 2527 4446 eius.

2177 4405 2358 4446 COI‘GIII
2389 4408 2527 4447 eius.

2386 4410 2592 4530 :iiliseiu,
2627 4473 2681 4520 et
2709 4465 2886 4519 omnis
2916 4463 3151 4536 populus
3176 4508 3190 4535 ,
3225 4461 3588 4519 immolabant
3613 4462 3772 4517 victi-

2179 4549 2293 4586 tuas
2325 4550 2510 4588 coram
2551 4536 2800 4590 Domino.

2254 4606 2505 4660 Mactavit
2535 4607 2697 4677 igitur
2720 4624 2814 4662 rex
2843 4607 3100 4664 Salomon
3131 4606 3355 4671 hostias,
3386 4605 3553 4659 boum
3583 4605 3769 4677 viginti

2179 4677 2288 4730 dtto
2319 4679 2483 4732 millia
2511 4719 2526 4744 ,
2559 4676 2787 4733 arietum
2818 4689 3037 4736 centum
3067 4678 3250 4748 viginti
3279 4677 3445 4732 millia
3477 4693 3492 4736 :
3525 4686 3581 4731 et
3611 4676 3769 4732 dedi-

2177 4750 2320 4804 cavit
2345 4748 2565 4803 domum
2598 4749 2688 4805 Dei
2719 4766 2812 4806 rex
2835 4792 2849 4815 ,
2872 4761 2931 4807 et
2959 4751 3243 4805 universus
3272 4750 3528 4820 populus.

2249 4820 2573 4875 Sacerdotes
2601 4833 2778 4878 autem
2809 4823 3026 4877 stabant
3073 4823 3124 4876 in
3155 4819 3359 4876 olliciis’
3377 4819 3494 4876 suis
3523 4837 3537 4873 :
3565 4827 3623 4876 et
3666 4819 3769 4874 Lc-

2178 4895 2301 4948 vilze
2335 4893 2386 4946 in
2415 4893 2634 4964 organis
2661 4895 2962 4950 carminum
3007 4891 3241 4958 DOtniui,
3273 4907 3393 4962 qua:
3434 4892 3564 4946 fecit
3603 4891 3765 4944 David

2176 4980 2272 5019 rex
2301 4963 2367 5018 ad
2401 4963 2724 5030 laudandum
2761 4967 3046 5019 Dominum
3073 4981 3087 5021 :
3121 4965 3389 5030 Quoniam
3421 4964 3475 5016 in
3504 4972 3764 5016 aeternum

2180 5035 2552 5092 misericordia
2582 5037 2717 5108 ejus,
2755 5037 2985 5108 hymnos
3014 5036 3180 5091 David
3208 5046 3468 5092 canentes
3496 5050 3594 5104 per
3639 5049 3766 5086 ma-

2177 5123 2277 5163 I'IIIS
2307 5123 2456 5164 suas.

2247 5181 2421 5236 Porro
2443 5179 2752 5236 sacerdotes
2773 5180 3042 5236 cauebant
3063 5179 3208 5236 tubis
3229 5186 3354 5236 ante
3383 5193 3502 5245 eos,
3521 5187 3767 5232 cunctus-

2176 5267 2278 5324 que
2308 5251 2468 5306 Israel
2500 5254 2699 5307 stabat.

2246 5324 2617 5380 Sanetiﬁravit
2656 5337 2874 5393 quoque
2906 5322 3166 5379 Salomon
3214 5323 3450 5378 tnedium
3483 5321 3606 5376 atrii
3636 5331 3760 5373 ante

2178 5397 2435 5467 templum
2468 5395 2682 5450 Domini
2716 5413 2727 5449 :
2761 5395 3035 5448 obtulerat
3064 5396 3210 5450 enim
3252 5396 3324 5448 ibi
3371 5395 3681 5467 holocausta
3711 5402 3766 5447 et

2174 5465 2364 5538 adipes
2395 5468 2779 5538 pacilict'irtttu;
2825 5467 2948 5536 quia
2979 5467 3152 5520 altare
3183 5482 3417 5524 atticum,
3452 5465 3593 5538 quod
3623 5466 3761 5538 fece-

2170 5535 2280 5607 rat,
2304 5535 2412 5594 nou
2439 5547 2650 5609 poterat
2676 5535 2948 5595 sustinere
2978 5538 3289 5592 holocausra
3319 5545 3378 5593 et
3417 5535 3682 5589 sacriﬁcia
3708 5544 3762 5589 et

2170 5613 2377 5679 adipes.

2245 5677 2394 5738 Fecit
2421 5697 2548 5752 ergo
2577 5683 2834 5739 Salomon
2857 5682 3260 5736 solemnitatem
3297 5681 3349 5735 in
3383 5689 3634 5752 tempore
3659 5677 3754 5752 illo

2169 5766 2378 5824 septem
2421 5749 2608 5810 diebus
2641 5800 2654 5822 ,
2687 5764 2742 5809 et
2783 5753 2961 5808 omnis
3017 5753 3177 5808 Israel
3208 5769 3329 5806 cum
3363 5767 3431 5824 eo
3462 5792 3475 5812 ,
3527 5749 3758 5804 ecclesia

2169 5841 2362 5956 pingagna
2376 5827 2557 5908 valde,
2589 5827 2658 5886 ab
2685 5827 2913 5882 introitu
2939 5824 3135 5882 Ematli
3163 5840 3336 5896 usque
3363 5823 3430 5880 ad
3461 5830 3758 5878 torrentem

2243 5910 2410 5956 IIVDII.

2219 5898 2410 5970 Sgypti.
