4112 6354
336 293 477 354 1369

329 483 501 537 altare
529 481 736 553 septem
765 481 958 539 diebus
987 525 1001 549 ,
1042 492 1096 538 et
1142 482 1545 538 solemnitatem
1584 482 1918 538 celebrasset

328 555 519 609 diebus
548 563 775 624 septem.

399 625 566 693 Igitur
592 623 643 680 in
665 627 754 679 die
778 626 1037 694 vigesimo
1062 626 1224 680 tertio
1245 624 1683 695 meusiiseptimi
1718 623 1918 678 dimisit

331 699 560 766 populos
589 698 654 751 ad
679 697 1028 753 tabernacula
1054 713 1168 758 sua,
1189 699 1602 766 lzetauzeSatque
1619 696 1918 765 gaudentes

329 784 495 838 super
522 769 665 825 bono
691 812 706 836 ,
739 769 884 840 quod
915 770 1116 824 fecerat
1145 769 1405 824 Dominus
1429 767 1619 823 Davidi
1638 810 1650 832 ,
1681 777 1736 823 et
1763 767 1920 824 Salo-

333 841 476 894 moui
498 885 511 907 ,
545 851 600 897 et
626 840 808 896 Israeli
839 842 1038 909 pepqu
1075 856 1198 896 suo.

402 912 813 982 Complevitque
839 913 1096 969 Salomon
1127 913 1347 966 domum
1372 911 1606 970 Domini.
1623 919 1675 964 et
1696 909 1915 965 domum

329 984 477 1051 regis
501 1028 515 1050 ,
549 996 601 1038 et
649 984 826 1038 omnia
872 1000 995 1054 qua:
1026 985 1366 1051 diSposuerat
1410 983 1464 1037 in
1497 984 1661 1037 corde
1691 999 1792 1036 suo
1817 1023 1830 1038 .
1863 991 1919 1035 nt

327 1055 532 1111 faceret
562 1055 614 1109 in
645 1055 810 1110 domo
837 1056 1070 1124 Domini,
1103 1067 1156 1112 et
1189 1057 1241 1110 iu
1273 1056 1436 1111 domo
1467 1071 1584 1118 sua,
1616 1066 1667 1109 et
1695 1070 1917 1124 prospe-

325 1138 478 1182 ratus
517 1136 622 1182 est.

395 1198 659 1267 Apparuit
687 1208 866 1256 autem
901 1200 947 1254 ei
982 1197 1240 1254 Dominus
1275 1208 1452 1261 nocte,
1488 1206 1542 1251 et
1574 1197 1649 1250 ait
1677 1215 1692 1269 ,ε
1722 1196 1912 1252 Ληιιὶνί

325 1271 630 1325 orationem
660 1279 808 1328 trram
838 1312 853 1336 ,
899 1283 955 1327 et
982 1271 1119 1342 elegi
1153 1271 1330 1326 locum
1361 1272 1523 1324 istum
1573 1269 1703 1323 mihi
1731 1270 1781 1323 in
1812 1271 1911 1324 do-

324 1357 470 1395 mum
493 1342 766 1398 sacriﬁcii.

395 1413 451 1469 Si
481 1412 728 1469 clausero
752 1414 1044 1482 cmlum,et
1067 1415 1243 1484 pluvia
1271 1431 1374 1468 non
1408 1412 1646 1476 ﬂuxerit,
1678 1421 1732 1466 et
1761 1427 1911 1466 man-

319 1483 521 1539 davero
549 1495 604 1540 et
628 1501 941 1556 praecepero
974 1483 1219 1553 locustm,
1256 1497 1306 1538 ιιι
1339 1485 1568 1540 ιιογιιιρι
1593 1495 1825 1552 terram,
1858 1491 1912 1540 et

321 1557 526 1611 misero
554 1557 920 1627 pestilentiam
952 1559 1003 1611 in
1039 1559 1292 1628 populum
1329 1573 1506 1611 meum
1534 1574 1546 1610 :

391 1629 702 1684 Conversus
731 1639 910 1683 autem
942 1627 1178 1700 populus
1201 1644 1375 1694 meus,
1404 1643 1568 1698 Super
1589 1641 1725 1700 quos
1753 1627 1908 1682 invo-

318 1707 500 1753 catum
528 1711 614 1754 est
652 1716 850 1756 nomen
878 1699 1056 1755 meum
1085 1743 1100 1768 ,
1139 1701 1463 1770 deprecatus
1497 1715 1584 1752 me
1616 1699 1781 1754 fuerit
1811 1743 1824 1766 ,
1855 1709 1910 1753 et

1690 287 1920 351 VERBA
1963 286 2252 350 DIERUM.

337 437 342 440 -
399 408 660 482 Fecitque
688 409 991 482 dierectavo
1020 409 1412 477 collectam,eo
1441 407 1583 479 quod
1606 408 1914 465 dedicasset
1939 406 1994 467 Α
2017 407 2143 482 vid.
2162 409 2214 463 in
2241 409 2462 466 domum

3479 296 3621 357 1570

2517 425 2678 481 quam
2727 409 3094 469 rediticaverat
3121 413 3193 469 ei.
3229 411 3377 470 Dixit
3426 415 3613 472 enim:

2099 478 2216 557 Non
2271 478 2546 557 habitabit
2587 499 2892 557 uxorrmea
2946 485 2998 540 in
3048 485 3210 541 domo
3264 485 3427 539 David
3480 489 3621 557 regis

2019 551 2193 607 Israel
2221 594 2234 618 ,
2261 568 2328 608 eo
2363 554 2507 620 quod
2550 556 2890 613 sanctiﬁcata
2921 557 2992 612 sit
3041 575 3053 610 :

2023 638 2142 678 eam
2178 642 2202 674 ιι
2212 640 2302 678 rea
2334 625 2570 682 Domini.

2095 694 2252 773 Tune
2275 697 2473 773 obtulit
2517 698 2772 773 Salomon
2823 698 3139 755 holocausta
3182 701 3398 757 Domini
3448 717 3618 773 super

2022 766 2193 842 altae
2222 767 2478 842 Domini,
2509 770 2648 834 quod
2680 781 3026 827 exsmrxerat
3056 782 3184 826 ante
3225 774 3491 842 porticum
3513 766 3533 838 ξ
3559 784 3620 830 ιιι

2024 854 2120 915 per
2144 837 2393 915 singulos
2422 841 2539 915 dies
2569 842 2858 915 olIerretur
2889 844 2940 896 in
2970 859 3035 896 eo
3085 837 3237 909 juxta
3283 854 3611 915 prmeeptum

2023 910 2152 964 Mosi
2198 911 2248 962 in
2276 911 2516 966 sabbatis
2541 922 2596 968 et
2626 914 2681 968 in
2712 912 2992 979 kalendis,
3022 925 3078 970 ct
3106 915 3157 969 in
3191 910 3347 971 festis
3374 910 3566 972 diebus
3597 957 3612 980 .

2023 989 2105 1059 ter
2132 997 2227 1059 per
2253 997 2486 1059 annum,
2506 983 2559 1059 id
2591 994 2694 1059 est,
2723 986 2777 1059 in_
2803 985 3151 1040 solemnitate
3177 1003 3528 1059 azymorum,
3559 998 3618 1045 et

2021 1053 2073 1124 in
2107 1054 2452 1108 sulentnilale
2476 1055 2962 1124 hebdomadarum,
2992 1059 3125 1112 etin
3158 1053 3612 1115 solemnitatem-

2021 1123 2463 1182 her..aculorum.

2025 1237 2027 1239 .
2059 1199 2158 1274 _l-.t_
2187 1197 2471 1274 constituit
2494 1198 2646 1274 juxta
2678 1199 3107 1274 dispositionem
3125 1199 3290 1257 David
3322 1204 3491 1274 patris
3521 1204 3604 1260 sui

2017 1266 2191 1322 oftieia
2227 1266 2571 1325 sacerdotum
2606 1271 2659 1326 in
2687 1266 3006 1327 ministeriis
3029 1271 3142 1327 suis
3177 1290 3190 1326 :

2091 1341 2151 1392 Et
2189 1340 2407 1396 Levitas
2455 1343 2510 1398 in
2541 1343 2739 1399 ordine
2769 1359 2871 1398 suo
2893 1384 2908 1409 ,
2947 1353 3005 1397 ut
3034 1343 3320 1400 laudarent
3353 1353 3410 1401 et
3448 1347 3609 1400 miui-

2017 1419 2478 1486 gtr.irent__coram
2507 1415 2888 1472 sacerdotibus
2915 1455 2932 1484 ,
2963 1415 3116 1486 juxta
3145 1417 3313 1472 ritum
3353 1419 3611 1474 uniuscu-

2011 1481 2206 1552 ju-qne
2236 1483 2346 1538 diei
2380 1502 2394 1539 :

2090 1555 2430 1632 litjanitores
2455 1557 2508 1613 in
2531 1557 3016 1632 divisionibussuis
3044 1574 3142 1627 per
3167 1569 3379 1632 portam
3405 1569 3459 1616 et
3483 1577 3608 1632 por-

2015 1633 2126 1699 tam
2158 1647 2170 1680 :
2203 1628 2283 1683 sic
2312 1629 2456 1684 enim
2488 1641 2819 1699 praeceperat
2854 1631 3018 1685 David
3054 1628 3214 1684 homo
3248 1631 3364 1686 Dei.

2083 1698 2195 1773 Nec
2221 1698 2586 1770 pra-tergressi
2617 1712 2743 1756 sunt
2773 1701 2840 1756 de
2876 1701 3145 1756 mandatis
3169 1704 3344 1773 regis,
3381 1712 3487 1759 tam
3518 1719 3606 1758 sa-

317 1770 641 1853 evquisierit
672 1771 865 1855 faciem
913 1788 1088 1828 meam
1116 1815 1130 1840 ,
1161 1783 1215 1828 et
1253 1772 1424 1843 egerit
1467 1771 1843 1840 ιωιιίιοιιιὶειιιι
1877 1788 1905 1824 a
1941 1799 1987 1859 Β
2013 1771 2443 1859 cerd-nesqu‘am
2475 1773 2784 1859 [.JCVilmHSX
2813 1774 3068 1828 erunilms
3093 1790 3212 1844 qum
3236 1770 3600 1846 prmcepcrat,

319 1843 421 1896 viis
448 1842 562 1897 suis
602 1845 854 1914 pessimis
887 1860 901 1897 :
964 1869 966 1871 ν

395 1914 462 1968 Ει
487 1913 904 1984 egoexaudiam
942 1913 1010 1970 de
1054 1915 1226 1981 caelo,
1271 1923 1324 1970 et
1358 1913 1624 1983 propitius
1653 1928 1750 1970 ero
1781 1928 1906 1984 pec-

243 2035 248 2038 .
320 1986 461 2039 catis
491 2001 706 2055 eorum,
734 1995 788 2040 et
808 1987 1011 2041 sanaho
1041 1996 1238 2042 terram
1273 2002 1483 2040 eorum.

388 2057 544 2111 Oculi
576 2073 788 2127 quoque
809 2058 912 2113 mei
944 2069 1105 2113 erunt
1131 2059 1326 2128 aperti,
1361 2066 1414 2110 et
1437 2073 1595 2112 aures
1624 2071 1758 2112 mea!
1783 2071 1905 2113 erc-

314 2136 423 2200 ctae
447 2129 512 2181 ad
542 2132 845 2185 orationem
876 2130 994 2198 ejus
1017 2171 1031 2194 ,
1067 2131 1155 2200 qui
1191 2132 1240 2184 in
1268 2131 1386 2183 loeo
1409 2131 1513 2182 isto
1538 2128 1797 2182 oraverit.

391 2199 539 2270 Elogi
571 2201 714 2256 enim
741 2245 755 2264 ,
783 2212 836 2256 ct
865 2199 1194 2256 sanetiﬁcavi
1225 2203 1399 2256 locum
1434 2201 1594 2253 istum
1623 2209 1674 2253 ιιι
1707 2201 1769 2253 sit
1805 2216 1904 2253 tro-

319 2286 442 2325 men
464 2287 643 2328 meum
677 2273 748 2328 ibi
779 2274 832 2327 itt
863 2273 1278 2342 Setnpilcrnntn.
1310 2283 1363 2324 et
1391 2283 1736 2339 permaneant
1767 2271 1904 2326 oeuli

315 2343 444 2408 ntei,
474 2352 528 2400 et
554 2359 650 2400 cor
679 2360 858 2400 meum
884 2344 954 2398 ibi
981 2347 1192 2400 cunctis
1217 2345 1429 2398 diebus.

387 2414 465 2467 'I'u
491 2431 709 2485 quoque
735 2417 778 2470 si
804 2416 1172 2471 atuhulaveris
1202 2432 1386 2469 coram
1416 2429 1524 2483 me,
1549 2413 1694 2470 sicut
1719 2415 1907 2470 ambu-

315 2484 444 2540 lavit
473 2484 641 2541 David
687 2496 840 2558 pater
867 2497 987 2542 tuus
1013 2532 1026 2555 ,
1059 2498 1111 2542 et
1145 2487 1337 2542 fect-ris
1379 2486 1532 2558 juxta
1562 2491 1740 2540 omnia
1786 2502 1906 2554 qua:

320 2560 554 2628 prmcepi
580 2559 671 2614 tibi
699 2574 715 2615 :
741 2559 1050 2628 etjustitias
1074 2575 1220 2612 meas
1237 2557 1548 2628 jndiciaque
1569 2560 1902 2612 servaveris:

388 2630 674 2684 Suscitabo
708 2630 967 2686 thronum
997 2631 1148 2699 regni
1183 2635 1288 2695 tui,
1320 2631 1456 2683 sicut
1491 2629 1756 2696 pollicitus
1787 2646 1903 2684 sum

217 2698 225 2704 ’
315 2700 486 2754 ΒινΞὰ
520 2703 657 2770 patri
684 2710 796 2766 tuo,
822 2703 1006 2757 diei-ns
1036 2698 1192 2756 :Non
1223 2701 1504 2756 aute-retur
1525 2701 1592 2755 de
1620 2703 1789 2771 stirpe
1819 2711 1902 2755 tua

317 2773 420 2830 vir.
453 2772 546 2842 qui
575 2774 644 2827 sit
671 2773 922 2843 princeps
953 2775 1004 2827 iu
1039 2773 1226 2828 Irael.

388 2843 444 2898 Si
468 2853 649 2899 autem
682 2847 856 2901 aversi
891 2845 1098 2899 l‘trteritis
1121 2889 1135 2910 ,
1162 2856 1217 2899 et
1243 2843 1640 2912 dereliqueritis
1672 2843 1905 2913 justitias

315 2931 488 2982 meas,
518 2925 576 2971 et
602 2925 873 2988 prmcepta
906 2933 1048 2978 mea,
1082 2935 1200 2986 qua:
1231 2918 1488 2986 proiiosui
1522 2917 1693 2972 vultis.
1729 2925 1784 2970 et
1815 2917 1907 2968 ah-

316 2999 512 3042 enntes
541 2987 844 3042 servieritis
886 2988 987 3043 diis
1014 2989 1204 3042 alienis
1229 3031 1243 3054 ,
1290 2996 1346 3042 et
1370 2987 1728 3058 adoraveritis
1767 3004 1862 3042 eus
1887 3032 1902 3058 ,

316 3059 546 3112 evellam
571 3074 668 3113 vos
689 3058 757 3114 de
789 3069 928 3115 terra
957 3075 1074 3115 mea
1094 3102 1106 3123 ,
1133 3075 1292 3130 quam
1322 3057 1451 3130 dedi
1469 3057 1624 3112 vobis
1653 3077 1665 3113 :

392 3131 456 3183 Et
481 3131 701 3185 domum
734 3131 904 3195 hanc,
938 3149 1096 3200 quam
1124 3129 1460 3186 sanctiﬁcavi
1491 3130 1692 3184 nomini
1740 3146 1861 3184 meo
1885 3173 1900 3197 ,

2011 1849 2067 1896 ct
2096 1843 2146 1893 in
2177 1841 2438 1898 custodiis
2464 1846 2867 1900 thesaurorum.

2083 1910 2286 1986 omnes
2313 1913 2588 1986 impensas
2617 1927 2956 1986 prmparatas
2984 1915 3174 1972 habuit
3202 1917 3460 1973 Salomon
3488 1959 3502 1981 ,
3533 1935 3600 1972 ex

2011 1998 2078 2036 eo
2101 1984 2190 2038 die
2215 1983 2595 2060 q‘uo‘fuudavit
2620 1983 2846 2042 domum
2875 1987 3132 2056 Domini,
3168 2004 3340 2060 usque
3363 1989 3417 2044 in
3457 1989 3603 2044 diem

2011 2071 2117 2125 qua
2142 2055 2363 2122 perfecit
2387 2072 2528 2110 eam.

2081 2127 2232 2193 'I‘uuc
2249 2128 2384 2182 abiit
2409 2128 2664 2184 Salomon
2689 2127 2742 2184 in
2775 2127 3138 2197 Asiongaher,
3173 2139 3226 2184 et
3253 2130 3307 2186 in
3335 2131 3512 2198 Ailatb
3535 2131 3602 2187 ad

2009 2213 2158 2270 oram
2189 2200 2353 2254 maris
2383 2199 2575 2268 Rubri,
2609 2217 2728 2270 qua:
2757 2213 2837 2256 ρει
2867 2200 2920 2255 iu
2956 2211 3098 2256 terra
3125 2202 3317 2256 Edoni.

2085 2269 2228 2325 Misit
2260 2278 2440 2325 autem
2481 2275 2527 2326 ei
2564 2269 2763 2326 ituram
2808 2286 2903 2340 per
2934 2289 3126 2327 manus
3161 2290 3444 2328 servorum
3475 2290 3605 2330 suo-

2010 2357 2128 2395 rum
2157 2356 2340 2406 naves,
2373 2352 2428 2396 et
2457 2353 2648 2397 nautas
2679 2359 2876 2412 gnaros
2907 2345 3094 2408 maris,
3121 2356 3170 2398 et
3202 2346 3455 2400 abierunt.
3481 2363 3602 2402 cum

2008 2412 2180 2487 servis
2203 2413 2514 2487 saluationis
2538 2414 2589 2469 in
2607 2413 2794 2483 Ophir,
2825 2412 3172 2485 tuleruntque
3197 2417 3324 2472 inde
3348 2418 3603 2487 quadrin-

2007 2485 2151 2554 ginta
2185 2485 2571 2555 quinquaginta
2606 2487 2806 2542 talenta
2837 2489 2980 2556 auri,
3015 2496 3070 2542 et
3095 2485 3395 2543 attulerunt
3422 2491 3491 2545 ad
3517 2506 3603 2545 rc-

2009 2572 2141 2627 gcur
2159 2555 2531 2627 Saloirtonem.

2081 2625 2233 2700 [ϐαρ.
2259 2625 2375 2700 IX.]
2407 2627 2606 2698 ltegina
2641 2644 2855 2698 quoque
2885 2629 3057 2692 Salia,
3094 2644 3218 2683 cum
3253 2630 3497 2686 audisset
3524 2630 3602 2686 fa-

2010 2699 2150 2752 litttttl
2181 2699 2510 2772 Salomonis,
2540 2704 2722 2764 venit,
2752 2711 2808 2754 ιιι
2842 2711 3075 2756 tentaret
3106 2717 3231 2755 eum
3265 2703 3317 2756 in
3342 2704 3600 2772 mnigma-

2009 2774 2173 2834 tinus,
2206 2772 2257 2824 iu
2286 2771 2615 2837 Jerusalem,
2646 2787 2770 2827 cum
2802 2774 3012 2842 magnis
3039 2772 3266 2840 opibus,
3295 2784 3348 2828 et
3369 2771 3598 2830 camelis

2008 2842 2101 2910 qui
2133 2859 2164 2910 p
2188 2843 2424 2922 -rtabant
2447 2853 2711 2910 aromata,
2747 2852 2802 2898 et
2832 2844 2950 2898 auri
2983 2846 3296 2914 plurimum,
3320 2861 3597 2916 gemmas-

2009 2930 2113 2981 que
2142 2924 2426 2979 pretiosas.

2079 2985 2324 3055 Cumque
2377 2988 2614 3041 venisset
2665 2986 2732 3040 ad
2777 2985 3150 3055 Salomonem,
3205 2989 3383 3044 locuta
3424 2997 3505 3045 cst
3548 2989 3598 3045 ci

2007 3071 2364 3128 qtuecmnque
2380 3069 2537 3112 erant
2566 3059 2616 3112 in
2649 3059 2816 3113 corde
2841 3075 2960 3114 suo.

2084 3130 2147 3181 lit
2169 3129 2418 3198 exposuit
2449 3132 2496 3182 ei
2522 3130 2778 3186 Salomon
2811 3131 2990 3201 omnia
3027 3148 3147 3201 qu:e
3183 3140 3549 3200 proposuerat
3583 3150 3594 3186 :

315 3201 600 3271 projiciarn
625 3217 653 3255 a
682 3201 820 3274 [acie
843 3189 990 3266 mea,
1021 3213 1074 3258 et
1097 3204 1304 3258 tradam
1328 3216 1450 3257 eam
1483 3203 1534 3256 in
1563 3189 1899 3272 paraholam,
1930 3189 1975 3252 C
2009 3215 2110 3274 nec
2132 3189 2428 3274 quidquam
2461 3201 2590 3261 fuit.
2623 3200 2766 3272 quod
2791 3200 2842 3256 ei
2868 3220 2982 3274 non
3006 3189 3354 3274 per‘Spi'euu'm
3386 3202 3595 3259 fecerit.

315 3285 370 3326 et
395 3275 449 3345 in
478 3273 789 3345 exemplum
820 3276 1031 3330 cunctis
1059 3274 1292 3345 pupulis.

392 3344 458 3399 Et
484 3343 680 3401 domus
711 3347 813 3401 ista
837 3347 943 3402 erit
971 3349 1023 3400 in
1051 3343 1398 3416 proverbium
1430 3343 1705 3400 universis
1731 3355 1905 3402 trans-

317 3417 574 3472 euntibus
601 3459 617 3483 ,
661 3426 718 3472 et
737 3418 916 3473 dicent
945 3426 1223 3484 stupentes
1249 3435 1260 3469 :
1287 3417 1468 3485 Quare
1490 3415 1619 3472 fecit
1644 3417 1906 3474 Dominus

319 3487 399 3543 sic
431 3498 592 3544 terra:
619 3490 746 3544 huic
772 3499 827 3544 et
857 3489 1040 3544 dotnni
1071 3489 1230 3545 huic?

392 3559 926 3630 Respondebuntque
954 3579 968 3617 :
1000 3564 1137 3629 Quia
1179 3559 1587 3630 dereliqueruut
1616 3561 1904 3618 Dominum

318 3630 487 3704 Deum
523 3643 732 3702 patrum
774 3648 1016 3695 suorum,
1049 3636 1137 3704 qui
1172 3633 1360 3688 eduxit
1400 3648 1496 3687 eos
1530 3633 1597 3686 de
1631 3645 1770 3687 terra
1811 3633 1906 3689 1E-

316 3703 488 3772 gypti,
519 3711 575 3758 et
602 3703 1084 3775 apprchendcrunt
1113 3705 1244 3761 deos
1267 3706 1476 3760 alienos
1501 3747 1516 3772 ,
1566 3715 1620 3758 et
1644 3705 1906 3761 adorave-

317 3785 444 3847 runt
473 3791 568 3830 eos
587 3815 604 3841 ,
637 3785 802 3847 atque
830 3778 1154 3831 coluerunt:

391 3846 598 3918 idcirco
622 3846 895 3918 venerunt
944 3863 1110 3918 super
1150 3863 1243 3903 eos
1278 3847 1528 3903 universa
1573 3846 1688 3902 haec
1739 3849 1901 3904 mala.

391 3916 542 3989 lCap.
568 3916 738 3992 XIII]
772 3916 1024 3990 Evpletis
1055 3932 1234 3974 autem
1277 3920 1465 3986 viginti
1508 3920 1664 3972 annis
1687 3961 1702 3980 ,
1757 3931 1902 3988 post-

317 4002 478 4056 quam
501 3989 788 4046 mdiﬁcavit
813 3989 1068 4046 salomon
1101 3992 1324 4046 domum
1349 3991 1583 4055 Domini,
1609 3999 1661 4043 et
1682 3992 1901 4046 domum

316 4074 469 4133 suam
505 4078 518 4114 :
549 4061 828 4129 civitates,
858 4079 992 4133 quas
1013 4063 1240 4119 dederat
1266 4063 1446 4118 Iliram
1484 4063 1752 4117 Salomoni
1777 4103 1794 4129 ,
1825 4079 1902 4118 a2-

317 4130 553 4186 diticavit
572 4172 587 4196 ,
611 4144 666 4188 et
696 4130 941 4191 habitare
973 4137 1043 4191 ibi
1070 4136 1195 4188 fecit
1223 4134 1362 4190 ﬁlios
1392 4133 1578 4190 Israel.

388 4203 775 4276 l_\biitquoque
805 4206 859 4262 iu
887 4207 1038 4262 Emal
1070 4206 1248 4269 Saba,
1278 4217 1333 4262 et
1357 4206 1590 4261 obtinuit
1615 4220 1758 4260 eam.

391 4274 461 4328 Et
488 4274 774 4334 aediﬁcavit
799 4279 1088 4335 Palmiram
1135 4281 1186 4333 in
1217 4278 1435 4334 deserto
1460 4323 1474 4347 ,
1519 4289 1571 4331 et
1611 4277 1747 4333 alias
1770 4278 1906 4334 civi-

319 4353 460 4399 tates
492 4348 881 4404 muuitissimas
913 4350 1200 4406 mdiﬁcavit
1227 4353 1277 4405 in
1312 4351 1527 4405 Emath.

393 4416 781 4489 Ex_strttxitque
808 4420 1083 4477 Bethorou
1128 4424 1464 4489 superiorem
1493 4463 1508 4487 ,
1542 4429 1598 4474 ct
1628 4419 1899 4476 Bethorun

316 4487 629 4541 inferiorem
657 4529 672 4552 ,
693 4487 960 4547 ’civitates
1001 4487 1244 4548 muratas
1286 4493 1547 4548 habentes
1580 4503 1762 4560 portas
1788 4533 1803 4560 ,
1847 4503 1904 4547 et

318 4569 500 4613 vectes
521 4566 577 4611 (ιι
605 4574 754 4615 seras
782 4579 794 4614 ζ

392 4630 611 4702 Italaath
654 4634 816 4687 etiam
847 4643 902 4688 et
931 4648 1122 4688 omnes
1171 4634 1334 4688 urbes
1364 4631 1703 4687 ﬁrmissimas
1727 4673 1742 4697 ,
1781 4650 1901 4702 qua:

317 4700 535 4776 fuerunt
567 4701 876 4776 Salomonis
903 4745 919 4771 ,
945 4717 1275 4776 cunctasque
1306 4705 1468 4758 urbes
1494 4700 1900 4772 quadrigarum,

316 4781 371 4848 et
399 4774 562 4848 urbes
589 4775 828 4846 equitnm
857 4795 872 4831 :
907 4777 1088 4832 omnia
1111 4774 1230 4848 quin
1260 4777 1433 4832 voluit
1454 4777 1712 4848 Salomon
1743 4789 1903 4847 atque

316 4844 584 4926 disposuit
605 4844 938 4913 {aediﬁcavit
967 4849 1018 4904 in
1050 4844 1383 4926 Jerusalem,
1417 4858 1472 4904 et
1502 4850 1554 4903 iu
1586 4844 1907 4917 Libano,_et

316 4922 373 4972 in
400 4922 657 4992 universa
683 4929 823 4976 terra
852 4922 1136 4992 potestatis
1164 4938 1298 4976 sine.
1365 4954 1377 4963 -

301 5027 306 5031 ς
343 5059 354 5063 Α
388 4990 628 5063 omnem
658 4990 915 5061 populum
942 5033 956 5056 ,
990 4993 1082 5063 qui
1122 4992 1416 5048 derelictus
1450 4992 1632 5046 fuerat
1655 4991 1738 5047 'de
1779 4992 1906 5048 Het-

319 5059 496 5126 thzeis,
524 5070 579 5116 et
602 5059 958 5131 Amorrhteis,
991 5059 1046 5121 et
1071 5065 1398 5130 Pherezwis,
1422 5075 1477 5120 et
1507 5063 1708 5127 Evaeis,
1739 5074 1794 5118 et
1813 5064 1907 5120 .Ie-

317 5131 538 5200 buswis,
561 5135 655 5208 qui
681 5151 793 5190 non
817 5145 974 5192 erant
1008 5139 1075 5192 de
1120 5138 1290 5208 stirpe
1318 5136 1488 5193 Israel
1521 5135 1626 5208 :_de
1656 5135 1783 5190 ﬁliis
1815 5152 1909 5191 eo-

320 5219 436 5279 rum
461 5244 480 5279 ,_
531 5214 587 5260 et
616 5206 694 5279 de
736 5208 971 5275 posteris
996 5250 1012 5273 ,
1063 5223 1202 5279 quos
1225 5206 1343 5263 non
1379 5206 1764 5264 interfecerant
1816 5209 1910 5263 lilii

315 5273 522 5400 iisrael',
546 5273 859 5349 subjugavit
882 5273 1138 5336 Salomon
1182 5281 1236 5336 in
1270 5281 1585 5338 tributarios
1607 5320 1622 5347 ,
1657 5295 1828 5350 usque
1857 5281 1912 5336 in

357 5361 460 5400 tem
504 5362 642 5400 iane.
700 5398 703 5400 ,

357 5361 460 5401 tcm
486 5361 642 5402 hanc.
700 5398 703 5401 .

315 5418 325 5427 ‘
351 5417 560 5492 LPorro
589 5419 655 5492 de
685 5421 813 5476 ﬁliis
837 5421 1003 5479 Israel
1036 5438 1141 5478 non
1174 5424 1376 5492 posuit,
1407 5422 1756 5479 ntservirent
1785 5438 1916 5491 ope.

319 5488 470 5543 ribus
502 5491 678 5561 regis:
714 5493 814 5561 ipsi
843 5498 986 5550 enim
1011 5488 1295 5551 erant-viri
1318 5488 1634 5557 bcllatores,
1664 5504 1719 5549 et
1745 5488 1914 5552 duces

321 5561 501 5636 primi,
526 5571 581 5616 et
611 5564 880 5633 principes
910 5567 1296 5636 quadrigarum
1322 5578 1376 5622 et
1397 5569 1642 5636 equitum
1664 5570 1804 5636 ejus.

390 5635 604 5709 Omnes
618 5644 802 5692 autem
836 5635 1407 5708 principes’exercitus
1431 5635 1577 5709 regis
1607 5639 1915 5696 Salomonis

319 5705 539 5830 {:Iclt'ttlii.
575 5706 792 5764 ducenti
837 5705 1224 5783 quinquaginta
1253 5755 1267 5779 ,
1316 5712 1409 5782 qtti
1455 5705 1777 5769 erudiebant
1821 5727 1914 5782 po-

365 5793 392 5830 u
423 5792 531 5830 um.

321 5790 531 5848 putum.

394 5848 585 5909 Filiam
613 5865 747 5910 vero
788 5853 1089 5915 Pharaonis
1133 5857 1404 5917 transtulit
1450 5857 1520 5916 de
1549 5858 1768 5916 civitate
1813 5859 1917 5917 Da-

2079 3271 2231 3338 Qnod
2265 3282 2548 3341 postquam
2572 3271 2729 3339 vidit,
2763 3271 3086 3340 sapientiam
3116 3276 3322 3330 scilicet
3349 3274 3596 3329 Salomo-

2009 3344 2114 3410 nis,
2149 3355 2200 3397 et
2231 3343 2448 3397 domum
2499 3360 2660 3414 quam
2709 3343 3093 3412 aalitieaverat,
3149 3360 3249 3400 nec
3300 3362 3407 3400 non
3436 3354 3492 3400 et
3525 3347 3601 3399 ei-

2007 3415 2159 3470 haria
2193 3428 2393 3470 mensa:
2423 3413 2564 3482 eius,
2597 3424 2654 3471 et
2682 3413 2988 3471 habitarula
3008 3432 3312 3484 servorum,
3333 3426 3395 3470 et.
3416 3417 3596 3472 olticia

2008 3488 2380 3544 ministrorum
2411 3486 2552 3558 ejus,
2596 3496 2654 3541 et
2697 3489 3017 3543 vestimenta
3049 3504 3260 3554 eorum,
3298 3489 3588 3558 pineeruas

2006 3573 2222 3631 quoque
2248 3566 2304 3631 et
2330 3567 2510 3614 vestes
2532 3573 2744 3631 eorum,
2779 3569 2834 3612 ct
2865 3560 3109 3614 victimas
3127 3574 3261 3630 quas
3288 3561 3604 3615 immolabat

2007 3630 2061 3687 in
2094 3633 2256 3686 domo
2291 3630 2504 3686 Domini
2538 3647 2551 3684 :
2580 3630 2697 3686 non
2720 3640 2838 3686 erat
2881 3648 2994 3702 pra:
3023 3640 3246 3702 stupore
3285 3632 3426 3686 ultra
3457 3631 3510 3686 in
3535 3647 3600 3687 ea

2004 3703 2247 3758 sniritus.

2011 3721 2027 3758 5
2074 3720 2247 3757 II’IIIIS.

2011 3720 2329 3842 .pDixitque
2351 3772 2416 3828 ad
2446 3789 2628 3845 regem
2657 3795 2670 3829 :
2701 3771 2878 3830 Verus
2899 3789 3104 3840 sermo,
3126 3790 3289 3844 quem
3314 3774 3596 3830 audieram

2008 3848 2062 3903 in
2096 3860 2236 3900 terra
2263 3861 2378 3900 mea
2409 3845 2476 3898 de
2511 3845 2806 3901 virtutibus
2827 3855 2883 3900 et
2901 3847 3169 3912 sapientia
3190 3855 3302 3900 tua.

2079 3919 2197 3988 Non
2223 3916 2516 3972 credebam
2549 3918 2925 3984 narrantibus,
2949 3917 3122 3972 donec
3149 3917 3270 3988 ipsa
3301 3919 3599 3984 venissem,

2005 3998 2062 4046 et
2089 3987 2363 4044 vidissent
2388 3990 2527 4042 oculi
2558 3990 2696 4052 mei,
2731 4000 2786 4043 et
2814 3991 3169 4057 probassem,
3201 3988 3288 4042 vix
3333 3990 3596 4045 medieta-

2007 4071 2117 4118 tem
2145 4061 2429 4128 sapientia:
2459 4069 2563 4114 tua:
2590 4060 2722 4115 mihi
2757 4062 2925 4116 fuisse
2953 4069 3228 4116 narratam
3263 4078 3274 4113 :
3309 4061 3485 4116 vicisti
3517 4060 3598 4114 fa-

2007 4151 2150 4188 mam
2180 4132 2472 4188 virtutibus
2497 4133 2624 4188 tuis.
3474 4153 3478 4157 ·

2081 4205 2225 4260 Beati
2250 4203 2349 4258 viri
2379 4205 2477 4268 tui,
2510 4215 2566 4258 et
2595 4203 2740 4258 beati
2786 4203 2928 4259 servi
2956 4203 3032 4258 tui
3058 4219 3072 4258 :
3097 4203 3149 4257 hi
3197 4203 3290 4273 qui
3337 4204 3636 4259 assistunt~

2005 4293 2192 4333 coram
2224 4274 2357 4332 tein
2400 4274 2549 4330 omni
2596 4284 2870 4344 tempore,
2914 4284 2970 4329 ct
3013 4274 3242 4332 audiunt
3266 4275 3591 4346 sapientiam

2009 4358 2175 4404 tuam.

2079 4423 2159 4476 Sit
2191 4419 2450 4474 Dominus
2477 4416 2620 4471 Deus
2658 4426 2781 4472 tuus
2819 4416 3170 4482 benedictus,
3202 4417 3292 4487 qui
3332 4416 3506 4473 voluit
3545 4426 3598 4472 te

2006 4492 2262 4546 ordinare
2303 4504 2468 4560 super
2502 4488 2758 4543 thronum
2787 4503 2982 4556 suum,
3022 4505 3205 4560 regem
3247 4489 3467 4544 Domini
3497 4489 3596 4546 Dei

2008 4575 2107 4620 ιιιι.

2076 4632 2214 4702 Quia
2232 4632 2406 4703 diligit
2436 4638 2582 4692 Deus
2609 4630 2779 4688 Israel
2804 4674 2820 4700 ,
2865 4642 2922 4687 et
2957 4633 3069 4688 vult
3115 4647 3334 4688 servare
3376 4647 3500 4687 eum
3541 4631 3594 4687 in

2007 4718 2296 4765 aeternum.
2328 4705 2532 4764 idcirco
2577 4706 2754 4775 posuit
2784 4717 2836 4761 te
2864 4719 3028 4775 super
3056 4719 3179 4762 eum
3211 4720 3416 4774 regem,
3449 4713 3507 4759 ut
3529 4705 3598 4758 ta-

2006 4781 2121 4835 cias
2143 4776 2347 4845 judicia
2373 4789 2532 4844 atque
2558 4774 2845 4842 justitiam.

2081 4849 2236 4904 Dedit
2267 4860 2447 4905 autem
2479 4849 2591 4918 regi
2634 4855 2852 4903 centum
2885 4849 3073 4920 viginti
3101 4849 3317 4920 talenta
3341 4847 3493 4911 auri,
3539 4855 3596 4902 ct

2005 4928 2248 4976 aromata
2272 4923 2439 4977 multa
2461 4920 2644 4983 nimis,
2675 4929 2729 4974 et
2755 4919 2997 4990 genuinas
3024 4919 3445 4992 pretiosissimas
3472 4937 3486 4971 :

2082 4993 2196 5049 Non
2225 4992 2444 5050 fuerunt
2477 4999 2718 5050 aromata
2750 4988 2878 5048 talia
2909 5003 2967 5050 ut
3012 4988 3130 5050 htec
3169 5007 3289 5063 quae
3321 4988 3476 5045 dedit
3503 5004 3594 5046 re-

2015 5067 2137 5138 gina
2169 5064 2309 5120 Saba
2344 5067 2454 5136 regi
2483 5065 2784 5122 Salomoni.

2089 5138 2198 5193 Sed
2224 5145 2277 5190 et
2299 5132 2442 5193 servi
2469 5140 2668 5194 tluram
2696 5151 2818 5191 cum
2849 5135 3024 5194 servis
3051 5133 3362 5193 Salomonis
3393 5132 3593 5187 attule-

2020 5221 2363 5286 rnnt_au_ru_m
2397 5212 2466 5266 de
2495 5206 2788 5286 Uphirhet
2837 5211 2981 5286 ligna
3011 5208 3219 5286 thyina,
3255 5216 3309 5286 et
3355 5219 3599 5286 gemmas

2021 5281 2444 5352 pretiosissimas
2481 5301 2490 5336 :
2522 5277 2588 5337 de
2619 5280 2812 5352 quibus
2841 5277 2968 5336 fecit
3010 5277 3138 5348 rex,
3167 5277 3418 5352 deilignis
3451 5277 3601 5331 scili-

2019 5350 2107 5409 cet
2136 5352 2359 5425 tltyiuis,
2385 5353 2582 5425 gradus
2615 5353 2666 5404 in
2695 5351 2856 5408 domo
2888 5352 3125 5425 Domini,
3159 5359 3216 5406 et
3237 5351 3292 5425 iu
3320 5350 3483 5404 domo
3508 5364 3599 5402 rc-

2019 5429 2126 5498 gia.
2160 5422 2409 5480 citharas
2428 5437 2665 5498 quoque,
2701 5431 2758 5498 et
2787 5424 3039 5498 psalteria
3063 5422 3428 5498 cantoribus:

2098 5498 2396 5566 Numquam
2428 5491 2538 5552 visa
2560 5491 2695 5551 sunt
2723 5491 2943 5551 interra
2975 5494 3110 5551 Iuda
3138 5496 3278 5561 ligna
3307 5491 3456 5546 talia.

2091 5569 2206 5624 Rex
2229 5578 2411 5623 autem
2435 5569 2691 5626 Salomon
2713 5567 2862 5624 dedit
2884 5569 3084 5637 regina-
3105 5567 3244 5622 Saba
3268 5571 3602 5637 CllllCltl_(|tltl3

2020 5640 2206 5704 voluit,
2234 5649 2286 5694 et
2311 5656 2433 5712 qum
2462 5639 2772 5712 postulavit,
2798 5635 2967 5696 multo
2993 5638 3141 5710 plura
3161 5651 3323 5707 quam
3345 5635 3604 5689 attulerat

2017 5716 2084 5770 ad
2106 5730 2228 5769 cum
2261 5730 2273 5766 :

2088 5784 2222 5853 Qua:
2265 5801 2507 5856 reversa,
2549 5787 2686 5844 abiit
2733 5786 2786 5843 in
2819 5793 3020 5844 terram
3063 5797 3215 5840 suam
3259 5795 3386 5839 eum
3433 5778 3608 5836 servis

2018 5860 2157 5918 suis.

3103 558 3227 628 quia
3258 559 3501 628 ingressa
3541 569 3625 615 cst
3703 579 3708 583 ·
