  <div class='ocr_page' id='page_1' title='image "/cluster/home/n/w/nwhite01/storage/ocr_20150623/28/hvd.32044015471410/692.png"; bbox 0 0 4112 6354; ppageno 0'>
   <div class='ocr_carea' id='block_1_1' title="bbox 273 276 416 338">
    <p class='ocr_par' dir='ltr' id='par_1_1' title="bbox 273 276 416 338">
     <span class='ocr_line' id='line_1_1' title="bbox 273 276 416 338; baseline 0.014 -2"><span class='ocrx_word' id='word_1_1' title='bbox 273 276 416 338; x_wconf 74' lang='lat' dir='ltr'><strong>i573</strong></span> 
     </span>
    </p>
   </div>
   <div class='ocr_carea' id='block_1_2' title="bbox 1627 283 2187 344">
    <p class='ocr_par' dir='ltr' id='par_1_2' title="bbox 1627 283 2187 344">
     <span class='ocr_line' id='line_1_2' title="bbox 1627 283 2187 344; baseline 0.005 -5"><span class='ocrx_word' id='word_1_2' title='bbox 1627 283 1861 341; x_wconf 75' lang='grc' dir='ltr'><strong>νΕιιΒΑ</strong></span> <span class='ocrx_word' id='word_1_3' title='bbox 1901 283 2187 344; x_wconf 78' lang='lat' dir='ltr'><strong>DIERUM.</strong></span> 
     </span>
    </p>
   </div>
   <div class='ocr_carea' id='block_1_3' title="bbox 3424 289 3562 350">
    <p class='ocr_par' dir='ltr' id='par_1_3' title="bbox 3424 289 3562 350">
     <span class='ocr_line' id='line_1_3' title="bbox 3424 289 3562 350; baseline 0.029 -4"><span class='ocrx_word' id='word_1_4' title='bbox 3424 289 3446 346; x_wconf 78' lang='grc' dir='ltr'><strong>Ι</strong></span> <span class='ocrx_word' id='word_1_5' title='bbox 3459 290 3562 350; x_wconf 71' lang='grc'><strong>374</strong></span> 
     </span>
    </p>
   </div>
   <div class='ocr_carea' id='block_1_4' title="bbox 343 391 3562 467">
    <p class='ocr_par' dir='ltr' id='par_1_4' title="bbox 343 391 3562 467">
     <span class='ocr_line' id='line_1_4' title="bbox 343 391 3562 467; baseline 0 -17"><span class='ocrx_word' id='word_1_6' title='bbox 343 393 585 466; x_wconf 90' lang='lat' dir='ltr'><strong>Cumque</strong></span> <span class='ocrx_word' id='word_1_7' title='bbox 612 393 892 453; x_wconf 78' lang='lat' dir='ltr'><strong>clausisset</strong></span> <span class='ocrx_word' id='word_1_8' title='bbox 921 408 1012 452; x_wconf 90' lang='lat' dir='ltr'><strong>eas</strong></span> <span class='ocrx_word' id='word_1_9' title='bbox 1043 393 1232 462; x_wconf 88' lang='lat' dir='ltr'><strong>muris,</strong></span> <span class='ocrx_word' id='word_1_10' title='bbox 1261 393 1444 467; x_wconf 87' lang='lat' dir='ltr'><strong>posuit</strong></span> <span class='ocrx_word' id='word_1_11' title='bbox 1473 392 1526 448; x_wconf 90' lang='lat' dir='ltr'><strong>in</strong></span> <span class='ocrx_word' id='word_1_12' title='bbox 1556 393 1635 467; x_wconf 85' lang='lat' dir='ltr'><strong>eis</strong></span> <span class='ocrx_word' id='word_1_13' title='bbox 1669 395 1864 464; x_wconf 81' lang='lat' dir='ltr'><strong>princi-</strong></span> <span class='ocrx_word' id='word_1_14' title='bbox 1897 398 1944 458; x_wconf 77' lang='grc' dir='ltr'>Α</span> <span class='ocrx_word' id='word_1_15' title='bbox 2043 394 2282 467; x_wconf 82' lang='lat' dir='ltr'><strong>Cumque</strong></span> <span class='ocrx_word' id='word_1_16' title='bbox 2307 395 2559 454; x_wconf 89' lang='lat' dir='ltr'><strong>introiret</strong></span> <span class='ocrx_word' id='word_1_17' title='bbox 2585 409 2677 452; x_wconf 84' lang='lat' dir='ltr'><strong>rex</strong></span> <span class='ocrx_word' id='word_1_18' title='bbox 2727 391 2946 452; x_wconf 90' lang='lat' dir='ltr'><strong>domum</strong></span> <span class='ocrx_word' id='word_1_19' title='bbox 2999 393 3229 458; x_wconf 89' lang='lat' dir='ltr'><strong>Domini.</strong></span> <span class='ocrx_word' id='word_1_20' title='bbox 3277 398 3562 456; x_wconf 75' lang='lat' dir='ltr'><strong>veniebant</strong></span> 
     </span>
    </p>
   </div>
   <div class='ocr_carea' id='block_1_5' title="bbox 270 466 1668 539">
    <p class='ocr_par' dir='ltr' id='par_1_5' title="bbox 270 466 1668 539">
     <span class='ocr_line' id='line_1_5' title="bbox 270 466 1668 539; baseline -0.004 -14"><span class='ocrx_word' id='word_1_21' title='bbox 270 483 389 539; x_wconf 85' lang='lat' dir='ltr'><strong>pes.</strong></span> <span class='ocrx_word' id='word_1_22' title='bbox 420 469 774 535; x_wconf 78' lang='lat' dir='ltr'><strong>ciborumque</strong></span> <span class='ocrx_word' id='word_1_23' title='bbox 807 468 1020 534; x_wconf 85' lang='lat' dir='ltr'><strong>horrea,</strong></span> <span class='ocrx_word' id='word_1_24' title='bbox 1056 468 1159 522; x_wconf 87' lang='lat' dir='ltr'><strong>ltoe</strong></span> <span class='ocrx_word' id='word_1_25' title='bbox 1187 477 1289 535; x_wconf 86' lang='lat' dir='ltr'><strong>est,</strong></span> <span class='ocrx_word' id='word_1_26' title='bbox 1321 466 1426 521; x_wconf 88' lang='lat' dir='ltr'><strong>olei</strong></span> <span class='ocrx_word' id='word_1_27' title='bbox 1454 475 1509 520; x_wconf 90' lang='lat' dir='ltr'><strong>et</strong></span> <span class='ocrx_word' id='word_1_28' title='bbox 1539 466 1668 521; x_wconf 77' lang='lat' dir='ltr'><strong>vini.</strong></span> 
     </span>
    </p>
   </div>
   <div class='ocr_carea' id='block_1_6' title="bbox 341 539 1865 610">
    <p class='ocr_par' dir='ltr' id='par_1_6' title="bbox 341 539 1865 610">
     <span class='ocr_line' id='line_1_6' title="bbox 341 539 1865 610; baseline -0.003 -15"><span class='ocrx_word' id='word_1_29' title='bbox 341 539 449 595; x_wconf 89' lang='lat' dir='ltr'><strong>Sed</strong></span> <span class='ocrx_word' id='word_1_30' title='bbox 483 550 539 594; x_wconf 89' lang='lat' dir='ltr'><strong>et</strong></span> <span class='ocrx_word' id='word_1_31' title='bbox 563 541 614 594; x_wconf 88' lang='lat' dir='ltr'><strong>itt</strong></span> <span class='ocrx_word' id='word_1_32' title='bbox 639 539 862 610; x_wconf 81' lang='lat' dir='ltr'><strong>singulis</strong></span> <span class='ocrx_word' id='word_1_33' title='bbox 891 539 1114 594; x_wconf 82' lang='lat' dir='ltr'><strong>urbibus</strong></span> <span class='ocrx_word' id='word_1_34' title='bbox 1141 539 1268 593; x_wconf 61' lang='lat' dir='ltr'><strong>fecit</strong></span> <span class='ocrx_word' id='word_1_35' title='bbox 1297 540 1711 592; x_wconf 86' lang='lat' dir='ltr'><strong>armamentaria</strong></span> <span class='ocrx_word' id='word_1_36' title='bbox 1745 555 1865 610; x_wconf 82' lang='lat' dir='ltr'><strong>sett-</strong></span> 
     </span>
    </p>
   </div>
   <div class='ocr_carea' id='block_1_7' title="bbox 268 609 1863 681">
    <p class='ocr_par' dir='ltr' id='par_1_7' title="bbox 268 609 1863 681">
     <span class='ocr_line' id='line_1_7' title="bbox 268 609 1863 681; baseline -0.003 -15"><span class='ocrx_word' id='word_1_37' title='bbox 268 620 444 666; x_wconf 89' lang='lat' dir='ltr'><strong>torunt</strong></span> <span class='ocrx_word' id='word_1_38' title='bbox 473 621 528 666; x_wconf 89' lang='lat' dir='ltr'><strong>et</strong></span> <span class='ocrx_word' id='word_1_39' title='bbox 554 609 847 677; x_wconf 81' lang='lat' dir='ltr'><strong>hastarum,</strong></span> <span class='ocrx_word' id='word_1_40' title='bbox 880 611 1222 681; x_wconf 83' lang='lat' dir='ltr'><strong>ﬁrmavitque</strong></span> <span class='ocrx_word' id='word_1_41' title='bbox 1252 624 1344 664; x_wconf 89' lang='lat' dir='ltr'><strong>eas</strong></span> <span class='ocrx_word' id='word_1_42' title='bbox 1375 609 1539 664; x_wconf 91' lang='lat' dir='ltr'><strong>multa</strong></span> <span class='ocrx_word' id='word_1_43' title='bbox 1565 609 1863 681; x_wconf 77' lang='lat' dir='ltr'><strong>diligentia,</strong></span> 
     </span>
    </p>
   </div>
   <div class='ocr_carea' id='block_1_8' title="bbox 266 681 1469 753">
    <p class='ocr_par' dir='ltr' id='par_1_8' title="bbox 266 681 1469 753">
     <span class='ocr_line' id='line_1_8' title="bbox 266 681 1469 753; baseline -0.002 -14"><span class='ocrx_word' id='word_1_44' title='bbox 266 692 324 739; x_wconf 88' lang='lat' dir='ltr'><strong>ct</strong></span> <span class='ocrx_word' id='word_1_45' title='bbox 358 683 643 752; x_wconf 78' lang='lat' dir='ltr'><strong>imperavit</strong></span> <span class='ocrx_word' id='word_1_46' title='bbox 668 699 830 753; x_wconf 86' lang='lat' dir='ltr'><strong>Super</strong></span> <span class='ocrx_word' id='word_1_47' title='bbox 859 682 1052 738; x_wconf 85' lang='lat' dir='ltr'><strong>Jttdam</strong></span> <span class='ocrx_word' id='word_1_48' title='bbox 1083 693 1134 736; x_wconf 87' lang='lat' dir='ltr'><strong>et</strong></span> <span class='ocrx_word' id='word_1_49' title='bbox 1167 681 1469 752; x_wconf 87' lang='lat' dir='ltr'><strong>Benjamitt.</strong></span> 
     </span>
    </p>
   </div>
   <div class='ocr_carea' id='block_1_9' title="bbox 339 753 1866 824">
    <p class='ocr_par' dir='ltr' id='par_1_9' title="bbox 339 753 1866 824">
     <span class='ocr_line' id='line_1_9' title="bbox 339 753 1866 824; baseline -0.001 -14"><span class='ocrx_word' id='word_1_50' title='bbox 339 754 664 811; x_wconf 87' lang='lat' dir='ltr'><strong>Sacerdotes</strong></span> <span class='ocrx_word' id='word_1_51' title='bbox 692 765 871 810; x_wconf 88' lang='lat' dir='ltr'><strong>autem</strong></span> <span class='ocrx_word' id='word_1_52' title='bbox 898 764 951 810; x_wconf 91' lang='lat' dir='ltr'><strong>et</strong></span> <span class='ocrx_word' id='word_1_53' title='bbox 984 755 1202 821; x_wconf 84' lang='lat' dir='ltr'><strong>l.evit:c,</strong></span> <span class='ocrx_word' id='word_1_54' title='bbox 1238 753 1328 824; x_wconf 87' lang='lat' dir='ltr'><strong>qui</strong></span> <span class='ocrx_word' id='word_1_55' title='bbox 1355 762 1508 808; x_wconf 89' lang='lat' dir='ltr'><strong>erant</strong></span> <span class='ocrx_word' id='word_1_56' title='bbox 1531 753 1582 807; x_wconf 91' lang='lat' dir='ltr'><strong>in</strong></span> <span class='ocrx_word' id='word_1_57' title='bbox 1613 753 1866 809; x_wconf 84' lang='lat' dir='ltr'><strong>universo</strong></span> 
     </span>
    </p>
   </div>
   <div class='ocr_carea' id='block_1_10' title="bbox 264 824 1859 893">
    <p class='ocr_par' dir='ltr' id='par_1_10' title="bbox 264 824 1859 893">
     <span class='ocr_line' id='line_1_10' title="bbox 264 824 1859 893; baseline -0.001 -13"><span class='ocrx_word' id='word_1_58' title='bbox 264 824 458 893; x_wconf 83' lang='lat' dir='ltr'><strong>Israel,</strong></span> <span class='ocrx_word' id='word_1_59' title='bbox 492 835 760 882; x_wconf 85' lang='lat' dir='ltr'><strong>venerunt</strong></span> <span class='ocrx_word' id='word_1_60' title='bbox 803 827 869 880; x_wconf 90' lang='lat' dir='ltr'><strong>ad</strong></span> <span class='ocrx_word' id='word_1_61' title='bbox 913 842 1036 881; x_wconf 91' lang='lat' dir='ltr'><strong>eum</strong></span> <span class='ocrx_word' id='word_1_62' title='bbox 1084 827 1151 882; x_wconf 86' lang='lat' dir='ltr'><strong>de</strong></span> <span class='ocrx_word' id='word_1_63' title='bbox 1198 825 1405 880; x_wconf 88' lang='lat' dir='ltr'><strong>cunctis</strong></span> <span class='ocrx_word' id='word_1_64' title='bbox 1454 825 1671 878; x_wconf 76' lang='lat' dir='ltr'><strong>sedibus</strong></span> <span class='ocrx_word' id='word_1_65' title='bbox 1726 827 1859 891; x_wconf 88' lang='lat' dir='ltr'><strong>suis,</strong></span> 
     </span>
    </p>
   </div>
   <div class='ocr_carea' id='block_1_11' title="bbox 261 898 1865 967">
    <p class='ocr_par' dir='ltr' id='par_1_11' title="bbox 261 898 1865 967">
     <span class='ocr_line' id='line_1_11' title="bbox 261 898 1865 967; baseline -0.002 -14"><span class='ocrx_word' id='word_1_66' title='bbox 261 899 634 967; x_wconf 82' lang='lat' dir='ltr'><strong>relinquentes</strong></span> <span class='ocrx_word' id='word_1_67' title='bbox 653 898 960 954; x_wconf 84' lang='lat' dir='ltr'><strong>suburbana</strong></span> <span class='ocrx_word' id='word_1_68' title='bbox 983 911 1033 952; x_wconf 90' lang='lat' dir='ltr'><strong>et</strong></span> <span class='ocrx_word' id='word_1_69' title='bbox 1055 899 1422 966; x_wconf 77' lang='lat' dir='ltr'><strong>possessiones</strong></span> <span class='ocrx_word' id='word_1_70' title='bbox 1443 911 1593 962; x_wconf 86' lang='lat' dir='ltr'><strong>suas,</strong></span> <span class='ocrx_word' id='word_1_71' title='bbox 1614 906 1668 951; x_wconf 91' lang='lat' dir='ltr'><strong>et</strong></span> <span class='ocrx_word' id='word_1_72' title='bbox 1691 907 1865 951; x_wconf 89' lang='lat' dir='ltr'><strong>trans-</strong></span> 
     </span>
    </p>
   </div>
   <div class='ocr_carea' id='block_1_12' title="bbox 261 967 1864 1036">
    <p class='ocr_par' dir='ltr' id='par_1_12' title="bbox 261 967 1864 1036">
     <span class='ocr_line' id='line_1_12' title="bbox 261 967 1864 1036; baseline -0.002 -11"><span class='ocrx_word' id='word_1_73' title='bbox 261 979 459 1025; x_wconf 84' lang='lat' dir='ltr'><strong>euntes</strong></span> <span class='ocrx_word' id='word_1_74' title='bbox 497 970 563 1024; x_wconf 91' lang='lat' dir='ltr'><strong>ad</strong></span> <span class='ocrx_word' id='word_1_75' title='bbox 611 969 802 1025; x_wconf 89' lang='lat' dir='ltr'><strong>Judatn</strong></span> <span class='ocrx_word' id='word_1_76' title='bbox 841 981 893 1025; x_wconf 86' lang='lat' dir='ltr'><strong>et</strong></span> <span class='ocrx_word' id='word_1_77' title='bbox 942 969 1242 1024; x_wconf 79' lang='lat' dir='ltr'><strong>Jerusalem</strong></span> <span class='ocrx_word' id='word_1_78' title='bbox 1269 985 1282 1021; x_wconf 91' lang='lat'><strong>:</strong></span> <span class='ocrx_word' id='word_1_79' title='bbox 1311 985 1376 1023; x_wconf 88' lang='lat' dir='ltr'><strong>eo</strong></span> <span class='ocrx_word' id='word_1_80' title='bbox 1403 967 1545 1036; x_wconf 81' lang='lat' dir='ltr'><strong>quod</strong></span> <span class='ocrx_word' id='word_1_81' title='bbox 1574 968 1864 1032; x_wconf 86' lang='lat' dir='ltr'><strong>abjccisset</strong></span> 
     </span>
    </p>
   </div>
   <div class='ocr_carea' id='block_1_13' title="bbox 263 1038 1861 1112">
    <p class='ocr_par' dir='ltr' id='par_1_13' title="bbox 263 1038 1861 1112">
     <span class='ocr_line' id='line_1_13' title="bbox 263 1038 1861 1112; baseline 0.001 -20"><span class='ocrx_word' id='word_1_82' title='bbox 263 1057 363 1095; x_wconf 81' lang='lat' dir='ltr'><strong>eos</strong></span> <span class='ocrx_word' id='word_1_83' title='bbox 389 1041 700 1109; x_wconf 81' lang='lat' dir='ltr'><strong>Jeroboant,</strong></span> <span class='ocrx_word' id='word_1_84' title='bbox 731 1052 785 1097; x_wconf 90' lang='lat' dir='ltr'><strong>et</strong></span> <span class='ocrx_word' id='word_1_85' title='bbox 812 1043 1011 1110; x_wconf 80' lang='lat' dir='ltr'><strong>posteri</strong></span> <span class='ocrx_word' id='word_1_86' title='bbox 1041 1041 1179 1112; x_wconf 89' lang='lat' dir='ltr'><strong>ejus,</strong></span> <span class='ocrx_word' id='word_1_87' title='bbox 1219 1055 1286 1096; x_wconf 85' lang='lat' dir='ltr'><strong>ne</strong></span> <span class='ocrx_word' id='word_1_88' title='bbox 1316 1038 1620 1095; x_wconf 70' lang='lat' dir='ltr'><strong>sacerdotio</strong></span> <span class='ocrx_word' id='word_1_89' title='bbox 1650 1039 1861 1094; x_wconf 84' lang='lat' dir='ltr'><strong>Domini</strong></span> 
     </span>
    </p>
   </div>
   <div class='ocr_carea' id='block_1_14' title="bbox 260 1112 638 1181">
    <p class='ocr_par' dir='ltr' id='par_1_14' title="bbox 260 1112 638 1181">
     <span class='ocr_line' id='line_1_14' title="bbox 260 1112 638 1181; baseline 0.003 -14"><span class='ocrx_word' id='word_1_90' title='bbox 260 1112 638 1181; x_wconf 80' lang='lat' dir='ltr'><strong>fungerentur.</strong></span> 
     </span>
    </p>
   </div>
   <div class='ocr_carea' id='block_1_15' title="bbox 331 1181 1860 1253">
    <p class='ocr_par' dir='ltr' id='par_1_15' title="bbox 331 1181 1860 1253">
     <span class='ocr_line' id='line_1_15' title="bbox 331 1181 1860 1253; baseline 0.002 -18"><span class='ocrx_word' id='word_1_91' title='bbox 331 1185 433 1253; x_wconf 86' lang='lat' dir='ltr'><strong>Qui</strong></span> <span class='ocrx_word' id='word_1_92' title='bbox 465 1184 746 1240; x_wconf 71' lang='lat' dir='ltr'><strong>constituit</strong></span> <span class='ocrx_word' id='word_1_93' title='bbox 774 1185 876 1239; x_wconf 87' lang='lat' dir='ltr'><strong>sibi</strong></span> <span class='ocrx_word' id='word_1_94' title='bbox 907 1183 1217 1239; x_wconf 78' lang='lat' dir='ltr'><strong>Sacerdotes</strong></span> <span class='ocrx_word' id='word_1_95' title='bbox 1247 1183 1611 1251; x_wconf 87' lang='lat' dir='ltr'><strong>excelsorttm,</strong></span> <span class='ocrx_word' id='word_1_96' title='bbox 1657 1193 1709 1237; x_wconf 90' lang='lat' dir='ltr'><strong>et</strong></span> <span class='ocrx_word' id='word_1_97' title='bbox 1750 1181 1860 1238; x_wconf 60' lang='lat' dir='ltr'><strong>din-</strong></span> 
     </span>
    </p>
   </div>
   <div class='ocr_carea' id='block_1_16' title="bbox 264 1256 1498 1325">
    <p class='ocr_par' dir='ltr' id='par_1_16' title="bbox 264 1256 1498 1325">
     <span class='ocr_line' id='line_1_16' title="bbox 264 1256 1498 1325; baseline -0.002 -15"><span class='ocrx_word' id='word_1_98' title='bbox 264 1259 594 1322; x_wconf 87' lang='lat' dir='ltr'><strong>ntoniorttm,</strong></span> <span class='ocrx_word' id='word_1_99' title='bbox 624 1258 1020 1324; x_wconf 81' lang='lat' dir='ltr'><strong>vitulorttntqne</strong></span> <span class='ocrx_word' id='word_1_100' title='bbox 1049 1273 1183 1325; x_wconf 88' lang='lat' dir='ltr'><strong>quos</strong></span> <span class='ocrx_word' id='word_1_101' title='bbox 1213 1256 1430 1311; x_wconf 77' lang='lat' dir='ltr'><strong>fecerat.</strong></span> <span class='ocrx_word' id='word_1_102' title='bbox 1491 1291 1498 1298; x_wconf 67' lang='grc' dir='ltr'><strong>ι</strong></span> 
     </span>
    </p>
   </div>
   <div class='ocr_carea' id='block_1_17' title="bbox 331 1325 1862 1395">
    <p class='ocr_par' dir='ltr' id='par_1_17' title="bbox 331 1325 1862 1395">
     <span class='ocr_line' id='line_1_17' title="bbox 331 1325 1862 1395; baseline -0.001 -11"><span class='ocrx_word' id='word_1_103' title='bbox 331 1328 440 1385; x_wconf 87' lang='lat' dir='ltr'><strong>Sed</strong></span> <span class='ocrx_word' id='word_1_104' title='bbox 472 1338 526 1384; x_wconf 89' lang='lat' dir='ltr'><strong>et</strong></span> <span class='ocrx_word' id='word_1_105' title='bbox 555 1329 621 1384; x_wconf 86' lang='lat' dir='ltr'><strong>de</strong></span> <span class='ocrx_word' id='word_1_106' title='bbox 641 1330 848 1385; x_wconf 88' lang='lat' dir='ltr'><strong>cunctis</strong></span> <span class='ocrx_word' id='word_1_107' title='bbox 873 1329 1112 1383; x_wconf 81' lang='lat' dir='ltr'><strong>tribubus</strong></span> <span class='ocrx_word' id='word_1_108' title='bbox 1137 1328 1320 1388; x_wconf 83' lang='lat' dir='ltr'><strong>Israel,</strong></span> <span class='ocrx_word' id='word_1_109' title='bbox 1350 1327 1673 1395; x_wconf 77' lang='lat' dir='ltr'><strong>quicumque</strong></span> <span class='ocrx_word' id='word_1_110' title='bbox 1694 1325 1862 1382; x_wconf 79' lang='lat' dir='ltr'><strong>dede-</strong></span> 
     </span>
    </p>
   </div>
   <div class='ocr_carea' id='block_1_18' title="bbox 255 1399 1854 1469">
    <p class='ocr_par' dir='ltr' id='par_1_18' title="bbox 255 1399 1854 1469">
     <span class='ocr_line' id='line_1_18' title="bbox 255 1399 1854 1469; baseline -0.001 -16"><span class='ocrx_word' id='word_1_111' title='bbox 255 1411 385 1454; x_wconf 82' lang='lat' dir='ltr'><strong>rant</strong></span> <span class='ocrx_word' id='word_1_112' title='bbox 409 1415 505 1455; x_wconf 88' lang='lat' dir='ltr'><strong>eor</strong></span> <span class='ocrx_word' id='word_1_113' title='bbox 548 1415 704 1456; x_wconf 89' lang='lat' dir='ltr'><strong>suum</strong></span> <span class='ocrx_word' id='word_1_114' title='bbox 738 1411 795 1455; x_wconf 87' lang='grc' dir='ltr'><strong>ιιι</strong></span> <span class='ocrx_word' id='word_1_115' title='bbox 834 1417 935 1469; x_wconf 80' lang='lat' dir='ltr'><strong>qna</strong></span> <span class='ocrx_word' id='word_1_116' title='bbox 958 1410 1137 1455; x_wconf 84' lang='lat' dir='ltr'><strong>rcrcut</strong></span> <span class='ocrx_word' id='word_1_117' title='bbox 1170 1399 1450 1455; x_wconf 86' lang='lat' dir='ltr'><strong>Dominum</strong></span> <span class='ocrx_word' id='word_1_118' title='bbox 1481 1399 1647 1453; x_wconf 89' lang='lat' dir='ltr'><strong>Deum</strong></span> <span class='ocrx_word' id='word_1_119' title='bbox 1675 1399 1854 1462; x_wconf 83' lang='lat' dir='ltr'><strong>lsracl,</strong></span> 
     </span>
    </p>
   </div>
   <div class='ocr_carea' id='block_1_19' title="bbox 253 1471 1859 1528">
    <p class='ocr_par' dir='ltr' id='par_1_19' title="bbox 253 1471 1859 1528">
     <span class='ocr_line' id='line_1_19' title="bbox 253 1471 1859 1528; baseline 0.001 -3"><span class='ocrx_word' id='word_1_120' title='bbox 253 1485 523 1526; x_wconf 83' lang='lat' dir='ltr'><strong>venerunt</strong></span> <span class='ocrx_word' id='word_1_121' title='bbox 555 1472 852 1528; x_wconf 72' lang='lat' dir='ltr'><strong>Jerusalem</strong></span> <span class='ocrx_word' id='word_1_122' title='bbox 899 1473 962 1524; x_wconf 88' lang='lat' dir='ltr'><strong>ad</strong></span> <span class='ocrx_word' id='word_1_123' title='bbox 1009 1471 1398 1526; x_wconf 86' lang='lat' dir='ltr'><strong>immolandum</strong></span> <span class='ocrx_word' id='word_1_124' title='bbox 1442 1471 1690 1526; x_wconf 84' lang='lat' dir='ltr'><strong>vietimas</strong></span> <span class='ocrx_word' id='word_1_125' title='bbox 1731 1484 1859 1526; x_wconf 78' lang='lat' dir='ltr'><strong>suas</strong></span> 
     </span>
    </p>
   </div>
   <div class='ocr_carea' id='block_1_20' title="bbox 255 1544 1370 1614">
    <p class='ocr_par' dir='ltr' id='par_1_20' title="bbox 255 1544 1370 1614">
     <span class='ocr_line' id='line_1_20' title="bbox 255 1544 1370 1614; baseline 0 -18"><span class='ocrx_word' id='word_1_126' title='bbox 255 1558 440 1598; x_wconf 81' lang='lat' dir='ltr'><strong>coram</strong></span> <span class='ocrx_word' id='word_1_127' title='bbox 473 1544 702 1600; x_wconf 87' lang='lat' dir='ltr'><strong>Domino</strong></span> <span class='ocrx_word' id='word_1_128' title='bbox 749 1545 857 1600; x_wconf 82' lang='lat' dir='ltr'><strong>Deo</strong></span> <span class='ocrx_word' id='word_1_129' title='bbox 890 1553 1098 1614; x_wconf 87' lang='lat' dir='ltr'><strong>patrum</strong></span> <span class='ocrx_word' id='word_1_130' title='bbox 1127 1559 1370 1597; x_wconf 74' lang='lat' dir='ltr'><strong>suorum.</strong></span> 
     </span>
    </p>
   </div>
   <div class='ocr_carea' id='block_1_21' title="bbox 334 1612 1858 1684">
    <p class='ocr_par' dir='ltr' id='par_1_21' title="bbox 334 1612 1858 1684">
     <span class='ocr_line' id='line_1_21' title="bbox 334 1612 1858 1684; baseline 0 -17"><span class='ocrx_word' id='word_1_131' title='bbox 334 1618 398 1670; x_wconf 74' lang='grc' dir='ltr'>Ιοίι</span> <span class='ocrx_word' id='word_1_132' title='bbox 429 1617 815 1670; x_wconf 82' lang='lat' dir='ltr'><strong>roboraverunt</strong></span> <span class='ocrx_word' id='word_1_133' title='bbox 842 1612 1064 1684; x_wconf 81' lang='lat' dir='ltr'><strong>regnum</strong></span> <span class='ocrx_word' id='word_1_134' title='bbox 1107 1614 1265 1675; x_wconf 87' lang='lat' dir='ltr'><strong>.luda.</strong></span> <span class='ocrx_word' id='word_1_135' title='bbox 1300 1625 1354 1668; x_wconf 90' lang='lat' dir='ltr'><strong>et</strong></span> <span class='ocrx_word' id='word_1_136' title='bbox 1397 1612 1858 1670; x_wconf 84' lang='lat' dir='ltr'><strong>conﬁrmaverunt</strong></span> 
     </span>
    </p>
   </div>
   <div class='ocr_carea' id='block_1_22' title="bbox 253 1684 1855 1752">
    <p class='ocr_par' dir='ltr' id='par_1_22' title="bbox 253 1684 1855 1752">
     <span class='ocr_line' id='line_1_22' title="bbox 253 1684 1855 1752; baseline 0.001 -14"><span class='ocrx_word' id='word_1_137' title='bbox 253 1684 498 1741; x_wconf 76' lang='lat' dir='ltr'><strong>lloboam</strong></span> <span class='ocrx_word' id='word_1_138' title='bbox 532 1688 696 1741; x_wconf 88' lang='lat' dir='ltr'><strong>ﬁlium</strong></span> <span class='ocrx_word' id='word_1_139' title='bbox 729 1685 1037 1740; x_wconf 84' lang='lat' dir='ltr'><strong>Salomonis</strong></span> <span class='ocrx_word' id='word_1_140' title='bbox 1072 1704 1164 1752; x_wconf 87' lang='lat' dir='ltr'><strong>per</strong></span> <span class='ocrx_word' id='word_1_141' title='bbox 1202 1697 1311 1741; x_wconf 89' lang='lat' dir='ltr'><strong>tres</strong></span> <span class='ocrx_word' id='word_1_142' title='bbox 1357 1700 1566 1740; x_wconf 83' lang='lat' dir='ltr'><strong>annos:</strong></span> <span class='ocrx_word' id='word_1_143' title='bbox 1613 1686 1855 1741; x_wconf 88' lang='lat' dir='ltr'><strong>ambula-</strong></span> 
     </span>
    </p>
   </div>
   <div class='ocr_carea' id='block_1_23' title="bbox 251 1758 1857 1824">
    <p class='ocr_par' dir='ltr' id='par_1_23' title="bbox 251 1758 1857 1824">
     <span class='ocr_line' id='line_1_23' title="bbox 251 1758 1857 1824; baseline 0.004 -17"><span class='ocrx_word' id='word_1_144' title='bbox 251 1769 451 1812; x_wconf 89' lang='lat' dir='ltr'><strong>verunt</strong></span> <span class='ocrx_word' id='word_1_145' title='bbox 487 1761 631 1814; x_wconf 85' lang='lat' dir='ltr'><strong>enim</strong></span> <span class='ocrx_word' id='word_1_146' title='bbox 676 1760 730 1813; x_wconf 88' lang='lat' dir='ltr'><strong>in</strong></span> <span class='ocrx_word' id='word_1_147' title='bbox 776 1759 876 1815; x_wconf 89' lang='lat' dir='ltr'><strong>viis</strong></span> <span class='ocrx_word' id='word_1_148' title='bbox 911 1759 1081 1813; x_wconf 74' lang='lat' dir='ltr'><strong>David</strong></span> <span class='ocrx_word' id='word_1_149' title='bbox 1113 1768 1167 1813; x_wconf 91' lang='lat' dir='ltr'><strong>et</strong></span> <span class='ocrx_word' id='word_1_150' title='bbox 1192 1758 1520 1824; x_wconf 84' lang='lat' dir='ltr'><strong>Salomonis,</strong></span> <span class='ocrx_word' id='word_1_151' title='bbox 1553 1758 1710 1816; x_wconf 90' lang='lat' dir='ltr'><strong>anuis</strong></span> <span class='ocrx_word' id='word_1_152' title='bbox 1741 1769 1857 1812; x_wconf 86' lang='lat' dir='ltr'><strong>tart-</strong></span> 
     </span>
    </p>
   </div>
   <div class='ocr_carea' id='block_1_24' title="bbox 253 1830 589 1888">
    <p class='ocr_par' dir='ltr' id='par_1_24' title="bbox 253 1830 589 1888">
     <span class='ocr_line' id='line_1_24' title="bbox 253 1830 589 1888; baseline 0.015 -7"><span class='ocrx_word' id='word_1_153' title='bbox 253 1837 367 1883; x_wconf 90' lang='lat' dir='ltr'><strong>tum</strong></span> <span class='ocrx_word' id='word_1_154' title='bbox 400 1830 589 1888; x_wconf 84' lang='lat' dir='ltr'><strong>tribus.</strong></span> 
     </span>
    </p>
   </div>
   <div class='ocr_carea' id='block_1_25' title="bbox 328 1899 1853 1960">
    <p class='ocr_par' dir='ltr' id='par_1_25' title="bbox 328 1899 1853 1960">
     <span class='ocr_line' id='line_1_25' title="bbox 328 1899 1853 1960; baseline 0.001 -6"><span class='ocrx_word' id='word_1_155' title='bbox 328 1901 486 1956; x_wconf 84' lang='lat' dir='ltr'><strong>Duxit</strong></span> <span class='ocrx_word' id='word_1_156' title='bbox 515 1913 691 1957; x_wconf 89' lang='lat' dir='ltr'><strong>autem</strong></span> <span class='ocrx_word' id='word_1_157' title='bbox 718 1901 958 1958; x_wconf 84' lang='lat' dir='ltr'><strong>Roboam</strong></span> <span class='ocrx_word' id='word_1_158' title='bbox 985 1916 1210 1956; x_wconf 81' lang='lat' dir='ltr'><strong>uxorem</strong></span> <span class='ocrx_word' id='word_1_159' title='bbox 1238 1899 1490 1960; x_wconf 82' lang='lat' dir='ltr'><strong>Maalatlt,</strong></span> <span class='ocrx_word' id='word_1_160' title='bbox 1523 1899 1683 1954; x_wconf 87' lang='lat' dir='ltr'><strong>ﬁliam</strong></span> <span class='ocrx_word' id='word_1_161' title='bbox 1713 1900 1853 1956; x_wconf 83' lang='lat' dir='ltr'><strong>Jeri-</strong></span> 
     </span>
    </p>
   </div>
   <div class='ocr_carea' id='block_1_26' title="bbox 250 1971 1850 2043">
    <p class='ocr_par' dir='ltr' id='par_1_26' title="bbox 250 1971 1850 2043">
     <span class='ocr_line' id='line_1_26' title="bbox 250 1971 1850 2043; baseline 0.001 -19"><span class='ocrx_word' id='word_1_162' title='bbox 250 1975 426 2042; x_wconf 86' lang='lat' dir='ltr'><strong>mutlt,</strong></span> <span class='ocrx_word' id='word_1_163' title='bbox 453 1975 541 2028; x_wconf 86' lang='lat' dir='ltr'><strong>lilii</strong></span> <span class='ocrx_word' id='word_1_164' title='bbox 566 1972 732 2030; x_wconf 85' lang='lat' dir='ltr'><strong>David</strong></span> <span class='ocrx_word' id='word_1_165' title='bbox 758 1991 772 2029; x_wconf 89' lang='lat'><strong>:</strong></span> <span class='ocrx_word' id='word_1_166' title='bbox 806 1973 977 2028; x_wconf 78' lang='lat' dir='ltr'><strong>Abiail</strong></span> <span class='ocrx_word' id='word_1_167' title='bbox 1001 1989 1212 2043; x_wconf 80' lang='lat' dir='ltr'><strong>quoque</strong></span> <span class='ocrx_word' id='word_1_168' title='bbox 1240 1973 1402 2026; x_wconf 85' lang='lat' dir='ltr'><strong>ﬁliam</strong></span> <span class='ocrx_word' id='word_1_169' title='bbox 1431 1971 1582 2026; x_wconf 89' lang='lat' dir='ltr'><strong>Eliab</strong></span> <span class='ocrx_word' id='word_1_170' title='bbox 1612 1972 1702 2026; x_wconf 83' lang='lat' dir='ltr'><strong>lilii</strong></span> <span class='ocrx_word' id='word_1_171' title='bbox 1729 1971 1850 2027; x_wconf 87' lang='lat' dir='ltr'><strong>lsai:</strong></span> 
     </span>
    </p>
   </div>
   <div class='ocr_carea' id='block_1_27' title="bbox 253 2043 1847 2115">
    <p class='ocr_par' dir='ltr' id='par_1_27' title="bbox 253 2043 1847 2115">
     <span class='ocr_line' id='line_1_27' title="bbox 253 2043 1847 2115; baseline 0.001 -16"><span class='ocrx_word' id='word_1_172' title='bbox 253 2062 376 2115; x_wconf 73' lang='lat' dir='ltr'><strong>qua:</strong></span> <span class='ocrx_word' id='word_1_173' title='bbox 427 2049 632 2114; x_wconf 88' lang='lat' dir='ltr'><strong>peperit</strong></span> <span class='ocrx_word' id='word_1_174' title='bbox 679 2046 728 2102; x_wconf 90' lang='lat' dir='ltr'><strong>ei</strong></span> <span class='ocrx_word' id='word_1_175' title='bbox 773 2047 936 2111; x_wconf 89' lang='lat' dir='ltr'><strong>lilios,</strong></span> <span class='ocrx_word' id='word_1_176' title='bbox 963 2044 1112 2113; x_wconf 86' lang='lat' dir='ltr'><strong>.leus,</strong></span> <span class='ocrx_word' id='word_1_177' title='bbox 1141 2058 1193 2098; x_wconf 90' lang='lat' dir='ltr'><strong>ct</strong></span> <span class='ocrx_word' id='word_1_178' title='bbox 1221 2045 1551 2108; x_wconf 81' lang='lat' dir='ltr'><strong>Samariam,</strong></span> <span class='ocrx_word' id='word_1_179' title='bbox 1583 2055 1634 2097; x_wconf 90' lang='lat' dir='ltr'><strong>et</strong></span> <span class='ocrx_word' id='word_1_180' title='bbox 1658 2043 1847 2100; x_wconf 75' lang='lat' dir='ltr'><strong>lenm.</strong></span> 
     </span>
    </p>
   </div>
   <div class='ocr_carea' id='block_1_28' title="bbox 322 2115 1846 2188">
    <p class='ocr_par' dir='ltr' id='par_1_28' title="bbox 322 2115 1846 2188">
     <span class='ocr_line' id='line_1_28' title="bbox 322 2115 1846 2188; baseline 0 -18"><span class='ocrx_word' id='word_1_181' title='bbox 322 2117 450 2170; x_wconf 80' lang='lat' dir='ltr'><strong>Post</strong></span> <span class='ocrx_word' id='word_1_182' title='bbox 479 2120 615 2173; x_wconf 84' lang='lat' dir='ltr'><strong>lianc</strong></span> <span class='ocrx_word' id='word_1_183' title='bbox 640 2133 854 2188; x_wconf 85' lang='lat' dir='ltr'><strong>quoque</strong></span> <span class='ocrx_word' id='word_1_184' title='bbox 884 2118 1095 2186; x_wconf 88' lang='lat' dir='ltr'><strong>accepit</strong></span> <span class='ocrx_word' id='word_1_185' title='bbox 1120 2116 1338 2188; x_wconf 78' lang='lat' dir='ltr'><strong>Maaelta</strong></span> <span class='ocrx_word' id='word_1_186' title='bbox 1368 2115 1533 2170; x_wconf 76' lang='lat' dir='ltr'><strong>ﬁliam</strong></span> <span class='ocrx_word' id='word_1_187' title='bbox 1568 2115 1846 2179; x_wconf 75' lang='lat' dir='ltr'><strong>nbsalom,</strong></span> 
     </span>
    </p>
   </div>
   <div class='ocr_carea' id='block_1_29' title="bbox 244 2187 1844 2259">
    <p class='ocr_par' dir='ltr' id='par_1_29' title="bbox 244 2187 1844 2259">
     <span class='ocr_line' id='line_1_29' title="bbox 244 2187 1844 2259; baseline -0.001 -16"><span class='ocrx_word' id='word_1_188' title='bbox 244 2204 372 2257; x_wconf 70' lang='lat' dir='ltr'><strong>qua:</strong></span> <span class='ocrx_word' id='word_1_189' title='bbox 402 2193 609 2259; x_wconf 62' lang='lat' dir='ltr'><strong>peperit</strong></span> <span class='ocrx_word' id='word_1_190' title='bbox 639 2187 689 2244; x_wconf 82' lang='lat' dir='ltr'><strong>ei</strong></span> <span class='ocrx_word' id='word_1_191' title='bbox 719 2190 871 2250; x_wconf 72' lang='lat' dir='ltr'><strong>Allia,</strong></span> <span class='ocrx_word' id='word_1_192' title='bbox 906 2199 960 2243; x_wconf 88' lang='lat' dir='ltr'><strong>et</strong></span> <span class='ocrx_word' id='word_1_193' title='bbox 991 2188 1163 2248; x_wconf 64' lang='lat' dir='ltr'><strong>litliai.</strong></span> <span class='ocrx_word' id='word_1_194' title='bbox 1197 2201 1250 2242; x_wconf 88' lang='lat' dir='ltr'><strong>et</strong></span> <span class='ocrx_word' id='word_1_195' title='bbox 1275 2187 1423 2249; x_wconf 78' lang='lat' dir='ltr'><strong>Ziza,</strong></span> <span class='ocrx_word' id='word_1_196' title='bbox 1469 2197 1522 2242; x_wconf 92' lang='lat' dir='ltr'><strong>et</strong></span> <span class='ocrx_word' id='word_1_197' title='bbox 1558 2188 1844 2242; x_wconf 83' lang='lat' dir='ltr'><strong>Salomitlt.</strong></span> 
     </span>
    </p>
   </div>
   <div class='ocr_carea' id='block_1_30' title="bbox 321 2258 1849 2325">
    <p class='ocr_par' dir='ltr' id='par_1_30' title="bbox 321 2258 1849 2325">
     <span class='ocr_line' id='line_1_30' title="bbox 321 2258 1849 2325; baseline 0 -11"><span class='ocrx_word' id='word_1_198' title='bbox 321 2258 533 2316; x_wconf 77' lang='lat' dir='ltr'><strong>Amavit</strong></span> <span class='ocrx_word' id='word_1_199' title='bbox 560 2271 738 2316; x_wconf 90' lang='lat' dir='ltr'><strong>autem</strong></span> <span class='ocrx_word' id='word_1_200' title='bbox 767 2261 1004 2315; x_wconf 69' lang='lat' dir='ltr'><strong>liolioam</strong></span> <span class='ocrx_word' id='word_1_201' title='bbox 1028 2260 1243 2314; x_wconf 69' lang='lat' dir='ltr'><strong>blaaclta</strong></span> <span class='ocrx_word' id='word_1_202' title='bbox 1272 2262 1430 2313; x_wconf 86' lang='lat' dir='ltr'><strong>lilium</strong></span> <span class='ocrx_word' id='word_1_203' title='bbox 1454 2258 1733 2325; x_wconf 81' lang='lat' dir='ltr'><strong>Absalom,</strong></span> <span class='ocrx_word' id='word_1_204' title='bbox 1761 2276 1849 2314; x_wconf 85' lang='lat' dir='ltr'><strong>su-</strong></span> 
     </span>
    </p>
   </div>
   <div class='ocr_carea' id='block_1_31' title="bbox 249 2331 1456 2400">
    <p class='ocr_par' dir='ltr' id='par_1_31' title="bbox 249 2331 1456 2400">
     <span class='ocr_line' id='line_1_31' title="bbox 249 2331 1456 2400; baseline 0.001 -18"><span class='ocrx_word' id='word_1_205' title='bbox 249 2345 348 2400; x_wconf 88' lang='lat' dir='ltr'><strong>per</strong></span> <span class='ocrx_word' id='word_1_206' title='bbox 375 2350 564 2390; x_wconf 82' lang='lat' dir='ltr'><strong>omnes</strong></span> <span class='ocrx_word' id='word_1_207' title='bbox 598 2347 793 2388; x_wconf 78' lang='lat' dir='ltr'><strong>uxores</strong></span> <span class='ocrx_word' id='word_1_208' title='bbox 824 2348 972 2397; x_wconf 84' lang='lat' dir='ltr'><strong>suas,</strong></span> <span class='ocrx_word' id='word_1_209' title='bbox 1006 2344 1060 2386; x_wconf 89' lang='lat' dir='ltr'><strong>et</strong></span> <span class='ocrx_word' id='word_1_210' title='bbox 1088 2331 1417 2385; x_wconf 85' lang='lat' dir='ltr'><strong>concubinas</strong></span> <span class='ocrx_word' id='word_1_211' title='bbox 1444 2348 1456 2383; x_wconf 87' lang='lat'><strong>:</strong></span> 
     </span>
    </p>
   </div>
   <div class='ocr_carea' id='block_1_32' title="bbox 317 2402 1846 2465">
    <p class='ocr_par' dir='ltr' id='par_1_32' title="bbox 317 2402 1846 2465">
     <span class='ocr_line' id='line_1_32' title="bbox 317 2402 1846 2465; baseline 0.002 -8"><span class='ocrx_word' id='word_1_212' title='bbox 317 2403 681 2460; x_wconf 74' lang='lat' dir='ltr'><strong>Nammores</strong></span> <span class='ocrx_word' id='word_1_213' title='bbox 710 2405 898 2459; x_wconf 86' lang='lat' dir='ltr'><strong>decem</strong></span> <span class='ocrx_word' id='word_1_214' title='bbox 943 2414 998 2458; x_wconf 88' lang='lat' dir='ltr'><strong>et</strong></span> <span class='ocrx_word' id='word_1_215' title='bbox 1041 2412 1164 2458; x_wconf 82' lang='lat' dir='ltr'><strong>octo</strong></span> <span class='ocrx_word' id='word_1_216' title='bbox 1215 2403 1464 2465; x_wconf 75' lang='lat' dir='ltr'><strong>duxerat,</strong></span> <span class='ocrx_word' id='word_1_217' title='bbox 1517 2402 1846 2460; x_wconf 61' lang='lat' dir='ltr'><strong>concubinas</strong></span> 
     </span>
    </p>
   </div>
   <div class='ocr_carea' id='block_1_33' title="bbox 247 2473 1847 2548">
    <p class='ocr_par' dir='ltr' id='par_1_33' title="bbox 247 2473 1847 2548">
     <span class='ocr_line' id='line_1_33' title="bbox 247 2473 1847 2548; baseline 0.002 -20"><span class='ocrx_word' id='word_1_218' title='bbox 247 2485 427 2548; x_wconf 78' lang='lat' dir='ltr'><strong>autem</strong></span> <span class='ocrx_word' id='word_1_219' title='bbox 455 2478 731 2548; x_wconf 79' lang='lat' dir='ltr'><strong>sexaginta</strong></span> <span class='ocrx_word' id='word_1_220' title='bbox 759 2494 770 2529; x_wconf 90' lang='lat'><strong>:</strong></span> <span class='ocrx_word' id='word_1_221' title='bbox 794 2483 850 2532; x_wconf 88' lang='lat' dir='ltr'><strong>et</strong></span> <span class='ocrx_word' id='word_1_222' title='bbox 869 2476 1054 2546; x_wconf 79' lang='lat' dir='ltr'><strong>genuit</strong></span> <span class='ocrx_word' id='word_1_223' title='bbox 1075 2475 1258 2546; x_wconf 85' lang='lat' dir='ltr'><strong>viginti</strong></span> <span class='ocrx_word' id='word_1_224' title='bbox 1281 2486 1404 2529; x_wconf 89' lang='lat' dir='ltr'><strong>octo</strong></span> <span class='ocrx_word' id='word_1_225' title='bbox 1429 2473 1588 2540; x_wconf 85' lang='lat' dir='ltr'><strong>lilios,</strong></span> <span class='ocrx_word' id='word_1_226' title='bbox 1615 2484 1670 2529; x_wconf 89' lang='lat' dir='ltr'><strong>et</strong></span> <span class='ocrx_word' id='word_1_227' title='bbox 1691 2490 1847 2531; x_wconf 79' lang='lat' dir='ltr'><strong>sexa-</strong></span> 
     </span>
    </p>
   </div>
   <div class='ocr_carea' id='block_1_34' title="bbox 244 2546 583 2616">
    <p class='ocr_par' dir='ltr' id='par_1_34' title="bbox 244 2546 583 2616">
     <span class='ocr_line' id='line_1_34' title="bbox 244 2546 583 2616; baseline 0.006 -14"><span class='ocrx_word' id='word_1_228' title='bbox 244 2546 394 2616; x_wconf 83' lang='lat' dir='ltr'><strong>g&#39;uta</strong></span> <span class='ocrx_word' id='word_1_229' title='bbox 428 2549 583 2604; x_wconf 86' lang='lat' dir='ltr'><strong>tilias.</strong></span> 
     </span>
    </p>
   </div>
   <div class='ocr_carea' id='block_1_35' title="bbox 318 2617 1862 2688">
    <p class='ocr_par' dir='ltr' id='par_1_35' title="bbox 318 2617 1862 2688">
     <span class='ocr_line' id='line_1_35' title="bbox 318 2617 1862 2688; baseline 0 -14"><span class='ocrx_word' id='word_1_230' title='bbox 318 2620 610 2674; x_wconf 71' lang='lat' dir='ltr'><strong>Constituit</strong></span> <span class='ocrx_word' id='word_1_231' title='bbox 640 2634 769 2674; x_wconf 87' lang='lat' dir='ltr'><strong>vero</strong></span> <span class='ocrx_word' id='word_1_232' title='bbox 818 2619 870 2673; x_wconf 92' lang='lat' dir='ltr'><strong>itt</strong></span> <span class='ocrx_word' id='word_1_233' title='bbox 909 2619 1087 2688; x_wconf 81' lang='lat' dir='ltr'><strong>capite</strong></span> <span class='ocrx_word' id='word_1_234' title='bbox 1135 2617 1324 2673; x_wconf 82' lang='lat' dir='ltr'><strong>Abiam</strong></span> <span class='ocrx_word' id='word_1_235' title='bbox 1378 2617 1543 2672; x_wconf 90' lang='lat' dir='ltr'><strong>ﬁlium</strong></span> <span class='ocrx_word' id='word_1_236' title='bbox 1593 2617 1862 2683; x_wconf 33' lang='lat' dir='ltr'><strong>Maacltap</strong></span> 
     </span>
    </p>
   </div>
   <div class='ocr_carea' id='block_1_36' title="bbox 246 2689 1846 2762">
    <p class='ocr_par' dir='ltr' id='par_1_36' title="bbox 246 2689 1846 2762">
     <span class='ocr_line' id='line_1_36' title="bbox 246 2689 1846 2762; baseline 0.003 -20"><span class='ocrx_word' id='word_1_237' title='bbox 246 2689 442 2746; x_wconf 88' lang='lat' dir='ltr'><strong>ducem</strong></span> <span class='ocrx_word' id='word_1_238' title='bbox 469 2708 633 2762; x_wconf 80' lang='lat' dir='ltr'><strong>super</strong></span> <span class='ocrx_word' id='word_1_239' title='bbox 661 2693 854 2746; x_wconf 83' lang='lat' dir='ltr'><strong>fratres</strong></span> <span class='ocrx_word' id='word_1_240' title='bbox 879 2707 1005 2746; x_wconf 89' lang='lat' dir='ltr'><strong>suos</strong></span> <span class='ocrx_word' id='word_1_241' title='bbox 1031 2709 1043 2744; x_wconf 87' lang='lat'><strong>:</strong></span> <span class='ocrx_word' id='word_1_242' title='bbox 1076 2692 1251 2762; x_wconf 86' lang='lat' dir='ltr'><strong>ipsum</strong></span> <span class='ocrx_word' id='word_1_243' title='bbox 1283 2690 1425 2744; x_wconf 90' lang='lat' dir='ltr'><strong>enim</strong></span> <span class='ocrx_word' id='word_1_244' title='bbox 1453 2705 1633 2759; x_wconf 80' lang='lat' dir='ltr'><strong>regem</strong></span> <span class='ocrx_word' id='word_1_245' title='bbox 1665 2689 1846 2747; x_wconf 82' lang='lat' dir='ltr'><strong>facere</strong></span> 
     </span>
    </p>
   </div>
   <div class='ocr_carea' id='block_1_37' title="bbox 244 2761 1845 2834">
    <p class='ocr_par' dir='ltr' id='par_1_37' title="bbox 244 2761 1845 2834">
     <span class='ocr_line' id='line_1_37' title="bbox 244 2761 1845 2834; baseline 0.003 -20"><span class='ocrx_word' id='word_1_246' title='bbox 244 2761 551 2832; x_wconf 65' lang='lat' dir='ltr'><strong>uigilabat,</strong></span> <span class='ocrx_word' id='word_1_247' title='bbox 590 2764 710 2834; x_wconf 79' lang='lat' dir='ltr'><strong>quia</strong></span> <span class='ocrx_word' id='word_1_248' title='bbox 741 2764 1040 2833; x_wconf 71' lang='lat' dir='ltr'><strong>Sapientior</strong></span> <span class='ocrx_word' id='word_1_249' title='bbox 1087 2761 1207 2832; x_wconf 80' lang='lat' dir='ltr'><strong>luit,</strong></span> <span class='ocrx_word' id='word_1_250' title='bbox 1259 2772 1314 2817; x_wconf 87' lang='lat' dir='ltr'><strong>ct</strong></span> <span class='ocrx_word' id='word_1_251' title='bbox 1363 2762 1633 2832; x_wconf 89' lang='lat' dir='ltr'><strong>potentior</strong></span> <span class='ocrx_word' id='word_1_252' title='bbox 1679 2779 1845 2832; x_wconf 81' lang='lat' dir='ltr'><strong>super</strong></span> 
     </span>
    </p>
   </div>
   <div class='ocr_carea' id='block_1_38' title="bbox 243 2836 786 2903">
    <p class='ocr_par' dir='ltr' id='par_1_38' title="bbox 243 2836 786 2903">
     <span class='ocr_line' id='line_1_38' title="bbox 243 2836 786 2903; baseline 0.006 -17"><span class='ocrx_word' id='word_1_253' title='bbox 243 2847 436 2888; x_wconf 89' lang='lat' dir='ltr'><strong>omnes</strong></span> <span class='ocrx_word' id='word_1_254' title='bbox 467 2836 606 2889; x_wconf 74' lang='lat' dir='ltr'><strong>ﬁlios</strong></span> <span class='ocrx_word' id='word_1_255' title='bbox 633 2849 786 2903; x_wconf 78' lang='lat' dir='ltr'><strong>ejus;</strong></span> 
     </span>
    </p>
   </div>
   <div class='ocr_carea' id='block_1_39' title="bbox 314 2903 1844 2974">
    <p class='ocr_par' dir='ltr' id='par_1_39' title="bbox 314 2903 1844 2974">
     <span class='ocr_line' id='line_1_39' title="bbox 314 2903 1844 2974; baseline 0.001 -14"><span class='ocrx_word' id='word_1_256' title='bbox 314 2906 382 2960; x_wconf 76' lang='lat' dir='ltr'><strong>Et</strong></span> <span class='ocrx_word' id='word_1_257' title='bbox 412 2908 460 2958; x_wconf 88' lang='lat' dir='ltr'><strong>in</strong></span> <span class='ocrx_word' id='word_1_258' title='bbox 491 2912 700 2962; x_wconf 86' lang='lat' dir='ltr'><strong>cunctis</strong></span> <span class='ocrx_word' id='word_1_259' title='bbox 729 2907 923 2961; x_wconf 80' lang='lat' dir='ltr'><strong>limbus</strong></span> <span class='ocrx_word' id='word_1_260' title='bbox 951 2905 1110 2969; x_wconf 88' lang='lat' dir='ltr'><strong>Juda,</strong></span> <span class='ocrx_word' id='word_1_261' title='bbox 1144 2915 1198 2960; x_wconf 91' lang='lat' dir='ltr'><strong>et</strong></span> <span class='ocrx_word' id='word_1_262' title='bbox 1227 2903 1529 2974; x_wconf 87' lang='lat' dir='ltr'><strong>Benjamiu,</strong></span> <span class='ocrx_word' id='word_1_263' title='bbox 1563 2915 1614 2960; x_wconf 92' lang='lat' dir='ltr'><strong>et</strong></span> <span class='ocrx_word' id='word_1_264' title='bbox 1643 2904 1695 2960; x_wconf 91' lang='lat' dir='ltr'><strong>in</strong></span> <span class='ocrx_word' id='word_1_265' title='bbox 1727 2906 1844 2962; x_wconf 87' lang='lat' dir='ltr'><strong>tini-</strong></span> 
     </span>
    </p>
   </div>
   <div class='ocr_carea' id='block_1_40' title="bbox 241 2978 1844 3050">
    <p class='ocr_par' dir='ltr' id='par_1_40' title="bbox 241 2978 1844 3050">
     <span class='ocr_line' id='line_1_40' title="bbox 241 2978 1844 3050; baseline 0.002 -21"><span class='ocrx_word' id='word_1_266' title='bbox 241 2980 416 3050; x_wconf 79' lang='lat' dir='ltr'><strong>versis</strong></span> <span class='ocrx_word' id='word_1_267' title='bbox 443 2979 752 3033; x_wconf 75' lang='lat' dir='ltr'><strong>civitatibus</strong></span> <span class='ocrx_word' id='word_1_268' title='bbox 781 2979 1003 3032; x_wconf 78' lang='lat' dir='ltr'><strong>min-atis</strong></span> <span class='ocrx_word' id='word_1_269' title='bbox 1032 2995 1044 3031; x_wconf 94' lang='lat'>:</span> <span class='ocrx_word' id='word_1_270' title='bbox 1083 2981 1421 3049; x_wconf 65' lang='lat' dir='ltr'><strong>praebuitque</strong></span> <span class='ocrx_word' id='word_1_271' title='bbox 1451 2978 1530 3032; x_wconf 91' lang='lat' dir='ltr'><strong>eis</strong></span> <span class='ocrx_word' id='word_1_272' title='bbox 1551 2992 1705 3033; x_wconf 89' lang='lat' dir='ltr'><strong>escas</strong></span> <span class='ocrx_word' id='word_1_273' title='bbox 1734 2979 1844 3050; x_wconf 84' lang='lat' dir='ltr'><strong>pln-</strong></span> 
     </span>
    </p>
   </div>
   <div class='ocr_carea' id='block_1_41' title="bbox 242 3049 1203 3118">
    <p class='ocr_par' dir='ltr' id='par_1_41' title="bbox 242 3049 1203 3118">
     <span class='ocr_line' id='line_1_41' title="bbox 242 3049 1203 3118; baseline 0 -16"><span class='ocrx_word' id='word_1_274' title='bbox 242 3049 428 3112; x_wconf 86' lang='lat' dir='ltr'><strong>rimas,</strong></span> <span class='ocrx_word' id='word_1_275' title='bbox 463 3060 515 3104; x_wconf 91' lang='lat' dir='ltr'><strong>et</strong></span> <span class='ocrx_word' id='word_1_276' title='bbox 545 3052 742 3104; x_wconf 82' lang='lat' dir='ltr'><strong>multas</strong></span> <span class='ocrx_word' id='word_1_277' title='bbox 775 3051 959 3118; x_wconf 84' lang='lat' dir='ltr'><strong>petivit</strong></span> <span class='ocrx_word' id='word_1_278' title='bbox 987 3067 1203 3104; x_wconf 81' lang='lat' dir='ltr'><strong>uxores.</strong></span> 
     </span>
    </p>
   </div>
   <div class='ocr_carea' id='block_1_42' title="bbox 316 3118 1838 3194">
    <p class='ocr_par' dir='ltr' id='par_1_42' title="bbox 316 3118 1838 3194">
     <span class='ocr_line' id='line_1_42' title="bbox 316 3118 1838 3194; baseline 0.001 -19"><span class='ocrx_word' id='word_1_279' title='bbox 316 3119 462 3192; x_wconf 76' lang='grc' dir='ltr'><strong>[ϐαρ.</strong></span> <span class='ocrx_word' id='word_1_280' title='bbox 513 3120 652 3194; x_wconf 61' lang='grc' dir='ltr'>χιι]</span> <span class='ocrx_word' id='word_1_281' title='bbox 713 3118 958 3194; x_wconf 79' lang='lat' dir='ltr'><strong>Cumque</strong></span> <span class='ocrx_word' id='word_1_282' title='bbox 1006 3124 1320 3194; x_wconf 74' lang='lat' dir='ltr'><strong>roboratam</strong></span> <span class='ocrx_word' id='word_1_283' title='bbox 1377 3120 1568 3176; x_wconf 78' lang='lat' dir='ltr'><strong>fuisset</strong></span> <span class='ocrx_word' id='word_1_284' title='bbox 1606 3136 1838 3194; x_wconf 71' lang='lat' dir='ltr'><strong>regnum</strong></span> 
     </span>
    </p>
   </div>
   <div class='ocr_carea' id='block_1_43' title="bbox 1972 468 3561 540">
    <p class='ocr_par' dir='ltr' id='par_1_43' title="bbox 1972 468 3561 540">
     <span class='ocr_line' id='line_1_43' title="bbox 1972 468 3561 540; baseline 0.003 -18"><span class='ocrx_word' id='word_1_285' title='bbox 1972 469 2214 535; x_wconf 80' lang='lat' dir='ltr'><strong>scatat-ii,</strong></span> <span class='ocrx_word' id='word_1_286' title='bbox 2265 479 2318 523; x_wconf 90' lang='lat' dir='ltr'><strong>et</strong></span> <span class='ocrx_word' id='word_1_287' title='bbox 2367 469 2626 524; x_wconf 84' lang='lat' dir='ltr'><strong>tollebant</strong></span> <span class='ocrx_word' id='word_1_288' title='bbox 2671 482 2786 533; x_wconf 86' lang='lat' dir='ltr'><strong>eos,</strong></span> <span class='ocrx_word' id='word_1_289' title='bbox 2829 470 3132 540; x_wconf 83' lang='lat' dir='ltr'><strong>iterumque</strong></span> <span class='ocrx_word' id='word_1_290' title='bbox 3161 468 3465 525; x_wconf 73' lang='lat' dir='ltr'><strong>referebant</strong></span> <span class='ocrx_word' id='word_1_291' title='bbox 3494 471 3561 528; x_wconf 89' lang='lat' dir='ltr'><strong>ad</strong></span> 
     </span>
    </p>
   </div>
   <div class='ocr_carea' id='block_1_44' title="bbox 1969 542 2652 596">
    <p class='ocr_par' dir='ltr' id='par_1_44' title="bbox 1969 542 2652 596">
     <span class='ocr_line' id='line_1_44' title="bbox 1969 542 2652 596; baseline 0.003 -4"><span class='ocrx_word' id='word_1_292' title='bbox 1969 542 2442 596; x_wconf 81' lang='lat' dir='ltr'><strong>armamentarium</strong></span> <span class='ocrx_word' id='word_1_293' title='bbox 2475 555 2652 596; x_wconf 89' lang='lat' dir='ltr'><strong>suum.</strong></span> 
     </span>
    </p>
   </div>
   <div class='ocr_carea' id='block_1_45' title="bbox 2042 611 3555 682">
    <p class='ocr_par' dir='ltr' id='par_1_45' title="bbox 2042 611 3555 682">
     <span class='ocr_line' id='line_1_45' title="bbox 2042 611 3555 682; baseline 0.004 -18"><span class='ocrx_word' id='word_1_294' title='bbox 2042 611 2418 668; x_wconf 78' lang='lat' dir='ltr'><strong>Verumtamen</strong></span> <span class='ocrx_word' id='word_1_295' title='bbox 2447 613 2571 682; x_wconf 91' lang='lat' dir='ltr'><strong>quia</strong></span> <span class='ocrx_word' id='word_1_296' title='bbox 2599 611 2862 666; x_wconf 82' lang='lat' dir='ltr'><strong>Immiliati</strong></span> <span class='ocrx_word' id='word_1_297' title='bbox 2889 619 3035 676; x_wconf 80' lang='lat' dir='ltr'><strong>sunt,</strong></span> <span class='ocrx_word' id='word_1_298' title='bbox 3063 626 3252 667; x_wconf 89' lang='lat' dir='ltr'><strong>aversa</strong></span> <span class='ocrx_word' id='word_1_299' title='bbox 3275 622 3354 668; x_wconf 86' lang='lat' dir='ltr'><strong>est</strong></span> <span class='ocrx_word' id='word_1_300' title='bbox 3382 613 3450 669; x_wconf 86' lang='lat' dir='ltr'><strong>ab</strong></span> <span class='ocrx_word' id='word_1_301' title='bbox 3475 614 3555 670; x_wconf 87' lang='lat' dir='ltr'><strong>eis</strong></span> 
     </span>
    </p>
   </div>
   <div class='ocr_carea' id='block_1_46' title="bbox 1968 681 3558 756">
    <p class='ocr_par' dir='ltr' id='par_1_46' title="bbox 1968 681 3558 756">
     <span class='ocr_line' id='line_1_46' title="bbox 1968 681 3558 756; baseline 0.004 -21"><span class='ocrx_word' id='word_1_302' title='bbox 1968 681 2063 756; x_wconf 78' lang='lat' dir='ltr'><strong>ira</strong></span> <span class='ocrx_word' id='word_1_303' title='bbox 2100 685 2332 756; x_wconf 77' lang='lat' dir='ltr'><strong>Domini,</strong></span> <span class='ocrx_word' id='word_1_304' title='bbox 2386 681 2485 739; x_wconf 87' lang='lat' dir='ltr'><strong>nec</strong></span> <span class='ocrx_word' id='word_1_305' title='bbox 2530 683 2694 738; x_wconf 87' lang='lat' dir='ltr'><strong>deleti</strong></span> <span class='ocrx_word' id='word_1_306' title='bbox 2739 692 2863 738; x_wconf 89' lang='lat' dir='ltr'><strong>sunt</strong></span> <span class='ocrx_word' id='word_1_307' title='bbox 2912 685 3154 754; x_wconf 89' lang='lat' dir='ltr'><strong>penitus;</strong></span> <span class='ocrx_word' id='word_1_308' title='bbox 3202 683 3468 756; x_wconf 87' lang='lat' dir='ltr'><strong>siquidem</strong></span> <span class='ocrx_word' id='word_1_309' title='bbox 3504 686 3558 742; x_wconf 88' lang='lat' dir='ltr'><strong>in</strong></span> 
     </span>
    </p>
   </div>
   <div class='ocr_carea' id='block_1_47' title="bbox 1966 753 2884 823">
    <p class='ocr_par' dir='ltr' id='par_1_47' title="bbox 1966 753 2884 823">
     <span class='ocr_line' id='line_1_47' title="bbox 1966 753 2884 823; baseline 0.001 -15"><span class='ocrx_word' id='word_1_310' title='bbox 1966 753 2100 808; x_wconf 85' lang='lat' dir='ltr'><strong>Juda</strong></span> <span class='ocrx_word' id='word_1_311' title='bbox 2135 755 2350 810; x_wconf 83' lang='lat' dir='ltr'><strong>inventa</strong></span> <span class='ocrx_word' id='word_1_312' title='bbox 2378 765 2504 810; x_wconf 87' lang='lat' dir='ltr'><strong>sunt</strong></span> <span class='ocrx_word' id='word_1_313' title='bbox 2527 771 2690 823; x_wconf 83' lang='lat' dir='ltr'><strong>opera</strong></span> <span class='ocrx_word' id='word_1_314' title='bbox 2723 755 2884 809; x_wconf 85' lang='lat' dir='ltr'><strong>bona.</strong></span> 
     </span>
    </p>
   </div>
   <div class='ocr_carea' id='block_1_48' title="bbox 2039 825 3633 897">
    <p class='ocr_par' dir='ltr' id='par_1_48' title="bbox 2039 825 3633 897">
     <span class='ocr_line' id='line_1_48' title="bbox 2039 825 3633 897; baseline 0.003 -17"><span class='ocrx_word' id='word_1_315' title='bbox 2039 827 2384 882; x_wconf 77' lang='lat' dir='ltr'><strong>Conlortatus</strong></span> <span class='ocrx_word' id='word_1_316' title='bbox 2410 838 2494 883; x_wconf 87' lang='lat' dir='ltr'><strong>est</strong></span> <span class='ocrx_word' id='word_1_317' title='bbox 2522 827 2683 897; x_wconf 81' lang='lat' dir='ltr'><strong>igitur</strong></span> <span class='ocrx_word' id='word_1_318' title='bbox 2713 842 2810 881; x_wconf 88' lang='lat' dir='ltr'><strong>rex</strong></span> <span class='ocrx_word' id='word_1_319' title='bbox 2843 825 3080 881; x_wconf 82' lang='lat' dir='ltr'><strong>ltoboam</strong></span> <span class='ocrx_word' id='word_1_320' title='bbox 3129 826 3184 882; x_wconf 93' lang='lat' dir='ltr'><strong>in</strong></span> <span class='ocrx_word' id='word_1_321' title='bbox 3231 826 3557 896; x_wconf 79' lang='lat' dir='ltr'><strong>Jerusalem,</strong></span> <span class='ocrx_word' id='word_1_322' title='bbox 3621 888 3633 897; x_wconf 88' lang='lat'>_</span> 
     </span>
    </p>
   </div>
   <div class='ocr_carea' id='block_1_49' title="bbox 1965 898 3551 969">
    <p class='ocr_par' dir='ltr' id='par_1_49' title="bbox 1965 898 3551 969">
     <span class='ocr_line' id='line_1_49' title="bbox 1965 898 3551 969; baseline 0.003 -18"><span class='ocrx_word' id='word_1_323' title='bbox 1965 905 2126 969; x_wconf 85' lang='lat' dir='ltr'><strong>atque</strong></span> <span class='ocrx_word' id='word_1_324' title='bbox 2158 900 2439 968; x_wconf 74' lang='lat' dir='ltr'><strong>regnavit:</strong></span> <span class='ocrx_word' id='word_1_325' title='bbox 2490 898 2843 969; x_wconf 86' lang='lat' dir='ltr'><strong>quadraginta</strong></span> <span class='ocrx_word' id='word_1_326' title='bbox 2892 907 3065 952; x_wconf 88' lang='lat' dir='ltr'><strong>autem</strong></span> <span class='ocrx_word' id='word_1_327' title='bbox 3112 909 3166 953; x_wconf 90' lang='lat' dir='ltr'><strong>et</strong></span> <span class='ocrx_word' id='word_1_328' title='bbox 3216 901 3373 954; x_wconf 89' lang='lat' dir='ltr'><strong>unius</strong></span> <span class='ocrx_word' id='word_1_329' title='bbox 3421 904 3551 956; x_wconf 89' lang='lat' dir='ltr'><strong>anni</strong></span> 
     </span>
    </p>
   </div>
   <div class='ocr_carea' id='block_1_50' title="bbox 1964 969 3560 1040">
    <p class='ocr_par' dir='ltr' id='par_1_50' title="bbox 1964 969 3560 1040">
     <span class='ocr_line' id='line_1_50' title="bbox 1964 969 3560 1040; baseline 0.003 -17"><span class='ocrx_word' id='word_1_330' title='bbox 1964 984 2075 1024; x_wconf 87' lang='lat' dir='ltr'><strong>erat</strong></span> <span class='ocrx_word' id='word_1_331' title='bbox 2105 987 2225 1025; x_wconf 88' lang='lat' dir='ltr'><strong>cum</strong></span> <span class='ocrx_word' id='word_1_332' title='bbox 2254 986 2480 1040; x_wconf 87' lang='lat' dir='ltr'><strong>regnare</strong></span> <span class='ocrx_word' id='word_1_333' title='bbox 2505 970 2778 1040; x_wconf 70' lang='lat' dir='ltr'><strong>coepisset,</strong></span> <span class='ocrx_word' id='word_1_334' title='bbox 2809 979 2860 1024; x_wconf 91' lang='lat' dir='ltr'><strong>et</strong></span> <span class='ocrx_word' id='word_1_335' title='bbox 2884 969 3144 1026; x_wconf 81' lang='lat' dir='ltr'><strong>decernet</strong></span> <span class='ocrx_word' id='word_1_336' title='bbox 3169 979 3375 1039; x_wconf 90' lang='lat' dir='ltr'><strong>septem</strong></span> <span class='ocrx_word' id='word_1_337' title='bbox 3403 974 3560 1028; x_wconf 82' lang='lat' dir='ltr'><strong>annis</strong></span> 
     </span>
    </p>
   </div>
   <div class='ocr_carea' id='block_1_51' title="bbox 1965 1041 3554 1112">
    <p class='ocr_par' dir='ltr' id='par_1_51' title="bbox 1965 1041 3554 1112">
     <span class='ocr_line' id='line_1_51' title="bbox 1965 1041 3554 1112; baseline 0.001 -18"><span class='ocrx_word' id='word_1_338' title='bbox 1965 1043 2207 1111; x_wconf 79' lang='lat' dir='ltr'><strong>regnavit</strong></span> <span class='ocrx_word' id='word_1_339' title='bbox 2234 1044 2283 1096; x_wconf 91' lang='lat' dir='ltr'><strong>itt</strong></span> <span class='ocrx_word' id='word_1_340' title='bbox 2311 1041 2636 1107; x_wconf 83' lang='lat' dir='ltr'><strong>Jerusalem,</strong></span> <span class='ocrx_word' id='word_1_341' title='bbox 2671 1041 2821 1110; x_wconf 81' lang='lat' dir='ltr'><strong>urbe,</strong></span> <span class='ocrx_word' id='word_1_342' title='bbox 2853 1056 3012 1112; x_wconf 88' lang='lat' dir='ltr'><strong>quam</strong></span> <span class='ocrx_word' id='word_1_343' title='bbox 3056 1041 3218 1111; x_wconf 85' lang='lat' dir='ltr'><strong>elegit</strong></span> <span class='ocrx_word' id='word_1_344' title='bbox 3272 1042 3554 1111; x_wconf 82' lang='lat' dir='ltr'><strong>Dominus,</strong></span> 
     </span>
    </p>
   </div>
   <div class='ocr_carea' id='block_1_52' title="bbox 1963 1111 3556 1237">
    <p class='ocr_par' dir='ltr' id='par_1_52' title="bbox 1963 1111 3556 1237">
     <span class='ocr_line' id='line_1_52' title="bbox 1963 1111 3556 1237; baseline 0.004 -73"><span class='ocrx_word' id='word_1_345' title='bbox 1963 1122 2022 1237; x_wconf 61' lang='lat' dir='ltr'><strong>in</strong></span> <span class='ocrx_word' id='word_1_346' title='bbox 2051 1114 2396 1237; x_wconf 69' lang='lat' dir='ltr'><strong>colnﬁrmaret</strong></span> <span class='ocrx_word' id='word_1_347' title='bbox 2423 1129 2616 1171; x_wconf 90' lang='lat' dir='ltr'><strong>nomen</strong></span> <span class='ocrx_word' id='word_1_348' title='bbox 2649 1129 2802 1168; x_wconf 90' lang='lat' dir='ltr'><strong>suum</strong></span> <span class='ocrx_word' id='word_1_349' title='bbox 2827 1112 2926 1178; x_wconf 88' lang='lat' dir='ltr'><strong>ibi,</strong></span> <span class='ocrx_word' id='word_1_350' title='bbox 2955 1111 3022 1168; x_wconf 92' lang='lat' dir='ltr'><strong>de</strong></span> <span class='ocrx_word' id='word_1_351' title='bbox 3059 1112 3270 1169; x_wconf 87' lang='lat' dir='ltr'><strong>cunctis</strong></span> <span class='ocrx_word' id='word_1_352' title='bbox 3309 1115 3556 1171; x_wconf 89' lang='lat' dir='ltr'><strong>tribubus</strong></span> 
     </span>
     <span class='ocr_line' id='line_1_53' title="bbox 1988 1198 3353 1237; baseline 0.004 -1"><span class='ocrx_word' id='word_1_353' title='bbox 1988 1198 2106 1237; x_wconf 86' lang='lat' dir='ltr'><strong>srae</strong></span> <span class='ocrx_word' id='word_1_354' title='bbox 2156 1205 2170 1237; x_wconf 79' lang='lat'><strong>:</strong></span> <span class='ocrx_word' id='word_1_355' title='bbox 3347 1210 3353 1214; x_wconf 86' lang='lat'><strong><em>&#39;</em></strong></span> 
     </span>
    </p>
   </div>
   <div class='ocr_carea' id='block_1_53' title="bbox 1988 1187 3353 1243">
    <p class='ocr_par' dir='ltr' id='par_1_53' title="bbox 1988 1187 3353 1243">
     <span class='ocr_line' id='line_1_54' title="bbox 1988 1187 3353 1243; baseline 0.004 -7"><span class='ocrx_word' id='word_1_356' title='bbox 1988 1187 2170 1243; x_wconf 89' lang='lat' dir='ltr'><strong>srael:</strong></span> <span class='ocrx_word' id='word_1_357' title='bbox 3347 1210 3353 1214; x_wconf 62' lang='grc' dir='ltr'><strong><em>ε</em></strong></span> 
     </span>
    </p>
   </div>
   <div class='ocr_carea' id='block_1_54' title="bbox 2034 1255 3412 1328">
    <p class='ocr_par' dir='ltr' id='par_1_54' title="bbox 2034 1255 3412 1328">
     <span class='ocr_line' id='line_1_55' title="bbox 2034 1255 3412 1328; baseline 0 -16"><span class='ocrx_word' id='word_1_358' title='bbox 2034 1256 2238 1314; x_wconf 86' lang='lat' dir='ltr'><strong>Nomen</strong></span> <span class='ocrx_word' id='word_1_359' title='bbox 2269 1269 2444 1312; x_wconf 86' lang='lat' dir='ltr'><strong>autem</strong></span> <span class='ocrx_word' id='word_1_360' title='bbox 2470 1257 2658 1313; x_wconf 87' lang='lat' dir='ltr'><strong>matris</strong></span> <span class='ocrx_word' id='word_1_361' title='bbox 2683 1256 2800 1328; x_wconf 85' lang='lat' dir='ltr'><strong>ejus</strong></span> <span class='ocrx_word' id='word_1_362' title='bbox 2829 1255 3027 1310; x_wconf 82' lang='lat' dir='ltr'><strong>Naama</strong></span> <span class='ocrx_word' id='word_1_363' title='bbox 3061 1257 3412 1312; x_wconf 79' lang='lat' dir='ltr'><strong>Ammanitis.</strong></span> 
     </span>
    </p>
   </div>
   <div class='ocr_carea' id='block_1_55' title="bbox 2035 1328 3554 1399">
    <p class='ocr_par' dir='ltr' id='par_1_55' title="bbox 2035 1328 3554 1399">
     <span class='ocr_line' id='line_1_56' title="bbox 2035 1328 3554 1399; baseline 0.002 -16"><span class='ocrx_word' id='word_1_364' title='bbox 2035 1328 2183 1385; x_wconf 86' lang='lat' dir='ltr'><strong>Fecit</strong></span> <span class='ocrx_word' id='word_1_365' title='bbox 2211 1339 2387 1385; x_wconf 88' lang='lat' dir='ltr'><strong>autem</strong></span> <span class='ocrx_word' id='word_1_366' title='bbox 2412 1331 2636 1396; x_wconf 89' lang='lat' dir='ltr'><strong>malum,</strong></span> <span class='ocrx_word' id='word_1_367' title='bbox 2665 1341 2848 1386; x_wconf 90' lang='lat' dir='ltr'><strong>etnon</strong></span> <span class='ocrx_word' id='word_1_368' title='bbox 2880 1329 3202 1399; x_wconf 50' lang='lat' dir='ltr'><strong>praeparavit</strong></span> <span class='ocrx_word' id='word_1_369' title='bbox 3235 1343 3331 1384; x_wconf 84' lang='lat' dir='ltr'><strong>cor</strong></span> <span class='ocrx_word' id='word_1_370' title='bbox 3373 1346 3554 1398; x_wconf 87' lang='lat' dir='ltr'><strong>suum,</strong></span> 
     </span>
    </p>
   </div>
   <div class='ocr_carea' id='block_1_56' title="bbox 1961 1403 2649 1469">
    <p class='ocr_par' dir='ltr' id='par_1_56' title="bbox 1961 1403 2649 1469">
     <span class='ocr_line' id='line_1_57' title="bbox 1961 1403 2649 1469; baseline 0.001 -14"><span class='ocrx_word' id='word_1_371' title='bbox 1961 1411 2020 1456; x_wconf 90' lang='lat' dir='ltr'><strong>ut</strong></span> <span class='ocrx_word' id='word_1_372' title='bbox 2048 1411 2314 1469; x_wconf 59' lang='lat' dir='ltr'><strong>quaereret</strong></span> <span class='ocrx_word' id='word_1_373' title='bbox 2345 1403 2649 1457; x_wconf 86' lang='lat' dir='ltr'><strong>Dominum.</strong></span> 
     </span>
    </p>
   </div>
   <div class='ocr_carea' id='block_1_57' title="bbox 2033 1471 3555 1544">
    <p class='ocr_par' dir='ltr' id='par_1_57' title="bbox 2033 1471 3555 1544">
     <span class='ocr_line' id='line_1_58' title="bbox 2033 1471 3555 1544; baseline 0.001 -16"><span class='ocrx_word' id='word_1_374' title='bbox 2033 1473 2206 1544; x_wconf 86' lang='lat' dir='ltr'><strong>Opera</strong></span> <span class='ocrx_word' id='word_1_375' title='bbox 2241 1488 2370 1529; x_wconf 83' lang='lat' dir='ltr'><strong>vero</strong></span> <span class='ocrx_word' id='word_1_376' title='bbox 2403 1473 2642 1528; x_wconf 65' lang='lat' dir='ltr'><strong>[iubeam</strong></span> <span class='ocrx_word' id='word_1_377' title='bbox 2692 1473 2863 1544; x_wconf 88' lang='lat' dir='ltr'><strong>prima</strong></span> <span class='ocrx_word' id='word_1_378' title='bbox 2905 1479 2960 1526; x_wconf 89' lang='lat' dir='ltr'><strong>et</strong></span> <span class='ocrx_word' id='word_1_379' title='bbox 3009 1471 3301 1544; x_wconf 82' lang='lat' dir='ltr'><strong>novissima</strong></span> <span class='ocrx_word' id='word_1_380' title='bbox 3340 1473 3555 1544; x_wconf 81' lang='lat' dir='ltr'><strong>scripta</strong></span> 
     </span>
    </p>
   </div>
   <div class='ocr_carea' id='block_1_58' title="bbox 1961 1541 3549 1616">
    <p class='ocr_par' dir='ltr' id='par_1_58' title="bbox 1961 1541 3549 1616">
     <span class='ocr_line' id='line_1_59' title="bbox 1961 1541 3549 1616; baseline 0.001 -18"><span class='ocrx_word' id='word_1_381' title='bbox 1961 1541 2097 1599; x_wconf 67' lang='lat' dir='ltr'><strong>sunt</strong></span> <span class='ocrx_word' id='word_1_382' title='bbox 2134 1549 2187 1599; x_wconf 85' lang='lat' dir='ltr'><strong>in</strong></span> <span class='ocrx_word' id='word_1_383' title='bbox 2227 1546 2380 1602; x_wconf 88' lang='lat' dir='ltr'><strong>libris</strong></span> <span class='ocrx_word' id='word_1_384' title='bbox 2424 1543 2653 1601; x_wconf 70' lang='lat' dir='ltr'><strong>Sctncire</strong></span> <span class='ocrx_word' id='word_1_385' title='bbox 2691 1543 2992 1616; x_wconf 73' lang='lat' dir='ltr'><strong>prOphetm,</strong></span> <span class='ocrx_word' id='word_1_386' title='bbox 3021 1553 3073 1599; x_wconf 87' lang='lat' dir='ltr'><strong>et</strong></span> <span class='ocrx_word' id='word_1_387' title='bbox 3103 1541 3257 1598; x_wconf 80' lang='lat' dir='ltr'><strong>Addo</strong></span> <span class='ocrx_word' id='word_1_388' title='bbox 3291 1543 3549 1612; x_wconf 60' lang='lat' dir='ltr'><strong>\‘idetttis,</strong></span> 
     </span>
    </p>
   </div>
   <div class='ocr_carea' id='block_1_59' title="bbox 1961 1616 2648 1688">
    <p class='ocr_par' dir='ltr' id='par_1_59' title="bbox 1961 1616 2648 1688">
     <span class='ocr_line' id='line_1_60' title="bbox 1961 1616 2648 1688; baseline -0.001 -18"><span class='ocrx_word' id='word_1_389' title='bbox 1961 1623 2017 1670; x_wconf 93' lang='lat' dir='ltr'><strong>et</strong></span> <span class='ocrx_word' id='word_1_390' title='bbox 2046 1616 2333 1688; x_wconf 81' lang='lat' dir='ltr'><strong>diligenter</strong></span> <span class='ocrx_word' id='word_1_391' title='bbox 2365 1617 2608 1686; x_wconf 83' lang='lat' dir='ltr'><strong>exposita</strong></span> <span class='ocrx_word' id='word_1_392' title='bbox 2637 1635 2648 1669; x_wconf 76' lang='grc' dir='ltr'><em>τ</em></span> 
     </span>
    </p>
   </div>
   <div class='ocr_carea' id='block_1_60' title="bbox 2030 1684 3554 1760">
    <p class='ocr_par' dir='ltr' id='par_1_60' title="bbox 2030 1684 3554 1760">
     <span class='ocr_line' id='line_1_61' title="bbox 2030 1684 3554 1760; baseline 0 -17"><span class='ocrx_word' id='word_1_393' title='bbox 2030 1684 2514 1760; x_wconf 80' lang='lat' dir='ltr'><strong>Pugnaveruntque</strong></span> <span class='ocrx_word' id='word_1_394' title='bbox 2537 1688 2826 1745; x_wconf 78' lang='lat' dir='ltr'><strong>adversum</strong></span> <span class='ocrx_word' id='word_1_395' title='bbox 2849 1702 2908 1743; x_wconf 90' lang='lat' dir='ltr'><strong>se</strong></span> <span class='ocrx_word' id='word_1_396' title='bbox 2925 1687 3165 1742; x_wconf 80' lang='lat' dir='ltr'><strong>Roboam</strong></span> <span class='ocrx_word' id='word_1_397' title='bbox 3188 1695 3241 1742; x_wconf 91' lang='lat' dir='ltr'><strong>et</strong></span> <span class='ocrx_word' id='word_1_398' title='bbox 3263 1684 3554 1743; x_wconf 81' lang='lat' dir='ltr'><strong>Jeroboam</strong></span> 
     </span>
    </p>
   </div>
   <div class='ocr_carea' id='block_1_61' title="bbox 1962 1761 2407 1821">
    <p class='ocr_par' dir='ltr' id='par_1_61' title="bbox 1962 1761 2407 1821">
     <span class='ocr_line' id='line_1_62' title="bbox 1962 1761 2407 1821; baseline -0.002 -8"><span class='ocrx_word' id='word_1_399' title='bbox 1962 1763 2167 1821; x_wconf 77' lang='lat' dir='ltr'><strong>cunctis</strong></span> <span class='ocrx_word' id='word_1_400' title='bbox 2197 1761 2407 1816; x_wconf 69' lang='lat' dir='ltr'><strong>diebus&#39;.</strong></span> 
     </span>
    </p>
   </div>
   <div class='ocr_carea' id='block_1_62' title="bbox 2033 1828 3552 1901">
    <p class='ocr_par' dir='ltr' id='par_1_62' title="bbox 2033 1828 3552 1901">
     <span class='ocr_line' id='line_1_63' title="bbox 2033 1828 3552 1901; baseline -0.003 -15"><span class='ocrx_word' id='word_1_401' title='bbox 2033 1833 2099 1886; x_wconf 80' lang='lat' dir='ltr'><strong>Et</strong></span> <span class='ocrx_word' id='word_1_402' title='bbox 2127 1832 2380 1887; x_wconf 78' lang='lat' dir='ltr'><strong>dormivit</strong></span> <span class='ocrx_word' id='word_1_403' title='bbox 2408 1832 2651 1887; x_wconf 80' lang='lat' dir='ltr'><strong>Roboam</strong></span> <span class='ocrx_word' id='word_1_404' title='bbox 2681 1845 2801 1885; x_wconf 89' lang='lat' dir='ltr'><strong>cum</strong></span> <span class='ocrx_word' id='word_1_405' title='bbox 2832 1829 3076 1901; x_wconf 87' lang='lat' dir='ltr'><strong>patribus</strong></span> <span class='ocrx_word' id='word_1_406' title='bbox 3107 1830 3239 1892; x_wconf 84' lang='lat' dir='ltr'><strong>suis,</strong></span> <span class='ocrx_word' id='word_1_407' title='bbox 3278 1828 3552 1900; x_wconf 64' lang='lat' dir='ltr'><strong>sepultus-</strong></span> 
     </span>
    </p>
   </div>
   <div class='ocr_carea' id='block_1_63' title="bbox 1957 1901 3552 1973">
    <p class='ocr_par' dir='ltr' id='par_1_63' title="bbox 1957 1901 3552 1973">
     <span class='ocr_line' id='line_1_64' title="bbox 1957 1901 3552 1973; baseline 0.002 -18"><span class='ocrx_word' id='word_1_408' title='bbox 1957 1918 2063 1972; x_wconf 88' lang='lat' dir='ltr'><strong>que</strong></span> <span class='ocrx_word' id='word_1_409' title='bbox 2093 1913 2174 1958; x_wconf 66' lang='lat' dir='ltr'><strong>cst</strong></span> <span class='ocrx_word' id='word_1_410' title='bbox 2200 1906 2252 1959; x_wconf 77' lang='lat' dir='ltr'><strong>in</strong></span> <span class='ocrx_word' id='word_1_411' title='bbox 2285 1904 2500 1959; x_wconf 79' lang='lat' dir='ltr'><strong>civitate</strong></span> <span class='ocrx_word' id='word_1_412' title='bbox 2527 1902 2715 1958; x_wconf 84' lang='lat' dir='ltr'><strong>David.</strong></span> <span class='ocrx_word' id='word_1_413' title='bbox 2752 1901 2817 1957; x_wconf 85' lang='lat' dir='ltr'><strong>Et</strong></span> <span class='ocrx_word' id='word_1_414' title='bbox 2847 1903 3085 1972; x_wconf 83' lang='lat' dir='ltr'><strong>regnavit</strong></span> <span class='ocrx_word' id='word_1_415' title='bbox 3111 1903 3243 1957; x_wconf 82' lang='lat' dir='ltr'><strong>Abin</strong></span> <span class='ocrx_word' id='word_1_416' title='bbox 3267 1901 3406 1957; x_wconf 78' lang='lat' dir='ltr'><strong>illius</strong></span> <span class='ocrx_word' id='word_1_417' title='bbox 3434 1903 3552 1973; x_wconf 87' lang='lat' dir='ltr'><strong>ejus</strong></span> 
     </span>
    </p>
   </div>
   <div class='ocr_carea' id='block_1_64' title="bbox 1980 1990 2172 2029">
    <p class='ocr_par' dir='ltr' id='par_1_64' title="bbox 1980 1990 2172 2029">
     <span class='ocr_line' id='line_1_65' title="bbox 1980 1990 2172 2029; baseline 0.021 -4"><span class='ocrx_word' id='word_1_418' title='bbox 1980 1990 2055 2028; x_wconf 83' lang='lat' dir='ltr'><strong>)l&#39;O</strong></span> <span class='ocrx_word' id='word_1_419' title='bbox 2083 1992 2172 2029; x_wconf 74' lang='lat'><strong>00.</strong></span> 
     </span>
    </p>
   </div>
   <div class='ocr_carea' id='block_1_65' title="bbox 1959 1990 3549 2118">
    <p class='ocr_par' dir='ltr' id='par_1_65' title="bbox 1959 1990 3549 2118">
     <span class='ocr_line' id='line_1_66' title="bbox 1980 1990 2172 2029; baseline 0.021 -4"><span class='ocrx_word' id='word_1_420' title='bbox 1980 1990 2055 2028; x_wconf 76' lang='lat' dir='ltr'><strong>n&#39;o</strong></span> <span class='ocrx_word' id='word_1_421' title='bbox 2083 1992 2172 2029; x_wconf 87' lang='lat' dir='ltr'><strong>eo.</strong></span> 
     </span>
     <span class='ocr_line' id='line_1_67' title="bbox 1959 1990 3549 2118; baseline -0.002 -18"><span class='ocrx_word' id='word_1_422' title='bbox 1959 1990 1974 2043; x_wconf 62' lang='grc' dir='ltr'><strong>Ι</strong></span> <span class='ocrx_word' id='word_1_423' title='bbox 2027 2045 2178 2118; x_wconf 63' lang='grc' dir='ltr'><strong>[ϐαρ.</strong></span> <span class='ocrx_word' id='word_1_424' title='bbox 2211 2045 2374 2118; x_wconf 72' lang='lat' dir='ltr'><strong>Xlll.]</strong></span> <span class='ocrx_word' id='word_1_425' title='bbox 2405 2045 2561 2102; x_wconf 81' lang='lat' dir='ltr'><strong>Auno</strong></span> <span class='ocrx_word' id='word_1_426' title='bbox 2590 2055 2782 2118; x_wconf 83' lang='lat' dir='ltr'><strong>octavo</strong></span> <span class='ocrx_word' id='word_1_427' title='bbox 2813 2043 3022 2118; x_wconf 81' lang='lat' dir='ltr'><strong>decimo</strong></span> <span class='ocrx_word' id='word_1_428' title='bbox 3051 2043 3192 2118; x_wconf 84' lang='lat' dir='ltr'><strong>regis</strong></span> <span class='ocrx_word' id='word_1_429' title='bbox 3237 2043 3549 2118; x_wconf 84' lang='lat' dir='ltr'><strong>Jeroboam,</strong></span> 
     </span>
    </p>
   </div>
   <div class='ocr_carea' id='block_1_66' title="bbox 1955 2115 3550 2187">
    <p class='ocr_par' dir='ltr' id='par_1_66' title="bbox 1955 2115 3550 2187">
     <span class='ocr_line' id='line_1_68' title="bbox 1955 2115 3550 2187; baseline 0.001 -17"><span class='ocrx_word' id='word_1_430' title='bbox 1955 2115 2198 2186; x_wconf 70' lang='lat' dir='ltr'><strong>regnarit</strong></span> <span class='ocrx_word' id='word_1_431' title='bbox 2222 2115 2547 2187; x_wconf 57' lang='lat' dir='ltr'><strong>Abia&#39;super</strong></span> <span class='ocrx_word' id='word_1_432' title='bbox 2576 2116 2792 2173; x_wconf 77' lang='lat' dir='ltr'><strong>ludam.</strong></span> <span class='ocrx_word' id='word_1_433' title='bbox 2825 2115 3021 2170; x_wconf 85' lang='lat' dir='ltr'><strong>Tribus</strong></span> <span class='ocrx_word' id='word_1_434' title='bbox 3048 2116 3206 2170; x_wconf 89' lang='lat' dir='ltr'><strong>annis</strong></span> <span class='ocrx_word' id='word_1_435' title='bbox 3234 2117 3468 2187; x_wconf 83' lang='lat' dir='ltr'><strong>regnavit</strong></span> <span class='ocrx_word' id='word_1_436' title='bbox 3497 2116 3550 2172; x_wconf 91' lang='lat' dir='ltr'><strong>in</strong></span> 
     </span>
    </p>
   </div>
   <div class='ocr_carea' id='block_1_67' title="bbox 1951 2185 3548 2312">
    <p class='ocr_par' dir='ltr' id='par_1_67' title="bbox 1951 2185 3548 2312">
     <span class='ocr_line' id='line_1_69' title="bbox 1951 2185 3548 2312; baseline -0.003 -66"><span class='ocrx_word' id='word_1_437' title='bbox 1951 2188 2277 2312; x_wconf 46' lang='lat' dir='ltr'><strong>illerii&#39;sqlem,</strong></span> <span class='ocrx_word' id='word_1_438' title='bbox 2299 2185 2601 2261; x_wconf 76' lang='lat' dir='ltr'><strong>nomenque</strong></span> <span class='ocrx_word' id='word_1_439' title='bbox 2623 2191 2809 2244; x_wconf 86' lang='lat' dir='ltr'><strong>matris</strong></span> <span class='ocrx_word' id='word_1_440' title='bbox 2831 2187 2945 2258; x_wconf 85' lang='lat' dir='ltr'><strong>ejus</strong></span> <span class='ocrx_word' id='word_1_441' title='bbox 2975 2187 3224 2255; x_wconf 86' lang='lat' dir='ltr'><strong>Micbaia,</strong></span> <span class='ocrx_word' id='word_1_442' title='bbox 3261 2191 3369 2242; x_wconf 86' lang='lat' dir='ltr'><strong>lilia</strong></span> <span class='ocrx_word' id='word_1_443' title='bbox 3401 2185 3548 2242; x_wconf 87' lang='lat' dir='ltr'><strong>Uricl</strong></span> 
     </span>
     <span class='ocr_line' id='line_1_70' title="bbox 1951 2266 2261 2312; baseline 0 0"><span class='ocrx_word' id='word_1_444' title='bbox 1951 2280 1970 2312; x_wconf 76' lang='grc' dir='ltr'><strong>ι</strong></span> <span class='ocrx_word' id='word_1_445' title='bbox 1990 2279 2018 2312; x_wconf 89' lang='lat' dir='ltr'><strong>e</strong></span> <span class='ocrx_word' id='word_1_446' title='bbox 2074 2266 2120 2311; x_wconf 77' lang='lat' dir='ltr'><strong>‘zt</strong></span> <span class='ocrx_word' id='word_1_447' title='bbox 2150 2279 2226 2312; x_wconf 78' lang='lat' dir='ltr'><strong>tua</strong></span> <span class='ocrx_word' id='word_1_448' title='bbox 2250 2281 2261 2312; x_wconf 92' lang='lat'>:</span> 
     </span>
    </p>
   </div>
   <div class='ocr_carea' id='block_1_68' title="bbox 1951 2263 2261 2317">
    <p class='ocr_par' dir='ltr' id='par_1_68' title="bbox 1951 2263 2261 2317">
     <span class='ocr_line' id='line_1_71' title="bbox 1951 2263 2261 2317; baseline 0.003 -3"><span class='ocrx_word' id='word_1_449' title='bbox 1951 2263 2018 2316; x_wconf 90' lang='lat' dir='ltr'><strong>de</strong></span> <span class='ocrx_word' id='word_1_450' title='bbox 2047 2263 2261 2317; x_wconf 59' lang='lat' dir='ltr'><strong>Golian:</strong></span> 
     </span>
    </p>
   </div>
   <div class='ocr_carea' id='block_1_69' title="bbox 2026 2331 3238 2390">
    <p class='ocr_par' dir='ltr' id='par_1_69' title="bbox 2026 2331 3238 2390">
     <span class='ocr_line' id='line_1_72' title="bbox 2026 2331 3238 2390; baseline -0.002 -3"><span class='ocrx_word' id='word_1_451' title='bbox 2026 2334 2090 2387; x_wconf 81' lang='lat' dir='ltr'><strong>Et</strong></span> <span class='ocrx_word' id='word_1_452' title='bbox 2117 2346 2232 2387; x_wconf 80' lang='lat' dir='ltr'><strong>erat</strong></span> <span class='ocrx_word' id='word_1_453' title='bbox 2262 2333 2460 2390; x_wconf 88' lang='lat' dir='ltr'><strong>bellum</strong></span> <span class='ocrx_word' id='word_1_454' title='bbox 2489 2333 2630 2386; x_wconf 88' lang='lat' dir='ltr'><strong>inter</strong></span> <span class='ocrx_word' id='word_1_455' title='bbox 2663 2332 2793 2388; x_wconf 87' lang='lat' dir='ltr'><strong>Abia</strong></span> <span class='ocrx_word' id='word_1_456' title='bbox 2827 2341 2880 2386; x_wconf 93' lang='lat' dir='ltr'><strong>et</strong></span> <span class='ocrx_word' id='word_1_457' title='bbox 2909 2331 3196 2386; x_wconf 85' lang='lat' dir='ltr'><strong>Jeroboattt</strong></span> <span class='ocrx_word' id='word_1_458' title='bbox 3227 2350 3238 2385; x_wconf 88' lang='lat'><strong>:</strong></span> 
     </span>
    </p>
   </div>
   <div class='ocr_carea' id='block_1_70' title="bbox 2022 2402 3551 2472">
    <p class='ocr_par' dir='ltr' id='par_1_70' title="bbox 2022 2402 3551 2472">
     <span class='ocr_line' id='line_1_73' title="bbox 2022 2402 3551 2472; baseline -0.002 -13"><span class='ocrx_word' id='word_1_459' title='bbox 2022 2407 2264 2472; x_wconf 77' lang='lat' dir='ltr'><strong>Cumque</strong></span> <span class='ocrx_word' id='word_1_460' title='bbox 2289 2407 2494 2460; x_wconf 62' lang='lat' dir='ltr'><strong>iniisset</strong></span> <span class='ocrx_word' id='word_1_461' title='bbox 2518 2404 2652 2458; x_wconf 85' lang='lat' dir='ltr'><strong>Abia</strong></span> <span class='ocrx_word' id='word_1_462' title='bbox 2674 2419 2754 2458; x_wconf 84' lang='lat' dir='ltr'><strong>cet</strong></span> <span class='ocrx_word' id='word_1_463' title='bbox 2772 2414 2971 2467; x_wconf 87' lang='lat' dir='ltr'><strong>tamen,</strong></span> <span class='ocrx_word' id='word_1_464' title='bbox 3000 2413 3054 2457; x_wconf 84' lang='lat' dir='ltr'><strong>et</strong></span> <span class='ocrx_word' id='word_1_465' title='bbox 3082 2403 3304 2458; x_wconf 84' lang='lat' dir='ltr'><strong>haberet</strong></span> <span class='ocrx_word' id='word_1_466' title='bbox 3328 2402 3551 2457; x_wconf 85' lang='lat' dir='ltr'><strong>bellico-</strong></span> 
     </span>
    </p>
   </div>
   <div class='ocr_carea' id='block_1_71' title="bbox 1949 2474 3546 2544">
    <p class='ocr_par' dir='ltr' id='par_1_71' title="bbox 1949 2474 3546 2544">
     <span class='ocr_line' id='line_1_74' title="bbox 1949 2474 3546 2544; baseline -0.002 -16"><span class='ocrx_word' id='word_1_467' title='bbox 1949 2475 2195 2532; x_wconf 83' lang='lat' dir='ltr'><strong>sissimus</strong></span> <span class='ocrx_word' id='word_1_468' title='bbox 2244 2477 2407 2544; x_wconf 82' lang='lat' dir='ltr'><strong>viros,</strong></span> <span class='ocrx_word' id='word_1_469' title='bbox 2449 2483 2504 2531; x_wconf 87' lang='lat' dir='ltr'><strong>et</strong></span> <span class='ocrx_word' id='word_1_470' title='bbox 2538 2476 2831 2531; x_wconf 89' lang='lat' dir='ltr'><strong>electorum</strong></span> <span class='ocrx_word' id='word_1_471' title='bbox 2861 2485 2883 2509; x_wconf 64' lang='grc' dir='ltr'><strong>ιι</strong></span> <span class='ocrx_word' id='word_1_472' title='bbox 2913 2474 3304 2544; x_wconf 85' lang='lat' dir='ltr'><strong>quadringenta</strong></span> <span class='ocrx_word' id='word_1_473' title='bbox 3333 2475 3500 2528; x_wconf 87' lang='lat' dir='ltr'><strong>millia</strong></span> <span class='ocrx_word' id='word_1_474' title='bbox 3529 2515 3546 2541; x_wconf 92' lang='lat'><strong>,</strong></span> 
     </span>
    </p>
   </div>
   <div class='ocr_carea' id='block_1_72' title="bbox 1948 2544 3550 2609">
    <p class='ocr_par' dir='ltr' id='par_1_72' title="bbox 1948 2544 3550 2609">
     <span class='ocr_line' id='line_1_75' title="bbox 1948 2544 3550 2609; baseline -0.002 -7"><span class='ocrx_word' id='word_1_475' title='bbox 1948 2546 2236 2604; x_wconf 86' lang='lat' dir='ltr'><strong>Jeroboatn</strong></span> <span class='ocrx_word' id='word_1_476' title='bbox 2269 2549 2518 2603; x_wconf 74' lang='lat' dir='ltr'><strong>instruxit</strong></span> <span class='ocrx_word' id='word_1_477' title='bbox 2549 2557 2764 2602; x_wconf 72' lang='lat' dir='ltr'><strong>ecnt&#39;ttra</strong></span> <span class='ocrx_word' id='word_1_478' title='bbox 2797 2546 2966 2600; x_wconf 76' lang='lat' dir='ltr'><strong>aciem</strong></span> <span class='ocrx_word' id='word_1_479' title='bbox 3013 2549 3327 2609; x_wconf 68' lang='lat' dir='ltr'><strong>octingenta</strong></span> <span class='ocrx_word' id='word_1_480' title='bbox 3381 2544 3550 2600; x_wconf 82' lang='lat' dir='ltr'><strong>millia</strong></span> 
     </span>
    </p>
   </div>
   <div class='ocr_carea' id='block_1_73' title="bbox 1950 2616 3546 2691">
    <p class='ocr_par' dir='ltr' id='par_1_73' title="bbox 1950 2616 3546 2691">
     <span class='ocr_line' id='line_1_76' title="bbox 1950 2616 3546 2691; baseline -0.003 -17"><span class='ocrx_word' id='word_1_481' title='bbox 1950 2621 2218 2687; x_wconf 86' lang='lat' dir='ltr'><strong>virorum,</strong></span> <span class='ocrx_word' id='word_1_482' title='bbox 2240 2622 2328 2691; x_wconf 90' lang='lat' dir='ltr'><strong>qtti</strong></span> <span class='ocrx_word' id='word_1_483' title='bbox 2352 2630 2402 2674; x_wconf 90' lang='lat' dir='ltr'><strong>et</strong></span> <span class='ocrx_word' id='word_1_484' title='bbox 2424 2620 2523 2684; x_wconf 74' lang='lat' dir='ltr'><strong>ipsi</strong></span> <span class='ocrx_word' id='word_1_485' title='bbox 2547 2620 2705 2675; x_wconf 86' lang='lat' dir='ltr'><strong>electi</strong></span> <span class='ocrx_word' id='word_1_486' title='bbox 2724 2626 2900 2681; x_wconf 83' lang='lat' dir='ltr'><strong>erant,</strong></span> <span class='ocrx_word' id='word_1_487' title='bbox 2921 2629 2972 2672; x_wconf 91' lang='lat' dir='ltr'><strong>et</strong></span> <span class='ocrx_word' id='word_1_488' title='bbox 2991 2617 3058 2691; x_wconf 74' lang='lat' dir='ltr'><strong>ad</strong></span> <span class='ocrx_word' id='word_1_489' title='bbox 3085 2617 3221 2672; x_wconf 84' lang='lat' dir='ltr'><strong>bella</strong></span> <span class='ocrx_word' id='word_1_490' title='bbox 3239 2616 3546 2691; x_wconf 79' lang='lat' dir='ltr'><strong>fortissimi.</strong></span> 
     </span>
    </p>
   </div>
   <div class='ocr_carea' id='block_1_74' title="bbox 2020 2689 3538 2762">
    <p class='ocr_par' dir='ltr' id='par_1_74' title="bbox 2020 2689 3538 2762">
     <span class='ocr_line' id='line_1_77' title="bbox 2020 2689 3538 2762; baseline -0.001 -16"><span class='ocrx_word' id='word_1_491' title='bbox 2020 2692 2181 2748; x_wconf 90' lang='lat' dir='ltr'><strong>Stetit</strong></span> <span class='ocrx_word' id='word_1_492' title='bbox 2205 2689 2333 2759; x_wconf 70' lang='lat' dir='ltr'><strong>ergo</strong></span> <span class='ocrx_word' id='word_1_493' title='bbox 2362 2692 2496 2747; x_wconf 78' lang='lat' dir='ltr'><strong>Aliia</strong></span> <span class='ocrx_word' id='word_1_494' title='bbox 2530 2707 2693 2762; x_wconf 87' lang='lat' dir='ltr'><strong>super</strong></span> <span class='ocrx_word' id='word_1_495' title='bbox 2723 2701 2960 2746; x_wconf 90' lang='lat' dir='ltr'><strong>montem</strong></span> <span class='ocrx_word' id='word_1_496' title='bbox 2989 2690 3273 2756; x_wconf 88' lang='lat' dir='ltr'><strong>Someron,</strong></span> <span class='ocrx_word' id='word_1_497' title='bbox 3303 2689 3391 2760; x_wconf 86' lang='lat' dir='ltr'><strong>qui</strong></span> <span class='ocrx_word' id='word_1_498' title='bbox 3420 2697 3538 2744; x_wconf 87' lang='lat' dir='ltr'><strong>erat</strong></span> 
     </span>
    </p>
   </div>
   <div class='ocr_carea' id='block_1_75' title="bbox 1947 2760 2531 2832">
    <p class='ocr_par' dir='ltr' id='par_1_75' title="bbox 1947 2760 2531 2832">
     <span class='ocr_line' id='line_1_78' title="bbox 1947 2760 2531 2832; baseline 0 -15"><span class='ocrx_word' id='word_1_499' title='bbox 1947 2760 2000 2818; x_wconf 90' lang='lat' dir='ltr'><strong>in</strong></span> <span class='ocrx_word' id='word_1_500' title='bbox 2035 2764 2312 2832; x_wconf 75' lang='lat' dir='ltr'><strong>Epitraim,</strong></span> <span class='ocrx_word' id='word_1_501' title='bbox 2339 2773 2395 2818; x_wconf 85' lang='lat' dir='ltr'><strong>et</strong></span> <span class='ocrx_word' id='word_1_502' title='bbox 2416 2765 2531 2818; x_wconf 87' lang='lat' dir='ltr'><strong>ait:</strong></span> 
     </span>
    </p>
   </div>
   <div class='ocr_carea' id='block_1_76' title="bbox 2018 2831 3540 2902">
    <p class='ocr_par' dir='ltr' id='par_1_76' title="bbox 2018 2831 3540 2902">
     <span class='ocr_line' id='line_1_79' title="bbox 2018 2831 3540 2902; baseline -0.002 -12"><span class='ocrx_word' id='word_1_503' title='bbox 2018 2837 2174 2898; x_wconf 79' lang='lat' dir='ltr'><strong>Audi,</strong></span> <span class='ocrx_word' id='word_1_504' title='bbox 2209 2831 2601 2900; x_wconf 84' lang='lat' dir='ltr'><strong>.leroboatn,et</strong></span> <span class='ocrx_word' id='word_1_505' title='bbox 2629 2833 2805 2888; x_wconf 86' lang='lat' dir='ltr'><strong>omnis</strong></span> <span class='ocrx_word' id='word_1_506' title='bbox 2848 2832 3052 2888; x_wconf 86' lang='lat' dir='ltr'><strong>lsrael:</strong></span> <span class='ocrx_word' id='word_1_507' title='bbox 3097 2831 3233 2887; x_wconf 79' lang='lat' dir='ltr'><strong>Num</strong></span> <span class='ocrx_word' id='word_1_508' title='bbox 3277 2831 3540 2902; x_wconf 81' lang='lat' dir='ltr'><strong>ignoratis</strong></span> 
     </span>
    </p>
   </div>
   <div class='ocr_carea' id='block_1_77' title="bbox 1945 2905 3544 2976">
    <p class='ocr_par' dir='ltr' id='par_1_77' title="bbox 1945 2905 3544 2976">
     <span class='ocr_line' id='line_1_80' title="bbox 1945 2905 3544 2976; baseline -0.001 -16"><span class='ocrx_word' id='word_1_509' title='bbox 1945 2906 2086 2976; x_wconf 90' lang='lat' dir='ltr'><strong>quod</strong></span> <span class='ocrx_word' id='word_1_510' title='bbox 2136 2907 2396 2962; x_wconf 63' lang='lat' dir='ltr'><strong>Dominus</strong></span> <span class='ocrx_word' id='word_1_511' title='bbox 2446 2909 2587 2962; x_wconf 86' lang='lat' dir='ltr'><strong>Deus</strong></span> <span class='ocrx_word' id='word_1_512' title='bbox 2630 2905 2792 2960; x_wconf 85' lang='lat' dir='ltr'><strong>Israel</strong></span> <span class='ocrx_word' id='word_1_513' title='bbox 2844 2905 3056 2959; x_wconf 85' lang='lat' dir='ltr'><strong>dederit</strong></span> <span class='ocrx_word' id='word_1_514' title='bbox 3102 2919 3326 2976; x_wconf 80' lang='lat' dir='ltr'><strong>regnum</strong></span> <span class='ocrx_word' id='word_1_515' title='bbox 3381 2905 3544 2959; x_wconf 78' lang='lat' dir='ltr'><strong>David</strong></span> 
     </span>
    </p>
   </div>
   <div class='ocr_carea' id='block_1_78' title="bbox 1945 2974 3540 3048">
    <p class='ocr_par' dir='ltr' id='par_1_78' title="bbox 1945 2974 3540 3048">
     <span class='ocr_line' id='line_1_81' title="bbox 1945 2974 3540 3048; baseline -0.002 -15"><span class='ocrx_word' id='word_1_516' title='bbox 1945 2974 2113 3046; x_wconf 81' lang='lat' dir='ltr'><strong>super</strong></span> <span class='ocrx_word' id='word_1_517' title='bbox 2143 2979 2308 3034; x_wconf 88' lang='lat' dir='ltr'><strong>Israel</strong></span> <span class='ocrx_word' id='word_1_518' title='bbox 2338 2981 2390 3035; x_wconf 90' lang='lat' dir='ltr'><strong>itt</strong></span> <span class='ocrx_word' id='word_1_519' title='bbox 2417 2978 2830 3048; x_wconf 88' lang='lat' dir='ltr'><strong>sempiternum,</strong></span> <span class='ocrx_word' id='word_1_520' title='bbox 2867 2977 2966 3047; x_wconf 91' lang='lat' dir='ltr'><strong>ipsi</strong></span> <span class='ocrx_word' id='word_1_521' title='bbox 2995 2986 3049 3032; x_wconf 89' lang='lat' dir='ltr'><strong>et</strong></span> <span class='ocrx_word' id='word_1_522' title='bbox 3079 2976 3200 3031; x_wconf 84' lang='lat' dir='ltr'><strong>lllllS</strong></span> <span class='ocrx_word' id='word_1_523' title='bbox 3218 2974 3336 3047; x_wconf 89' lang='lat' dir='ltr'><strong>ejus</strong></span> <span class='ocrx_word' id='word_1_524' title='bbox 3360 2977 3412 3030; x_wconf 91' lang='lat' dir='ltr'><strong>itt</strong></span> <span class='ocrx_word' id='word_1_525' title='bbox 3446 2990 3540 3045; x_wconf 85' lang='lat' dir='ltr'><strong>pa-</strong></span> 
     </span>
    </p>
   </div>
   <div class='ocr_carea' id='block_1_79' title="bbox 1947 3051 2284 3106">
    <p class='ocr_par' dir='ltr' id='par_1_79' title="bbox 1947 3051 2284 3106">
     <span class='ocr_line' id='line_1_82' title="bbox 1947 3051 2284 3106; baseline 0.006 -2"><span class='ocrx_word' id='word_1_526' title='bbox 1947 3063 2090 3106; x_wconf 89' lang='lat' dir='ltr'><strong>ctum</strong></span> <span class='ocrx_word' id='word_1_527' title='bbox 2120 3051 2284 3106; x_wconf 80' lang='lat' dir='ltr'><strong>salis?</strong></span> 
     </span>
    </p>
   </div>
   <div class='ocr_carea' id='block_1_80' title="bbox 2021 3118 3550 3180">
    <p class='ocr_par' dir='ltr' id='par_1_80' title="bbox 2021 3118 3550 3180">
     <span class='ocr_line' id='line_1_83' title="bbox 2021 3118 3550 3180; baseline -0.003 -3"><span class='ocrx_word' id='word_1_528' title='bbox 2021 3126 2084 3178; x_wconf 70' lang='lat' dir='ltr'><strong>lit</strong></span> <span class='ocrx_word' id='word_1_529' title='bbox 2112 3123 2348 3178; x_wconf 73' lang='lat' dir='ltr'><strong>surrexit</strong></span> <span class='ocrx_word' id='word_1_530' title='bbox 2376 3122 2664 3180; x_wconf 80' lang='lat' dir='ltr'><strong>Jeroboam</strong></span> <span class='ocrx_word' id='word_1_531' title='bbox 2700 3121 2841 3176; x_wconf 85' lang='lat' dir='ltr'><strong>ﬁlius</strong></span> <span class='ocrx_word' id='word_1_532' title='bbox 2879 3119 3070 3177; x_wconf 85' lang='lat' dir='ltr'><strong>Nabat.</strong></span> <span class='ocrx_word' id='word_1_533' title='bbox 3099 3133 3289 3174; x_wconf 77' lang='lat' dir='ltr'><strong>servus</strong></span> <span class='ocrx_word' id='word_1_534' title='bbox 3309 3118 3550 3173; x_wconf 83' lang='lat' dir='ltr'><strong>Salomo-</strong></span> 
     </span>
    </p>
   </div>
   <div class='ocr_carea' id='block_1_81' title="bbox 245 3189 3540 3265">
    <p class='ocr_par' dir='ltr' id='par_1_81' title="bbox 245 3189 3540 3265">
     <span class='ocr_line' id='line_1_84' title="bbox 245 3189 3540 3265; baseline -0 -22"><span class='ocrx_word' id='word_1_535' title='bbox 245 3189 489 3245; x_wconf 80' lang='lat' dir='ltr'><strong>lloltoam</strong></span> <span class='ocrx_word' id='word_1_536' title='bbox 537 3203 593 3249; x_wconf 84' lang='lat' dir='ltr'><strong>et</strong></span> <span class='ocrx_word' id='word_1_537' title='bbox 630 3189 1014 3261; x_wconf 70' lang='lat' dir='ltr'><strong>cettlot~tatum,</strong></span> <span class='ocrx_word' id='word_1_538' title='bbox 1059 3192 1356 3264; x_wconf 80' lang='lat' dir='ltr'><strong>dereliquit</strong></span> <span class='ocrx_word' id='word_1_539' title='bbox 1399 3193 1569 3265; x_wconf 87' lang='lat' dir='ltr'><strong>legent</strong></span> <span class='ocrx_word' id='word_1_540' title='bbox 1603 3189 1838 3261; x_wconf 76' lang='lat' dir='ltr'><strong>Domini,</strong></span> <span class='ocrx_word' id='word_1_541' title='bbox 1869 3193 1917 3258; x_wconf 85' lang='lat' dir='ltr'><strong>C</strong></span> <span class='ocrx_word' id='word_1_542' title='bbox 1951 3195 2031 3250; x_wconf 87' lang='lat' dir='ltr'><strong>nis</strong></span> <span class='ocrx_word' id='word_1_543' title='bbox 2062 3195 2152 3250; x_wconf 86' lang='lat' dir='ltr'><strong>ﬁlii</strong></span> <span class='ocrx_word' id='word_1_544' title='bbox 2183 3195 2392 3251; x_wconf 83' lang='lat' dir='ltr'><strong>David:</strong></span> <span class='ocrx_word' id='word_1_545' title='bbox 2423 3204 2475 3248; x_wconf 87' lang='lat' dir='ltr'><strong>et</strong></span> <span class='ocrx_word' id='word_1_546' title='bbox 2504 3193 2794 3250; x_wconf 86' lang='lat' dir='ltr'><strong>rebellavit</strong></span> <span class='ocrx_word' id='word_1_547' title='bbox 2818 3203 3004 3247; x_wconf 88' lang='lat' dir='ltr'><strong>contra</strong></span> <span class='ocrx_word' id='word_1_548' title='bbox 3039 3191 3322 3265; x_wconf 86' lang='lat' dir='ltr'><strong>Dominum</strong></span> <span class='ocrx_word' id='word_1_549' title='bbox 3350 3206 3540 3265; x_wconf 75' lang='lat' dir='ltr'><strong>suum.</strong></span> 
     </span>
    </p>
   </div>
   <div class='ocr_carea' id='block_1_82' title="bbox 239 3265 960 3321">
    <p class='ocr_par' dir='ltr' id='par_1_82' title="bbox 239 3265 960 3321">
     <span class='ocr_line' id='line_1_85' title="bbox 239 3265 960 3321; baseline 0.001 -3"><span class='ocrx_word' id='word_1_550' title='bbox 239 3273 293 3318; x_wconf 89' lang='lat' dir='ltr'><strong>et</strong></span> <span class='ocrx_word' id='word_1_551' title='bbox 326 3265 502 3320; x_wconf 89' lang='lat' dir='ltr'><strong>omnis</strong></span> <span class='ocrx_word' id='word_1_552' title='bbox 531 3265 694 3321; x_wconf 85' lang='lat' dir='ltr'><strong>Israel</strong></span> <span class='ocrx_word' id='word_1_553' title='bbox 721 3282 842 3320; x_wconf 88' lang='lat' dir='ltr'><strong>cum</strong></span> <span class='ocrx_word' id='word_1_554' title='bbox 874 3281 960 3320; x_wconf 92' lang='lat' dir='ltr'><strong>co.</strong></span> 
     </span>
    </p>
   </div>
   <div class='ocr_carea' id='block_1_83' title="bbox 312 3336 1836 3408">
    <p class='ocr_par' dir='ltr' id='par_1_83' title="bbox 312 3336 1836 3408">
     <span class='ocr_line' id='line_1_86' title="bbox 312 3336 1836 3408; baseline 0.003 -22"><span class='ocrx_word' id='word_1_555' title='bbox 312 3338 472 3392; x_wconf 82' lang='lat' dir='ltr'><strong>Anno</strong></span> <span class='ocrx_word' id='word_1_556' title='bbox 501 3351 679 3392; x_wconf 82' lang='lat' dir='ltr'><strong>autem</strong></span> <span class='ocrx_word' id='word_1_557' title='bbox 712 3340 901 3408; x_wconf 86' lang='lat' dir='ltr'><strong>quinto</strong></span> <span class='ocrx_word' id='word_1_558' title='bbox 947 3336 1095 3406; x_wconf 81' lang='lat' dir='ltr'><strong>regni</strong></span> <span class='ocrx_word' id='word_1_559' title='bbox 1141 3336 1408 3401; x_wconf 80' lang='lat' dir='ltr'><strong>Roboatn,</strong></span> <span class='ocrx_word' id='word_1_560' title='bbox 1447 3336 1694 3391; x_wconf 83' lang='lat' dir='ltr'><strong>ascendit</strong></span> <span class='ocrx_word' id='word_1_561' title='bbox 1738 3340 1836 3394; x_wconf 85' lang='lat' dir='ltr'><strong>Sc-</strong></span> 
     </span>
    </p>
   </div>
   <div class='ocr_carea' id='block_1_84' title="bbox 240 3407 1840 3480">
    <p class='ocr_par' dir='ltr' id='par_1_84' title="bbox 240 3407 1840 3480">
     <span class='ocr_line' id='line_1_87' title="bbox 240 3407 1840 3480; baseline 0.005 -23"><span class='ocrx_word' id='word_1_562' title='bbox 240 3407 370 3480; x_wconf 83' lang='lat' dir='ltr'><strong>saelt</strong></span> <span class='ocrx_word' id='word_1_563' title='bbox 419 3425 510 3463; x_wconf 81' lang='lat' dir='ltr'><strong>rex</strong></span> <span class='ocrx_word' id='word_1_564' title='bbox 562 3407 778 3480; x_wconf 61' lang='lat' dir='ltr'><strong>Aigypti</strong></span> <span class='ocrx_word' id='word_1_565' title='bbox 829 3411 880 3464; x_wconf 92' lang='lat' dir='ltr'><strong>in</strong></span> <span class='ocrx_word' id='word_1_566' title='bbox 927 3408 1224 3463; x_wconf 75' lang='lat' dir='ltr'><strong>Jerusalem</strong></span> <span class='ocrx_word' id='word_1_567' title='bbox 1273 3409 1432 3474; x_wconf 81' lang='lat' dir='ltr'><strong>(quia</strong></span> <span class='ocrx_word' id='word_1_568' title='bbox 1483 3418 1840 3477; x_wconf 68' lang='lat' dir='ltr'><strong>peccari-tant</strong></span> 
     </span>
    </p>
   </div>
   <div class='ocr_carea' id='block_1_85' title="bbox 243 3478 1836 3550">
    <p class='ocr_par' dir='ltr' id='par_1_85' title="bbox 243 3478 1836 3550">
     <span class='ocr_line' id='line_1_88' title="bbox 243 3478 1836 3550; baseline 0.004 -20"><span class='ocrx_word' id='word_1_569' title='bbox 243 3478 505 3550; x_wconf 84' lang='lat' dir='ltr'><strong>Domino)</strong></span> <span class='ocrx_word' id='word_1_570' title='bbox 534 3478 834 3536; x_wconf 38' lang='lat' dir='ltr'><strong>cuni—inille</strong></span> <span class='ocrx_word' id='word_1_571' title='bbox 863 3480 1110 3536; x_wconf 89' lang='lat' dir='ltr'><strong>ducentis</strong></span> <span class='ocrx_word' id='word_1_572' title='bbox 1141 3481 1410 3542; x_wconf 87' lang='lat' dir='ltr'><strong>curribus.</strong></span> <span class='ocrx_word' id='word_1_573' title='bbox 1459 3490 1514 3533; x_wconf 89' lang='lat' dir='ltr'><strong>et</strong></span> <span class='ocrx_word' id='word_1_574' title='bbox 1559 3485 1836 3550; x_wconf 80' lang='lat' dir='ltr'><strong>sexaginta</strong></span> 
     </span>
    </p>
   </div>
   <div class='ocr_carea' id='block_1_86' title="bbox 237 3551 1838 3623">
    <p class='ocr_par' dir='ltr' id='par_1_86' title="bbox 237 3551 1838 3623">
     <span class='ocr_line' id='line_1_89' title="bbox 237 3551 1838 3623; baseline 0.003 -19"><span class='ocrx_word' id='word_1_575' title='bbox 237 3551 478 3606; x_wconf 76' lang='lat' dir='ltr'><strong>millibus</strong></span> <span class='ocrx_word' id='word_1_576' title='bbox 502 3553 739 3623; x_wconf 86' lang='lat' dir='ltr'><strong>equitum</strong></span> <span class='ocrx_word' id='word_1_577' title='bbox 767 3569 779 3604; x_wconf 86' lang='lat'><strong>:</strong></span> <span class='ocrx_word' id='word_1_578' title='bbox 813 3568 912 3606; x_wconf 93' lang='lat' dir='ltr'><strong>nec</strong></span> <span class='ocrx_word' id='word_1_579' title='bbox 943 3563 1057 3606; x_wconf 90' lang='lat' dir='ltr'><strong>erat</strong></span> <span class='ocrx_word' id='word_1_580' title='bbox 1089 3567 1347 3608; x_wconf 87' lang='lat' dir='ltr'><strong>numerus</strong></span> <span class='ocrx_word' id='word_1_581' title='bbox 1387 3552 1532 3623; x_wconf 81' lang='lat' dir='ltr'><strong>vulgi</strong></span> <span class='ocrx_word' id='word_1_582' title='bbox 1563 3555 1704 3620; x_wconf 89' lang='lat' dir='ltr'><strong>quod</strong></span> <span class='ocrx_word' id='word_1_583' title='bbox 1748 3570 1838 3609; x_wconf 78' lang='lat' dir='ltr'><strong>ve-</strong></span> 
     </span>
    </p>
   </div>
   <div class='ocr_carea' id='block_1_87' title="bbox 241 3623 1837 3696">
    <p class='ocr_par' dir='ltr' id='par_1_87' title="bbox 241 3623 1837 3696">
     <span class='ocr_line' id='line_1_90' title="bbox 241 3623 1837 3696; baseline 0.003 -22"><span class='ocrx_word' id='word_1_584' title='bbox 241 3631 396 3696; x_wconf 80' lang='lat' dir='ltr'><strong>nerat</strong></span> <span class='ocrx_word' id='word_1_585' title='bbox 419 3639 638 3696; x_wconf 78' lang='lat' dir='ltr'><strong>cuaneo</strong></span> <span class='ocrx_word' id='word_1_586' title='bbox 664 3641 729 3678; x_wconf 81' lang='lat' dir='ltr'><strong>ex</strong></span> <span class='ocrx_word' id='word_1_587' title='bbox 759 3623 1019 3696; x_wconf 64' lang='lat' dir='ltr'><strong>Egypto,</strong></span> <span class='ocrx_word' id='word_1_588' title='bbox 1054 3624 1251 3696; x_wconf 85' lang='lat' dir='ltr'><strong>Libyes</strong></span> <span class='ocrx_word' id='word_1_589' title='bbox 1278 3623 1504 3691; x_wconf 84' lang='lat' dir='ltr'><strong>scilicet,</strong></span> <span class='ocrx_word' id='word_1_590' title='bbox 1531 3633 1591 3696; x_wconf 13' lang='lat' dir='ltr'><strong>et,</strong></span> <span class='ocrx_word' id='word_1_591' title='bbox 1611 3624 1837 3689; x_wconf 77' lang='lat' dir='ltr'><strong>Troglo-</strong></span> 
     </span>
    </p>
   </div>
   <div class='ocr_carea' id='block_1_88' title="bbox 237 3692 1835 3766">
    <p class='ocr_par' dir='ltr' id='par_1_88' title="bbox 237 3692 1835 3766">
     <span class='ocr_line' id='line_1_91' title="bbox 237 3692 1835 3766; baseline 0.004 -22"><span class='ocrx_word' id='word_1_592' title='bbox 237 3692 408 3766; x_wconf 69' lang='lat' dir='ltr'><strong>dytaz,</strong></span> <span class='ocrx_word' id='word_1_593' title='bbox 440 3705 493 3749; x_wconf 90' lang='lat' dir='ltr'><strong>et</strong></span> <span class='ocrx_word' id='word_1_594' title='bbox 522 3692 1126 3766; x_wconf 51' lang='lat' dir='ltr'><strong>Etltiopesfllepttque</strong></span> <span class='ocrx_word' id='word_1_595' title='bbox 1158 3692 1410 3751; x_wconf 73' lang='lat' dir='ltr'><strong>civitates</strong></span> <span class='ocrx_word' id='word_1_596' title='bbox 1447 3695 1835 3752; x_wconf 67' lang='grc' dir='ltr'>ιιιιιιιίιίδτὶιιιιις</span> 
     </span>
    </p>
   </div>
   <div class='ocr_carea' id='block_1_89' title="bbox 241 3764 1382 3840">
    <p class='ocr_par' dir='ltr' id='par_1_89' title="bbox 241 3764 1382 3840">
     <span class='ocr_line' id='line_1_92' title="bbox 241 3764 1382 3840; baseline -0.002 -18"><span class='ocrx_word' id='word_1_597' title='bbox 241 3764 295 3818; x_wconf 84' lang='lat' dir='ltr'><strong>ill</strong></span> <span class='ocrx_word' id='word_1_598' title='bbox 318 3766 487 3840; x_wconf 40' lang='lat' dir='ltr'><strong>illidat,</strong></span> <span class='ocrx_word' id='word_1_599' title='bbox 519 3778 575 3823; x_wconf 80' lang='lat' dir='ltr'><strong>et</strong></span> <span class='ocrx_word' id='word_1_600' title='bbox 603 3764 749 3824; x_wconf 82' lang='lat' dir='ltr'><strong>venit</strong></span> <span class='ocrx_word' id='word_1_601' title='bbox 774 3764 1382 3840; x_wconf 40' lang='lat' dir='ltr'><strong>noque—adderusaletn.</strong></span> 
     </span>
    </p>
   </div>
   <div class='ocr_carea' id='block_1_90' title="bbox 311 3838 1831 3909">
    <p class='ocr_par' dir='ltr' id='par_1_90' title="bbox 311 3838 1831 3909">
     <span class='ocr_line' id='line_1_93' title="bbox 311 3838 1831 3909; baseline 0.001 -17"><span class='ocrx_word' id='word_1_602' title='bbox 311 3838 552 3892; x_wconf 85' lang='lat' dir='ltr'><strong>Semeias</strong></span> <span class='ocrx_word' id='word_1_603' title='bbox 575 3852 756 3895; x_wconf 86' lang='lat' dir='ltr'><strong>autem</strong></span> <span class='ocrx_word' id='word_1_604' title='bbox 783 3838 1050 3908; x_wconf 76' lang='lat' dir='ltr'><strong>Prbplteta</strong></span> <span class='ocrx_word' id='word_1_605' title='bbox 1075 3841 1350 3909; x_wconf 89' lang='lat' dir='ltr'><strong>ingressus</strong></span> <span class='ocrx_word' id='word_1_606' title='bbox 1374 3839 1538 3895; x_wconf 87' lang='lat' dir='ltr'><strong>estad</strong></span> <span class='ocrx_word' id='word_1_607' title='bbox 1563 3839 1831 3907; x_wconf 81' lang='lat' dir='ltr'><strong>Roboam,</strong></span> 
     </span>
    </p>
   </div>
   <div class='ocr_carea' id='block_1_91' title="bbox 235 3909 1831 3981">
    <p class='ocr_par' dir='ltr' id='par_1_91' title="bbox 235 3909 1831 3981">
     <span class='ocr_line' id='line_1_94' title="bbox 235 3909 1831 3981; baseline 0.004 -21"><span class='ocrx_word' id='word_1_608' title='bbox 235 3917 290 3981; x_wconf 79' lang='lat' dir='ltr'><strong>et</strong></span> <span class='ocrx_word' id='word_1_609' title='bbox 319 3909 591 3980; x_wconf 82' lang='lat' dir='ltr'><strong>principes</strong></span> <span class='ocrx_word' id='word_1_610' title='bbox 619 3909 778 3975; x_wconf 83' lang='lat' dir='ltr'><strong>Juda,</strong></span> <span class='ocrx_word' id='word_1_611' title='bbox 813 3913 902 3979; x_wconf 76' lang='lat' dir='ltr'><strong>qui</strong></span> <span class='ocrx_word' id='word_1_612' title='bbox 933 3912 1241 3981; x_wconf 79' lang='lat' dir='ltr'><strong>congregati</strong></span> <span class='ocrx_word' id='word_1_613' title='bbox 1275 3911 1487 3965; x_wconf 75' lang='lat' dir='ltr'><strong>fuerant</strong></span> <span class='ocrx_word' id='word_1_614' title='bbox 1521 3913 1576 3966; x_wconf 87' lang='lat' dir='ltr'><strong>itt</strong></span> <span class='ocrx_word' id='word_1_615' title='bbox 1617 3911 1831 3968; x_wconf 69' lang='lat' dir='ltr'><strong>Jerusa-</strong></span> 
     </span>
    </p>
   </div>
   <div class='ocr_carea' id='block_1_92' title="bbox 235 3979 1427 4053">
    <p class='ocr_par' dir='ltr' id='par_1_92' title="bbox 235 3979 1427 4053">
     <span class='ocr_line' id='line_1_95' title="bbox 235 3979 1427 4053; baseline 0.006 -21"><span class='ocrx_word' id='word_1_616' title='bbox 235 3979 368 4053; x_wconf 78' lang='lat' dir='ltr'><strong>lcttt,</strong></span> <span class='ocrx_word' id='word_1_617' title='bbox 403 3979 671 4052; x_wconf 79' lang='lat' dir='ltr'><strong>fugientes</strong></span> <span class='ocrx_word' id='word_1_618' title='bbox 704 3986 893 4047; x_wconf 80' lang='lat' dir='ltr'><strong>Sesac,</strong></span> <span class='ocrx_word' id='word_1_619' title='bbox 921 3979 1164 4053; x_wconf 73' lang='lat' dir='ltr'><strong>dixitque</strong></span> <span class='ocrx_word' id='word_1_620' title='bbox 1196 3982 1262 4036; x_wconf 91' lang='lat' dir='ltr'><strong>ad</strong></span> <span class='ocrx_word' id='word_1_621' title='bbox 1293 3996 1427 4039; x_wconf 89' lang='lat' dir='ltr'><strong>eos:</strong></span> 
     </span>
    </p>
   </div>
   <div class='ocr_carea' id='block_1_93' title="bbox 307 4052 1832 4130">
    <p class='ocr_par' dir='ltr' id='par_1_93' title="bbox 307 4052 1832 4130">
     <span class='ocr_line' id='line_1_96' title="bbox 307 4052 1832 4130; baseline 0.005 -26"><span class='ocrx_word' id='word_1_622' title='bbox 307 4052 431 4130; x_wconf 83' lang='lat' dir='ltr'><strong>l_l:re</strong></span> <span class='ocrx_word' id='word_1_623' title='bbox 477 4056 609 4130; x_wconf 82' lang='lat' dir='ltr'><strong>dicit</strong></span> <span class='ocrx_word' id='word_1_624' title='bbox 661 4057 954 4130; x_wconf 72' lang='lat' dir='ltr'><strong>Dominus:</strong></span> <span class='ocrx_word' id='word_1_625' title='bbox 1011 4052 1116 4111; x_wconf 80' lang='lat' dir='ltr'><strong>Vos</strong></span> <span class='ocrx_word' id='word_1_626' title='bbox 1167 4053 1465 4125; x_wconf 88' lang='lat' dir='ltr'><strong>reliquistis</strong></span> <span class='ocrx_word' id='word_1_627' title='bbox 1510 4071 1616 4125; x_wconf 89' lang='lat' dir='ltr'><strong>me,</strong></span> <span class='ocrx_word' id='word_1_628' title='bbox 1647 4067 1701 4112; x_wconf 89' lang='lat' dir='ltr'><strong>et</strong></span> <span class='ocrx_word' id='word_1_629' title='bbox 1731 4073 1832 4130; x_wconf 86' lang='lat' dir='ltr'><strong>ego</strong></span> 
     </span>
    </p>
   </div>
   <div class='ocr_carea' id='block_1_94' title="bbox 232 4123 1460 4192">
    <p class='ocr_par' dir='ltr' id='par_1_94' title="bbox 232 4123 1460 4192">
     <span class='ocr_line' id='line_1_97' title="bbox 232 4123 1460 4192; baseline 0.006 -17"><span class='ocrx_word' id='word_1_630' title='bbox 232 4123 429 4192; x_wconf 84' lang='lat' dir='ltr'><strong>reliqui</strong></span> <span class='ocrx_word' id='word_1_631' title='bbox 463 4141 558 4181; x_wconf 83' lang='lat' dir='ltr'><strong>vos</strong></span> <span class='ocrx_word' id='word_1_632' title='bbox 589 4127 640 4182; x_wconf 91' lang='lat' dir='ltr'><strong>in</strong></span> <span class='ocrx_word' id='word_1_633' title='bbox 670 4143 831 4183; x_wconf 89' lang='lat' dir='ltr'><strong>manu</strong></span> <span class='ocrx_word' id='word_1_634' title='bbox 862 4127 1031 4183; x_wconf 86' lang='lat' dir='ltr'><strong>Sesac</strong></span> <span class='ocrx_word' id='word_1_635' title='bbox 1057 4145 1069 4180; x_wconf 91' lang='lat'>:</span> <span class='ocrx_word' id='word_1_636' title='bbox 1289 4123 1305 4125; x_wconf 28' lang='grc' dir='ltr'>ί</span> <span class='ocrx_word' id='word_1_637' title='bbox 1453 4153 1460 4160; x_wconf 68' lang='grc' dir='ltr'><strong>ι</strong></span> 
     </span>
    </p>
   </div>
   <div class='ocr_carea' id='block_1_95' title="bbox 303 4193 1826 4270">
    <p class='ocr_par' dir='ltr' id='par_1_95' title="bbox 303 4193 1826 4270">
     <span class='ocr_line' id='line_1_98' title="bbox 303 4193 1826 4270; baseline 0.007 -22"><span class='ocrx_word' id='word_1_638' title='bbox 303 4193 755 4270; x_wconf 75' lang='lat' dir='ltr'><strong>Consmrnatiqne</strong></span> <span class='ocrx_word' id='word_1_639' title='bbox 782 4199 1054 4270; x_wconf 81' lang='lat' dir='ltr'><strong>principes</strong></span> <span class='ocrx_word' id='word_1_640' title='bbox 1092 4197 1254 4255; x_wconf 87' lang='lat' dir='ltr'><strong>Israel</strong></span> <span class='ocrx_word' id='word_1_641' title='bbox 1297 4207 1352 4253; x_wconf 88' lang='lat' dir='ltr'><strong>et</strong></span> <span class='ocrx_word' id='word_1_642' title='bbox 1397 4214 1489 4254; x_wconf 84' lang='lat' dir='ltr'><strong>rex</strong></span> <span class='ocrx_word' id='word_1_643' title='bbox 1535 4199 1826 4257; x_wconf 83' lang='lat' dir='ltr'><strong>dixerunt:</strong></span> 
     </span>
    </p>
   </div>
   <div class='ocr_carea' id='block_1_96' title="bbox 230 4263 838 4326">
    <p class='ocr_par' dir='ltr' id='par_1_96' title="bbox 230 4263 838 4326">
     <span class='ocr_line' id='line_1_99' title="bbox 230 4263 838 4326; baseline 0.01 -8"><span class='ocrx_word' id='word_1_644' title='bbox 230 4263 416 4320; x_wconf 81' lang='lat' dir='ltr'><strong>Justus</strong></span> <span class='ocrx_word' id='word_1_645' title='bbox 438 4278 521 4322; x_wconf 89' lang='lat' dir='ltr'><strong>est</strong></span> <span class='ocrx_word' id='word_1_646' title='bbox 555 4263 838 4326; x_wconf 64' lang='grc' dir='ltr'><strong>Βοιεῖιηιιε.</strong></span> 
     </span>
    </p>
   </div>
   <div class='ocr_carea' id='block_1_97' title="bbox 303 4338 1824 4416">
    <p class='ocr_par' dir='ltr' id='par_1_97' title="bbox 303 4338 1824 4416">
     <span class='ocr_line' id='line_1_100' title="bbox 303 4338 1824 4416; baseline 0.006 -26"><span class='ocrx_word' id='word_1_647' title='bbox 303 4338 540 4409; x_wconf 77' lang='lat' dir='ltr'><strong>Cumque</strong></span> <span class='ocrx_word' id='word_1_648' title='bbox 570 4341 798 4416; x_wconf 84' lang='lat' dir='ltr'><strong>vidisset</strong></span> <span class='ocrx_word' id='word_1_649' title='bbox 830 4343 1106 4416; x_wconf 80' lang='lat' dir='ltr'><strong>Dominus,</strong></span> <span class='ocrx_word' id='word_1_650' title='bbox 1137 4343 1280 4416; x_wconf 90' lang='lat' dir='ltr'><strong>quod</strong></span> <span class='ocrx_word' id='word_1_651' title='bbox 1309 4343 1576 4399; x_wconf 84' lang='lat' dir='ltr'><strong>buntiliati</strong></span> <span class='ocrx_word' id='word_1_652' title='bbox 1619 4356 1824 4414; x_wconf 86' lang='lat' dir='ltr'><strong>essent,</strong></span> 
     </span>
    </p>
   </div>
   <div class='ocr_carea' id='block_1_98' title="bbox 229 4406 1648 4480">
    <p class='ocr_par' dir='ltr' id='par_1_98' title="bbox 229 4406 1648 4480">
     <span class='ocr_line' id='line_1_101' title="bbox 229 4406 1648 4480; baseline 0.006 -18"><span class='ocrx_word' id='word_1_653' title='bbox 229 4406 404 4463; x_wconf 69' lang='lat' dir='ltr'><strong>factus</strong></span> <span class='ocrx_word' id='word_1_654' title='bbox 437 4406 518 4463; x_wconf 79' lang='lat' dir='ltr'><strong>est</strong></span> <span class='ocrx_word' id='word_1_655' title='bbox 543 4427 723 4466; x_wconf 82' lang='lat' dir='ltr'><strong>sermo</strong></span> <span class='ocrx_word' id='word_1_656' title='bbox 759 4414 964 4468; x_wconf 88' lang='lat' dir='ltr'><strong>Domini</strong></span> <span class='ocrx_word' id='word_1_657' title='bbox 996 4414 1063 4469; x_wconf 80' lang='lat' dir='ltr'><strong>ad</strong></span> <span class='ocrx_word' id='word_1_658' title='bbox 1092 4406 1383 4480; x_wconf 62' lang='lat' dir='ltr'><strong>Sdateiam,</strong></span> <span class='ocrx_word' id='word_1_659' title='bbox 1418 4417 1608 4470; x_wconf 88' lang='lat' dir='ltr'><strong>dicens</strong></span> <span class='ocrx_word' id='word_1_660' title='bbox 1637 4435 1648 4470; x_wconf 93' lang='lat'>:</span> 
     </span>
    </p>
   </div>
   <div class='ocr_carea' id='block_1_99' title="bbox 304 4481 1830 4557">
    <p class='ocr_par' dir='ltr' id='par_1_99' title="bbox 304 4481 1830 4557">
     <span class='ocr_line' id='line_1_102' title="bbox 304 4481 1830 4557; baseline 0.008 -25"><span class='ocrx_word' id='word_1_661' title='bbox 304 4481 436 4548; x_wconf 84' lang='lat' dir='ltr'><strong>Quia</strong></span> <span class='ocrx_word' id='word_1_662' title='bbox 471 4483 733 4557; x_wconf 74' lang='lat' dir='ltr'><strong>littmiliati</strong></span> <span class='ocrx_word' id='word_1_663' title='bbox 766 4494 910 4557; x_wconf 70' lang='lat' dir='ltr'><strong>sunt,</strong></span> <span class='ocrx_word' id='word_1_664' title='bbox 942 4502 1046 4540; x_wconf 89' lang='lat' dir='ltr'><strong>non</strong></span> <span class='ocrx_word' id='word_1_665' title='bbox 1080 4487 1383 4555; x_wconf 84' lang='lat' dir='ltr'><strong>disperdant</strong></span> <span class='ocrx_word' id='word_1_666' title='bbox 1428 4503 1543 4552; x_wconf 87' lang='lat' dir='ltr'><strong>eos,</strong></span> <span class='ocrx_word' id='word_1_667' title='bbox 1583 4487 1830 4557; x_wconf 84' lang='lat' dir='ltr'><strong>daboqne</strong></span> 
     </span>
    </p>
   </div>
   <div class='ocr_carea' id='block_1_100' title="bbox 229 4552 1826 4620">
    <p class='ocr_par' dir='ltr' id='par_1_100' title="bbox 229 4552 1826 4620">
     <span class='ocr_line' id='line_1_103' title="bbox 229 4552 1826 4620; baseline 0.007 -15"><span class='ocrx_word' id='word_1_668' title='bbox 229 4552 310 4605; x_wconf 87' lang='lat' dir='ltr'><strong>eis</strong></span> <span class='ocrx_word' id='word_1_669' title='bbox 339 4553 635 4620; x_wconf 83' lang='lat' dir='ltr'><strong>pauxillum</strong></span> <span class='ocrx_word' id='word_1_670' title='bbox 659 4553 864 4616; x_wconf 79' lang='lat' dir='ltr'><strong>auxilii,</strong></span> <span class='ocrx_word' id='word_1_671' title='bbox 894 4565 948 4610; x_wconf 91' lang='lat' dir='ltr'><strong>et</strong></span> <span class='ocrx_word' id='word_1_672' title='bbox 981 4573 1085 4609; x_wconf 90' lang='lat' dir='ltr'><strong>non</strong></span> <span class='ocrx_word' id='word_1_673' title='bbox 1112 4552 1332 4612; x_wconf 86' lang='lat' dir='ltr'><strong>stillabit</strong></span> <span class='ocrx_word' id='word_1_674' title='bbox 1360 4558 1510 4612; x_wconf 84' lang='lat' dir='ltr'><strong>l&#39;urnr</strong></span> <span class='ocrx_word' id='word_1_675' title='bbox 1539 4574 1696 4614; x_wconf 90' lang='lat' dir='ltr'><strong>meus</strong></span> <span class='ocrx_word' id='word_1_676' title='bbox 1733 4552 1826 4615; x_wconf 64' lang='lat' dir='ltr'><strong>Su—</strong></span> 
     </span>
    </p>
   </div>
   <div class='ocr_carea' id='block_1_101' title="bbox 228 4623 1240 4692">
    <p class='ocr_par' dir='ltr' id='par_1_101' title="bbox 228 4623 1240 4692">
     <span class='ocr_line' id='line_1_104' title="bbox 228 4623 1240 4692; baseline 0.003 -14"><span class='ocrx_word' id='word_1_677' title='bbox 228 4639 327 4692; x_wconf 88' lang='lat' dir='ltr'><strong>per</strong></span> <span class='ocrx_word' id='word_1_678' title='bbox 352 4623 650 4680; x_wconf 80' lang='lat' dir='ltr'><strong>Jerusalem</strong></span> <span class='ocrx_word' id='word_1_679' title='bbox 683 4641 776 4691; x_wconf 90' lang='lat' dir='ltr'><strong>per</strong></span> <span class='ocrx_word' id='word_1_680' title='bbox 806 4641 1026 4681; x_wconf 88' lang='lat' dir='ltr'><strong>manum</strong></span> <span class='ocrx_word' id='word_1_681' title='bbox 1055 4628 1240 4683; x_wconf 88' lang='lat' dir='ltr'><strong>Sesac.</strong></span> 
     </span>
    </p>
   </div>
   <div class='ocr_carea' id='block_1_102' title="bbox 307 4693 1824 4760">
    <p class='ocr_par' dir='ltr' id='par_1_102' title="bbox 307 4693 1824 4760">
     <span class='ocr_line' id='line_1_105' title="bbox 307 4693 1824 4760; baseline 0.007 -12"><span class='ocrx_word' id='word_1_682' title='bbox 307 4693 681 4752; x_wconf 86' lang='lat' dir='ltr'><strong>Verumtamen</strong></span> <span class='ocrx_word' id='word_1_683' title='bbox 713 4698 949 4752; x_wconf 88' lang='lat' dir='ltr'><strong>servient</strong></span> <span class='ocrx_word' id='word_1_684' title='bbox 975 4699 1045 4760; x_wconf 90' lang='lat' dir='ltr'><strong>ei,</strong></span> <span class='ocrx_word' id='word_1_685' title='bbox 1079 4709 1137 4754; x_wconf 93' lang='lat' dir='ltr'><strong>ut</strong></span> <span class='ocrx_word' id='word_1_686' title='bbox 1166 4700 1341 4754; x_wconf 91' lang='lat' dir='ltr'><strong>sciant</strong></span> <span class='ocrx_word' id='word_1_687' title='bbox 1365 4699 1676 4756; x_wconf 81' lang='lat' dir='ltr'><strong>distantiam</strong></span> <span class='ocrx_word' id='word_1_688' title='bbox 1706 4715 1824 4758; x_wconf 88' lang='lat' dir='ltr'><strong>ser-</strong></span> 
     </span>
    </p>
   </div>
   <div class='ocr_carea' id='block_1_103' title="bbox 228 4764 1463 4840">
    <p class='ocr_par' dir='ltr' id='par_1_103' title="bbox 228 4764 1463 4840">
     <span class='ocr_line' id='line_1_106' title="bbox 228 4764 1463 4840; baseline 0.008 -24"><span class='ocrx_word' id='word_1_689' title='bbox 228 4764 413 4840; x_wconf 67' lang='lat' dir='ltr'><strong>vitutis</strong></span> <span class='ocrx_word' id='word_1_690' title='bbox 446 4783 579 4840; x_wconf 72' lang='lat' dir='ltr'><strong>mete</strong></span> <span class='ocrx_word' id='word_1_691' title='bbox 610 4779 663 4823; x_wconf 89' lang='lat' dir='ltr'><strong>et</strong></span> <span class='ocrx_word' id='word_1_692' title='bbox 691 4768 966 4824; x_wconf 87' lang='lat' dir='ltr'><strong>servitutis</strong></span> <span class='ocrx_word' id='word_1_693' title='bbox 993 4771 1140 4840; x_wconf 83' lang='lat' dir='ltr'><strong>regni</strong></span> <span class='ocrx_word' id='word_1_694' title='bbox 1175 4781 1463 4826; x_wconf 87' lang='lat' dir='ltr'><strong>terrarum.</strong></span> 
     </span>
    </p>
   </div>
   <div class='ocr_carea' id='block_1_104' title="bbox 300 4836 1821 4915">
    <p class='ocr_par' dir='ltr' id='par_1_104' title="bbox 300 4836 1821 4915">
     <span class='ocr_line' id='line_1_107' title="bbox 300 4836 1821 4915; baseline 0.006 -25"><span class='ocrx_word' id='word_1_695' title='bbox 300 4836 750 4915; x_wconf 82' lang='lat' dir='ltr'><strong>_R_ec_essit_itaqne</strong></span> <span class='ocrx_word' id='word_1_696' title='bbox 779 4841 943 4915; x_wconf 81' lang='lat' dir='ltr'><strong>Sesae</strong></span> <span class='ocrx_word' id='word_1_697' title='bbox 984 4836 1082 4915; x_wconf 56' lang='lat' dir='ltr'><strong>rei</strong></span> <span class='ocrx_word' id='word_1_698' title='bbox 1121 4841 1338 4915; x_wconf 63' lang='lat' dir='ltr'><strong>Egypti</strong></span> <span class='ocrx_word' id='word_1_699' title='bbox 1381 4843 1450 4898; x_wconf 89' lang='lat' dir='ltr'><strong>ab</strong></span> <span class='ocrx_word' id='word_1_700' title='bbox 1498 4843 1821 4914; x_wconf 87' lang='lat' dir='ltr'><strong>Jerusalem,</strong></span> 
     </span>
    </p>
   </div>
   <div class='ocr_carea' id='block_1_105' title="bbox 229 4909 1821 4988">
    <p class='ocr_par' dir='ltr' id='par_1_105' title="bbox 229 4909 1821 4988">
     <span class='ocr_line' id='line_1_108' title="bbox 229 4909 1821 4988; baseline 0.008 -27"><span class='ocrx_word' id='word_1_701' title='bbox 229 4909 455 4988; x_wconf 80' lang='lat' dir='ltr'><strong>sublatis</strong></span> <span class='ocrx_word' id='word_1_702' title='bbox 513 4909 782 4966; x_wconf 80' lang='lat' dir='ltr'><strong>thesauris</strong></span> <span class='ocrx_word' id='word_1_703' title='bbox 819 4911 1013 4988; x_wconf 79' lang='lat' dir='ltr'><strong>domus</strong></span> <span class='ocrx_word' id='word_1_704' title='bbox 1052 4909 1279 4988; x_wconf 80' lang='lat' dir='ltr'><strong>Domini</strong></span> <span class='ocrx_word' id='word_1_705' title='bbox 1317 4923 1368 4971; x_wconf 89' lang='lat' dir='ltr'><strong>et</strong></span> <span class='ocrx_word' id='word_1_706' title='bbox 1421 4915 1612 4971; x_wconf 89' lang='lat' dir='ltr'><strong>domus</strong></span> <span class='ocrx_word' id='word_1_707' title='bbox 1660 4909 1821 4988; x_wconf 78' lang='lat' dir='ltr'><strong>regis,</strong></span> 
     </span>
    </p>
   </div>
   <div class='ocr_carea' id='block_1_106' title="bbox 228 4981 1826 5059">
    <p class='ocr_par' dir='ltr' id='par_1_106' title="bbox 228 4981 1826 5059">
     <span class='ocr_line' id='line_1_109' title="bbox 228 4981 1826 5059; baseline 0.011 -27"><span class='ocrx_word' id='word_1_708' title='bbox 228 4981 514 5059; x_wconf 64' lang='lat' dir='ltr'><strong>omniaque</strong></span> <span class='ocrx_word' id='word_1_709' title='bbox 546 4997 730 5051; x_wconf 84' lang='lat' dir='ltr'><strong>secum</strong></span> <span class='ocrx_word' id='word_1_710' title='bbox 761 4983 900 5054; x_wconf 89' lang='lat' dir='ltr'><strong>tulit,</strong></span> <span class='ocrx_word' id='word_1_711' title='bbox 933 4993 989 5040; x_wconf 86' lang='lat' dir='ltr'><strong>et</strong></span> <span class='ocrx_word' id='word_1_712' title='bbox 1015 4986 1240 5058; x_wconf 77' lang='lat' dir='ltr'><strong>clypeos</strong></span> <span class='ocrx_word' id='word_1_713' title='bbox 1269 5002 1485 5054; x_wconf 88' lang='lat' dir='ltr'><strong>aureos,</strong></span> <span class='ocrx_word' id='word_1_714' title='bbox 1516 5003 1652 5059; x_wconf 89' lang='lat' dir='ltr'><strong>quos</strong></span> <span class='ocrx_word' id='word_1_715' title='bbox 1682 4981 1826 5048; x_wconf 66' lang='grc' dir='ltr'><strong>[οἷςθὲ</strong></span> 
     </span>
    </p>
   </div>
   <div class='ocr_carea' id='block_1_107' title="bbox 228 5051 618 5108">
    <p class='ocr_par' dir='ltr' id='par_1_107' title="bbox 228 5051 618 5108">
     <span class='ocr_line' id='line_1_110' title="bbox 228 5051 618 5108; baseline 0.01 -4"><span class='ocrx_word' id='word_1_716' title='bbox 228 5062 312 5105; x_wconf 90' lang='lat' dir='ltr'><strong>rat</strong></span> <span class='ocrx_word' id='word_1_717' title='bbox 342 5051 618 5108; x_wconf 91' lang='lat' dir='ltr'><strong>Salomon.</strong></span> 
     </span>
    </p>
   </div>
   <div class='ocr_carea' id='block_1_108' title="bbox 263 5121 1817 5204">
    <p class='ocr_par' dir='ltr' id='par_1_108' title="bbox 263 5121 1817 5204">
     <span class='ocr_line' id='line_1_111' title="bbox 263 5121 1817 5204; baseline 0.007 -26"><span class='ocrx_word' id='word_1_718' title='bbox 263 5193 273 5202; x_wconf 38' lang='lat'>.</span> <span class='ocrx_word' id='word_1_719' title='bbox 300 5121 406 5204; x_wconf 59' lang='lat' dir='ltr'><strong>[fro</strong></span> <span class='ocrx_word' id='word_1_720' title='bbox 437 5126 632 5195; x_wconf 83' lang='lat' dir='ltr'><strong>quibus</strong></span> <span class='ocrx_word' id='word_1_721' title='bbox 661 5126 789 5204; x_wconf 80' lang='lat' dir='ltr'><strong>l‘ecit</strong></span> <span class='ocrx_word' id='word_1_722' title='bbox 817 5142 913 5183; x_wconf 79' lang='lat' dir='ltr'><strong>rex</strong></span> <span class='ocrx_word' id='word_1_723' title='bbox 943 5145 1150 5204; x_wconf 71' lang='lat' dir='ltr'><strong>aeneus,</strong></span> <span class='ocrx_word' id='word_1_724' title='bbox 1188 5139 1247 5204; x_wconf 91' lang='lat' dir='ltr'><strong>et_</strong></span> <span class='ocrx_word' id='word_1_725' title='bbox 1273 5131 1492 5204; x_wconf 86' lang='lat' dir='ltr'><strong>tradidit</strong></span> <span class='ocrx_word' id='word_1_726' title='bbox 1521 5132 1644 5187; x_wconf 89' lang='lat' dir='ltr'><strong>illos</strong></span> <span class='ocrx_word' id='word_1_727' title='bbox 1673 5135 1817 5204; x_wconf 88' lang='lat' dir='ltr'><strong>prin-</strong></span> 
     </span>
    </p>
   </div>
   <div class='ocr_carea' id='block_1_109' title="bbox 228 5193 1817 5320">
    <p class='ocr_par' dir='ltr' id='par_1_109' title="bbox 228 5193 1817 5320">
     <span class='ocr_line' id='line_1_112' title="bbox 228 5193 1817 5320; baseline 0.009 -73"><span class='ocrx_word' id='word_1_728' title='bbox 228 5193 872 5320; x_wconf 53' lang='lat' dir='ltr'><strong>giﬁilitts&#39;scutariorum,</strong></span> <span class='ocrx_word' id='word_1_729' title='bbox 922 5201 1012 5271; x_wconf 92' lang='lat' dir='ltr'><strong>qui</strong></span> <span class='ocrx_word' id='word_1_730' title='bbox 1059 5193 1441 5258; x_wconf 86' lang='lat' dir='ltr'><strong>custodiebant</strong></span> <span class='ocrx_word' id='word_1_731' title='bbox 1486 5193 1817 5262; x_wconf 79' lang='lat' dir='ltr'><strong>vestibulum</strong></span> 
     </span>
     <span class='ocr_line' id='line_1_113' title="bbox 319 5283 433 5320; baseline 0.009 -1"><span class='ocrx_word' id='word_1_732' title='bbox 319 5283 346 5319; x_wconf 68' lang='lat'><strong>8</strong></span> <span class='ocrx_word' id='word_1_733' title='bbox 375 5283 433 5320; x_wconf 80' lang='lat' dir='ltr'><strong>ll.</strong></span> 
     </span>
    </p>
   </div>
   <div class='ocr_carea' id='block_1_110' title="bbox 231 5281 433 5335">
    <p class='ocr_par' dir='ltr' id='par_1_110' title="bbox 231 5281 433 5335">
     <span class='ocr_line' id='line_1_114' title="bbox 231 5281 433 5335; baseline 0.005 -14"><span class='ocrx_word' id='word_1_734' title='bbox 231 5281 433 5335; x_wconf 84' lang='lat' dir='ltr'><strong>pataut.</strong></span> 
     </span>
    </p>
   </div>
   <div class='ocr_carea' id='block_1_111' title="bbox 299 5409 1811 5491">
    <p class='ocr_par' dir='ltr' id='par_1_111' title="bbox 299 5409 1811 5491">
     <span class='ocr_line' id='line_1_115' title="bbox 299 5409 1811 5491; baseline 0.007 -28"><span class='ocrx_word' id='word_1_735' title='bbox 299 5417 325 5446; x_wconf 72' lang='grc' dir='ltr'>α</span> <span class='ocrx_word' id='word_1_736' title='bbox 353 5409 561 5491; x_wconf 74' lang='lat' dir='ltr'><strong>_l.audat</strong></span> <span class='ocrx_word' id='word_1_737' title='bbox 589 5411 930 5491; x_wconf 39' lang='lat' dir='ltr'><strong>Mar-tiattzeus</strong></span> <span class='ocrx_word' id='word_1_738' title='bbox 958 5422 1072 5470; x_wconf 88' lang='lat' dir='ltr'><strong>tres</strong></span> <span class='ocrx_word' id='word_1_739' title='bbox 1088 5431 1226 5491; x_wconf 80' lang='lat' dir='ltr'><strong>mss.</strong></span> <span class='ocrx_word' id='word_1_740' title='bbox 1251 5416 1488 5481; x_wconf 82' lang='lat' dir='ltr'><strong>codices,</strong></span> <span class='ocrx_word' id='word_1_741' title='bbox 1515 5419 1565 5474; x_wconf 91' lang='lat' dir='ltr'><strong>itt</strong></span> <span class='ocrx_word' id='word_1_742' title='bbox 1594 5421 1811 5491; x_wconf 80' lang='lat' dir='ltr'><strong>quibus,</strong></span> 
     </span>
    </p>
   </div>
   <div class='ocr_carea' id='block_1_112' title="bbox 226 5481 1808 5564">
    <p class='ocr_par' dir='ltr' id='par_1_112' title="bbox 226 5481 1808 5564">
     <span class='ocr_line' id='line_1_116' title="bbox 226 5481 1808 5564; baseline 0.009 -33"><span class='ocrx_word' id='word_1_743' title='bbox 226 5481 572 5564; x_wconf 63' lang='lat' dir='ltr'><strong>quadraginta</strong></span> <span class='ocrx_word' id='word_1_744' title='bbox 597 5483 784 5564; x_wconf 77' lang='lat' dir='ltr'><strong>millia,</strong></span> <span class='ocrx_word' id='word_1_745' title='bbox 815 5500 912 5554; x_wconf 89' lang='lat' dir='ltr'><strong>pro</strong></span> <span class='ocrx_word' id='word_1_746' title='bbox 957 5487 1335 5564; x_wconf 69' lang='lat' dir='ltr'><strong>quadringenta</strong></span> <span class='ocrx_word' id='word_1_747' title='bbox 1375 5490 1542 5545; x_wconf 82' lang='lat' dir='ltr'><strong>millia</strong></span> <span class='ocrx_word' id='word_1_748' title='bbox 1589 5481 1808 5564; x_wconf 64' lang='lat' dir='ltr'><strong>lcgitttr,</strong></span> 
     </span>
    </p>
   </div>
   <div class='ocr_carea' id='block_1_113' title="bbox 221 5553 1812 5632">
    <p class='ocr_par' dir='ltr' id='par_1_113' title="bbox 221 5553 1812 5632">
     <span class='ocr_line' id='line_1_117' title="bbox 221 5553 1812 5632; baseline 0.009 -29"><span class='ocrx_word' id='word_1_749' title='bbox 221 5558 283 5613; x_wconf 83' lang='lat' dir='ltr'><strong>et</strong></span> <span class='ocrx_word' id='word_1_750' title='bbox 305 5553 652 5632; x_wconf 74' lang='lat' dir='ltr'><strong>subsequenti</strong></span> <span class='ocrx_word' id='word_1_751' title='bbox 697 5553 1330 5632; x_wconf 15' lang='lat' dir='ltr'><strong>versuocloginta,&quot;ipro</strong></span> <span class='ocrx_word' id='word_1_752' title='bbox 1379 5553 1685 5632; x_wconf 63' lang='lat' dir='ltr'><strong>octingenta.</strong></span> <span class='ocrx_word' id='word_1_753' title='bbox 1735 5553 1812 5620; x_wconf 75' lang='lat' dir='ltr'><strong>Itri</strong></span> 
     </span>
    </p>
   </div>
   <div class='ocr_carea' id='block_1_114' title="bbox 227 5629 1812 5700">
    <p class='ocr_par' dir='ltr' id='par_1_114' title="bbox 227 5629 1812 5700">
     <span class='ocr_line' id='line_1_118' title="bbox 227 5629 1812 5700; baseline 0.011 -25"><span class='ocrx_word' id='word_1_754' title='bbox 227 5629 770 5700; x_wconf 29' lang='lat' dir='ltr'><strong>vero‘et_vetustiores</strong></span> <span class='ocrx_word' id='word_1_755' title='bbox 796 5629 1063 5684; x_wconf 79' lang='lat' dir='ltr'><strong>editiones</strong></span> <span class='ocrx_word' id='word_1_756' title='bbox 1086 5629 1397 5700; x_wconf 66' lang='lat' dir='ltr'><strong>prtcl‘eruut,</strong></span> <span class='ocrx_word' id='word_1_757' title='bbox 1422 5645 1479 5689; x_wconf 88' lang='grc' dir='ltr'><strong>ιιι</strong></span> <span class='ocrx_word' id='word_1_758' title='bbox 1499 5629 1580 5688; x_wconf 66' lang='lat' dir='ltr'><strong>est</strong></span> <span class='ocrx_word' id='word_1_759' title='bbox 1611 5635 1812 5692; x_wconf 84' lang='lat' dir='ltr'><strong>Veneta</strong></span> 
     </span>
    </p>
   </div>
   <div class='ocr_carea' id='block_1_115' title="bbox 227 5696 1814 5778">
    <p class='ocr_par' dir='ltr' id='par_1_115' title="bbox 227 5696 1814 5778">
     <span class='ocr_line' id='line_1_119' title="bbox 227 5696 1814 5778; baseline 0.012 -33"><span class='ocrx_word' id='word_1_760' title='bbox 227 5708 315 5747; x_wconf 91' lang='lat' dir='ltr'><strong>an.</strong></span> <span class='ocrx_word' id='word_1_761' title='bbox 544 5701 867 5778; x_wconf 33' lang='lat' dir='ltr'><strong>fatalia-an;</strong></span> <span class='ocrx_word' id='word_1_762' title='bbox 910 5696 1110 5778; x_wconf 32' lang='lat'><strong>1489,:</strong></span> <span class='ocrx_word' id='word_1_763' title='bbox 1126 5713 1236 5778; x_wconf 74' lang='lat' dir='ltr'><strong>tum</strong></span> <span class='ocrx_word' id='word_1_764' title='bbox 1278 5706 1473 5778; x_wconf 8' lang='lat' dir='ltr'><strong>altera,</strong></span> <span class='ocrx_word' id='word_1_765' title='bbox 1501 5706 1814 5764; x_wconf 80' lang='lat' dir='ltr'><strong>Norimber-</strong></span> 
     </span>
    </p>
   </div>
   <div class='ocr_carea' id='block_1_116' title="bbox 227 5767 1814 5854">
    <p class='ocr_par' dir='ltr' id='par_1_116' title="bbox 227 5767 1814 5854">
     <span class='ocr_line' id='line_1_120' title="bbox 227 5767 1814 5854; baseline 0.011 -36"><span class='ocrx_word' id='word_1_766' title='bbox 227 5767 404 5854; x_wconf 62' lang='lat' dir='ltr'><strong>gensis</strong></span> <span class='ocrx_word' id='word_1_767' title='bbox 429 5767 588 5854; x_wconf 39' lang='lat'><strong>1‘52},</strong></span> <span class='ocrx_word' id='word_1_768' title='bbox 614 5770 802 5854; x_wconf 75' lang='lat' dir='ltr'><strong>Basil.,</strong></span> <span class='ocrx_word' id='word_1_769' title='bbox 827 5767 1242 5854; x_wconf 53' lang='lat' dir='ltr'><strong>F_t:olicn._l_:‘a&#39;_38,</strong></span> <span class='ocrx_word' id='word_1_770' title='bbox 1275 5777 1444 5831; x_wconf 87' lang='lat' dir='ltr'><strong>Paris.</strong></span> <span class='ocrx_word' id='word_1_771' title='bbox 1469 5777 1604 5832; x_wconf 80' lang='lat' dir='ltr'><strong>Rob.</strong></span> <span class='ocrx_word' id='word_1_772' title='bbox 1627 5779 1814 5849; x_wconf 87' lang='lat' dir='ltr'><strong>Steph.</strong></span> 
     </span>
    </p>
   </div>
   <div class='ocr_carea' id='block_1_117' title="bbox 229 5838 1821 5925">
    <p class='ocr_par' dir='ltr' id='par_1_117' title="bbox 229 5838 1821 5925">
     <span class='ocr_line' id='line_1_121' title="bbox 229 5838 1821 5925; baseline 0.009 -30"><span class='ocrx_word' id='word_1_773' title='bbox 229 5838 389 5910; x_wconf 74' lang='grc'><strong>1546,</strong></span> <span class='ocrx_word' id='word_1_774' title='bbox 414 5847 466 5897; x_wconf 89' lang='lat' dir='ltr'><strong>et</strong></span> <span class='ocrx_word' id='word_1_775' title='bbox 488 5838 609 5899; x_wconf 78' lang='lat' dir='ltr'><strong>aliae</strong></span> <span class='ocrx_word' id='word_1_776' title='bbox 634 5838 832 5915; x_wconf 84' lang='lat' dir='ltr'><strong>plures.</strong></span> <span class='ocrx_word' id='word_1_777' title='bbox 865 5845 1056 5904; x_wconf 88' lang='lat' dir='ltr'><strong>Verum</strong></span> <span class='ocrx_word' id='word_1_778' title='bbox 1082 5838 1340 5906; x_wconf 61' lang='lat' dir='ltr'><strong>llebrietts</strong></span> <span class='ocrx_word' id='word_1_779' title='bbox 1364 5859 1558 5921; x_wconf 81' lang='lat' dir='ltr'><strong>textus,</strong></span> <span class='ocrx_word' id='word_1_780' title='bbox 1591 5838 1821 5925; x_wconf 76' lang='lat' dir='ltr'><strong>Septua-</strong></span> 
     </span>
    </p>
   </div>
   <div class='ocr_carea' id='block_1_118' title="bbox 2015 3261 3547 3337">
    <p class='ocr_par' dir='ltr' id='par_1_118' title="bbox 2015 3261 3547 3337">
     <span class='ocr_line' id='line_1_122' title="bbox 2015 3261 3547 3337; baseline -0.003 -15"><span class='ocrx_word' id='word_1_781' title='bbox 2015 3265 2446 3337; x_wconf 81' lang='lat' dir='ltr'><strong>Congregatiquc</strong></span> <span class='ocrx_word' id='word_1_782' title='bbox 2460 3276 2583 3321; x_wconf 87' lang='lat' dir='ltr'><strong>sunt</strong></span> <span class='ocrx_word' id='word_1_783' title='bbox 2599 3265 2664 3320; x_wconf 85' lang='lat' dir='ltr'><strong>ad</strong></span> <span class='ocrx_word' id='word_1_784' title='bbox 2687 3281 2807 3337; x_wconf 81' lang='lat' dir='ltr'><strong>eum</strong></span> <span class='ocrx_word' id='word_1_785' title='bbox 2833 3265 2930 3337; x_wconf 79' lang='lat' dir='ltr'><strong>viri</strong></span> <span class='ocrx_word' id='word_1_786' title='bbox 2951 3263 3248 3337; x_wconf 63' lang='lat' dir='ltr'><strong>vanissimi,</strong></span> <span class='ocrx_word' id='word_1_787' title='bbox 3272 3268 3327 3337; x_wconf 82' lang='lat' dir='ltr'><strong>et</strong></span> <span class='ocrx_word' id='word_1_788' title='bbox 3343 3261 3430 3314; x_wconf 90' lang='lat' dir='ltr'><strong>lilii</strong></span> <span class='ocrx_word' id='word_1_789' title='bbox 3449 3261 3547 3337; x_wconf 72' lang='lat' dir='ltr'><strong>De-</strong></span> 
     </span>
    </p>
   </div>
   <div class='ocr_carea' id='block_1_119' title="bbox 1945 3333 3541 3410">
    <p class='ocr_par' dir='ltr' id='par_1_119' title="bbox 1945 3333 3541 3410">
     <span class='ocr_line' id='line_1_123' title="bbox 1945 3333 3541 3410; baseline -0.004 -18"><span class='ocrx_word' id='word_1_790' title='bbox 1945 3339 2112 3394; x_wconf 81' lang='lat' dir='ltr'><strong>li:t|;ct</strong></span> <span class='ocrx_word' id='word_1_791' title='bbox 2141 3333 2538 3410; x_wconf 63' lang='lat' dir='ltr'><strong>praet&#39;alticrttttt</strong></span> <span class='ocrx_word' id='word_1_792' title='bbox 2558 3345 2749 3410; x_wconf 78' lang='lat' dir='ltr'><strong>contra</strong></span> <span class='ocrx_word' id='word_1_793' title='bbox 2768 3335 3006 3390; x_wconf 80' lang='lat' dir='ltr'><strong>Ruboam</strong></span> <span class='ocrx_word' id='word_1_794' title='bbox 3025 3335 3196 3410; x_wconf 84' lang='lat' dir='ltr'><strong>lilium</strong></span> <span class='ocrx_word' id='word_1_795' title='bbox 3216 3333 3541 3410; x_wconf 74' lang='lat' dir='ltr'><strong>Salomonis:</strong></span> 
     </span>
    </p>
   </div>
   <div class='ocr_carea' id='block_1_120' title="bbox 2016 3403 3547 3475">
    <p class='ocr_par' dir='ltr' id='par_1_120' title="bbox 2016 3403 3547 3475">
     <span class='ocr_line' id='line_1_124' title="bbox 2016 3403 3547 3475; baseline -0.003 -9"><span class='ocrx_word' id='word_1_796' title='bbox 2016 3403 2184 3466; x_wconf 72' lang='lat' dir='ltr'><strong>Porro</strong></span> <span class='ocrx_word' id='word_1_797' title='bbox 2215 3413 2450 3466; x_wconf 74' lang='lat' dir='ltr'><strong>Iioboam</strong></span> <span class='ocrx_word' id='word_1_798' title='bbox 2481 3421 2596 3465; x_wconf 84' lang='lat' dir='ltr'><strong>erat</strong></span> <span class='ocrx_word' id='word_1_799' title='bbox 2635 3408 2808 3474; x_wconf 88' lang='lat' dir='ltr'><strong>rudis,</strong></span> <span class='ocrx_word' id='word_1_800' title='bbox 2858 3417 2915 3462; x_wconf 90' lang='lat' dir='ltr'><strong>et</strong></span> <span class='ocrx_word' id='word_1_801' title='bbox 2963 3406 3124 3461; x_wconf 81' lang='lat' dir='ltr'><strong>Corde</strong></span> <span class='ocrx_word' id='word_1_802' title='bbox 3177 3403 3390 3475; x_wconf 83' lang='lat' dir='ltr'><strong>pavido,</strong></span> <span class='ocrx_word' id='word_1_803' title='bbox 3444 3421 3547 3462; x_wconf 83' lang='lat' dir='ltr'><strong>nec</strong></span> 
     </span>
    </p>
   </div>
   <div class='ocr_carea' id='block_1_121' title="bbox 1939 3483 2528 3552">
    <p class='ocr_par' dir='ltr' id='par_1_121' title="bbox 1939 3483 2528 3552">
     <span class='ocr_line' id='line_1_125' title="bbox 1939 3483 2528 3552; baseline -0.003 -16"><span class='ocrx_word' id='word_1_804' title='bbox 1939 3486 2111 3552; x_wconf 87' lang='lat' dir='ltr'><strong>potuit</strong></span> <span class='ocrx_word' id='word_1_805' title='bbox 2146 3483 2399 3538; x_wconf 74' lang='lat' dir='ltr'><strong>resistere</strong></span> <span class='ocrx_word' id='word_1_806' title='bbox 2429 3483 2528 3536; x_wconf 89' lang='lat' dir='ltr'><strong>eis.</strong></span> 
     </span>
    </p>
   </div>
   <div class='ocr_carea' id='block_1_122' title="bbox 2013 3547 3538 3623">
    <p class='ocr_par' dir='ltr' id='par_1_122' title="bbox 2013 3547 3538 3623">
     <span class='ocr_line' id='line_1_126' title="bbox 2013 3547 3538 3623; baseline -0.005 -14"><span class='ocrx_word' id='word_1_807' title='bbox 2013 3554 2163 3610; x_wconf 87' lang='lat' dir='ltr'><strong>Nunc</strong></span> <span class='ocrx_word' id='word_1_808' title='bbox 2185 3571 2314 3623; x_wconf 87' lang='lat' dir='ltr'><strong>ergo</strong></span> <span class='ocrx_word' id='word_1_809' title='bbox 2337 3569 2430 3606; x_wconf 74' lang='lat' dir='ltr'><strong>vos</strong></span> <span class='ocrx_word' id='word_1_810' title='bbox 2457 3552 2653 3616; x_wconf 88' lang='lat' dir='ltr'><strong>dicitis,</strong></span> <span class='ocrx_word' id='word_1_811' title='bbox 2677 3548 2818 3623; x_wconf 88' lang='lat' dir='ltr'><strong>quod</strong></span> <span class='ocrx_word' id='word_1_812' title='bbox 2844 3549 3100 3623; x_wconf 76' lang='lat' dir='ltr'><strong>resistere</strong></span> <span class='ocrx_word' id='word_1_813' title='bbox 3128 3547 3345 3623; x_wconf 69' lang='lat' dir='ltr'><strong>possitis</strong></span> <span class='ocrx_word' id='word_1_814' title='bbox 3372 3562 3538 3623; x_wconf 81' lang='lat' dir='ltr'><strong>regno</strong></span> 
     </span>
    </p>
   </div>
   <div class='ocr_carea' id='block_1_123' title="bbox 1940 3618 3603 3694">
    <p class='ocr_par' dir='ltr' id='par_1_123' title="bbox 1940 3618 3603 3694">
     <span class='ocr_line' id='line_1_127' title="bbox 1940 3618 3603 3694; baseline -0.002 -15"><span class='ocrx_word' id='word_1_815' title='bbox 1940 3625 2176 3691; x_wconf 83' lang='lat' dir='ltr'><strong>Domini,</strong></span> <span class='ocrx_word' id='word_1_816' title='bbox 2210 3618 2350 3693; x_wconf 74' lang='lat' dir='ltr'><strong>quod</strong></span> <span class='ocrx_word' id='word_1_817' title='bbox 2390 3623 2628 3694; x_wconf 88' lang='lat' dir='ltr'><strong>possidet</strong></span> <span class='ocrx_word' id='word_1_818' title='bbox 2658 3618 2754 3692; x_wconf 85' lang='lat' dir='ltr'><strong>per</strong></span> <span class='ocrx_word' id='word_1_819' title='bbox 2790 3622 2931 3676; x_wconf 87' lang='lat' dir='ltr'><strong>ﬁlios</strong></span> <span class='ocrx_word' id='word_1_820' title='bbox 2985 3621 3174 3682; x_wconf 75' lang='lat' dir='ltr'><strong>David,</strong></span> <span class='ocrx_word' id='word_1_821' title='bbox 3207 3618 3543 3694; x_wconf 66' lang='grc' dir='ltr'><strong>ΔΙιειὶιυιὶδιιιιι)</strong></span> <span class='ocrx_word' id='word_1_822' title='bbox 3594 3622 3603 3631; x_wconf 79' lang='grc'>’</span> 
     </span>
    </p>
   </div>
   <div class='ocr_carea' id='block_1_124' title="bbox 1937 3691 3537 3767">
    <p class='ocr_par' dir='ltr' id='par_1_124' title="bbox 1937 3691 3537 3767">
     <span class='ocr_line' id='line_1_128' title="bbox 1937 3691 3537 3767; baseline -0.003 -17"><span class='ocrx_word' id='word_1_823' title='bbox 1937 3701 2198 3766; x_wconf 85' lang='lat' dir='ltr'><strong>grandem</strong></span> <span class='ocrx_word' id='word_1_824' title='bbox 2230 3691 2413 3767; x_wconf 77' lang='lat' dir='ltr'><strong>pepuli</strong></span> <span class='ocrx_word' id='word_1_825' title='bbox 2445 3691 2864 3767; x_wconf 77' lang='lat' dir='ltr'><strong>multitudinem,</strong></span> <span class='ocrx_word' id='word_1_826' title='bbox 2898 3700 3061 3760; x_wconf 87' lang='lat' dir='ltr'><strong>atque</strong></span> <span class='ocrx_word' id='word_1_827' title='bbox 3090 3691 3286 3746; x_wconf 86' lang='lat' dir='ltr'><strong>vitulos</strong></span> <span class='ocrx_word' id='word_1_828' title='bbox 3318 3705 3537 3758; x_wconf 78' lang='lat' dir='ltr'><strong>atticus,</strong></span> 
     </span>
    </p>
   </div>
   <div class='ocr_carea' id='block_1_125' title="bbox 1938 3764 3011 3839">
    <p class='ocr_par' dir='ltr' id='par_1_125' title="bbox 1938 3764 3011 3839">
     <span class='ocr_line' id='line_1_129' title="bbox 1938 3764 3011 3839; baseline -0.002 -19"><span class='ocrx_word' id='word_1_829' title='bbox 1938 3764 2072 3839; x_wconf 65' lang='lat' dir='ltr'><strong>quos</strong></span> <span class='ocrx_word' id='word_1_830' title='bbox 2103 3764 2242 3826; x_wconf 64' lang='lat' dir='ltr'><strong>fecit</strong></span> <span class='ocrx_word' id='word_1_831' title='bbox 2261 3764 2410 3824; x_wconf 84' lang='lat' dir='ltr'><strong>vobis</strong></span> <span class='ocrx_word' id='word_1_832' title='bbox 2441 3768 2729 3839; x_wconf 69' lang='lat' dir='ltr'><strong>Jet&#39;oboam</strong></span> <span class='ocrx_word' id='word_1_833' title='bbox 2762 3765 2816 3818; x_wconf 91' lang='lat' dir='ltr'><strong>in</strong></span> <span class='ocrx_word' id='word_1_834' title='bbox 2853 3764 3011 3839; x_wconf 55' lang='lat' dir='ltr'><strong>Deos.</strong></span> 
     </span>
    </p>
   </div>
   <div class='ocr_carea' id='block_1_126' title="bbox 2012 3833 3543 3912">
    <p class='ocr_par' dir='ltr' id='par_1_126' title="bbox 2012 3833 3543 3912">
     <span class='ocr_line' id='line_1_130' title="bbox 2012 3833 3543 3912; baseline -0.008 -12"><span class='ocrx_word' id='word_1_835' title='bbox 2012 3844 2074 3896; x_wconf 69' lang='lat' dir='ltr'><strong>lit</strong></span> <span class='ocrx_word' id='word_1_836' title='bbox 2103 3843 2337 3912; x_wconf 86' lang='lat' dir='ltr'><strong>ejecistis</strong></span> <span class='ocrx_word' id='word_1_837' title='bbox 2369 3840 2682 3912; x_wconf 85' lang='lat' dir='ltr'><strong>sacetdotcs</strong></span> <span class='ocrx_word' id='word_1_838' title='bbox 2713 3834 2950 3912; x_wconf 81' lang='lat' dir='ltr'><strong>Domini,</strong></span> <span class='ocrx_word' id='word_1_839' title='bbox 2982 3833 3119 3912; x_wconf 82' lang='lat' dir='ltr'><strong>ﬁlios</strong></span> <span class='ocrx_word' id='word_1_840' title='bbox 3149 3833 3350 3896; x_wconf 80' lang='lat' dir='ltr'><strong>Aaron,</strong></span> <span class='ocrx_word' id='word_1_841' title='bbox 3381 3841 3543 3902; x_wconf 86' lang='lat' dir='ltr'><strong>atque</strong></span> 
     </span>
    </p>
   </div>
   <div class='ocr_carea' id='block_1_127' title="bbox 1936 3906 3544 3988">
    <p class='ocr_par' dir='ltr' id='par_1_127' title="bbox 1936 3906 3544 3988">
     <span class='ocr_line' id='line_1_131' title="bbox 1936 3906 3544 3988; baseline -0.005 -21"><span class='ocrx_word' id='word_1_842' title='bbox 1936 3906 2192 3969; x_wconf 79' lang='lat' dir='ltr'><strong>Levitas:</strong></span> <span class='ocrx_word' id='word_1_843' title='bbox 2222 3925 2273 3967; x_wconf 90' lang='lat' dir='ltr'><strong>et</strong></span> <span class='ocrx_word' id='word_1_844' title='bbox 2306 3912 2506 3967; x_wconf 79' lang='lat' dir='ltr'><strong>fecistis</strong></span> <span class='ocrx_word' id='word_1_845' title='bbox 2537 3910 2690 3965; x_wconf 90' lang='lat' dir='ltr'><strong>vobis</strong></span> <span class='ocrx_word' id='word_1_846' title='bbox 2712 3908 3026 3988; x_wconf 64' lang='lat' dir='ltr'><strong>sacerdotes</strong></span> <span class='ocrx_word' id='word_1_847' title='bbox 3054 3906 3416 3987; x_wconf 72' lang='lat' dir='ltr'><strong>sicutoatncs</strong></span> <span class='ocrx_word' id='word_1_848' title='bbox 3449 3921 3544 3975; x_wconf 88' lang='lat' dir='ltr'><strong>po-</strong></span> 
     </span>
    </p>
   </div>
   <div class='ocr_carea' id='block_1_128' title="bbox 1937 3979 3542 4054">
    <p class='ocr_par' dir='ltr' id='par_1_128' title="bbox 1937 3979 3542 4054">
     <span class='ocr_line' id='line_1_132' title="bbox 1937 3979 3542 4054; baseline -0.004 -17"><span class='ocrx_word' id='word_1_849' title='bbox 1937 3987 2044 4054; x_wconf 90' lang='lat' dir='ltr'><strong>puli</strong></span> <span class='ocrx_word' id='word_1_850' title='bbox 2079 3995 2338 4041; x_wconf 87' lang='lat' dir='ltr'><strong>terrarnm</strong></span> <span class='ocrx_word' id='word_1_851' title='bbox 2366 4003 2378 4038; x_wconf 89' lang='lat'><strong>:</strong></span> <span class='ocrx_word' id='word_1_852' title='bbox 2411 3985 2738 4053; x_wconf 89' lang='lat' dir='ltr'><strong>quicumque</strong></span> <span class='ocrx_word' id='word_1_853' title='bbox 2769 3979 2998 4054; x_wconf 76' lang='lat' dir='ltr'><strong>venerit,</strong></span> <span class='ocrx_word' id='word_1_854' title='bbox 3021 3979 3395 4054; x_wconf 73' lang='lat' dir='ltr'><strong>etinitiaverit</strong></span> <span class='ocrx_word' id='word_1_855' title='bbox 3426 3994 3542 4031; x_wconf 79' lang='lat' dir='ltr'><strong>ma-</strong></span> 
     </span>
    </p>
   </div>
   <div class='ocr_carea' id='block_1_129' title="bbox 1936 4049 3534 4122">
    <p class='ocr_par' dir='ltr' id='par_1_129' title="bbox 1936 4049 3534 4122">
     <span class='ocr_line' id='line_1_133' title="bbox 1936 4049 3534 4122; baseline -0.006 -11"><span class='ocrx_word' id='word_1_856' title='bbox 1936 4049 2062 4111; x_wconf 87' lang='lat' dir='ltr'><strong>lllltll</strong></span> <span class='ocrx_word' id='word_1_857' title='bbox 2093 4073 2242 4113; x_wconf 91' lang='lat' dir='ltr'><strong>suam</strong></span> <span class='ocrx_word' id='word_1_858' title='bbox 2273 4059 2324 4111; x_wconf 90' lang='lat' dir='ltr'><strong>itt</strong></span> <span class='ocrx_word' id='word_1_859' title='bbox 2357 4049 2529 4122; x_wconf 83' lang='lat' dir='ltr'><strong>tauro,</strong></span> <span class='ocrx_word' id='word_1_860' title='bbox 2563 4056 2613 4107; x_wconf 89' lang='lat' dir='ltr'><strong>itt</strong></span> <span class='ocrx_word' id='word_1_861' title='bbox 2645 4049 2835 4117; x_wconf 74' lang='lat' dir='ltr'><strong>bobus,</strong></span> <span class='ocrx_word' id='word_1_862' title='bbox 2863 4060 2918 4106; x_wconf 88' lang='lat' dir='ltr'><strong>et</strong></span> <span class='ocrx_word' id='word_1_863' title='bbox 2940 4049 2994 4122; x_wconf 81' lang='lat' dir='ltr'><strong>in</strong></span> <span class='ocrx_word' id='word_1_864' title='bbox 3015 4049 3280 4104; x_wconf 88' lang='lat' dir='ltr'><strong>arietibus</strong></span> <span class='ocrx_word' id='word_1_865' title='bbox 3306 4057 3534 4117; x_wconf 85' lang='lat' dir='ltr'><strong>septem,</strong></span> 
     </span>
    </p>
   </div>
   <div class='ocr_carea' id='block_1_130' title="bbox 1934 4120 3461 4200">
    <p class='ocr_par' dir='ltr' id='par_1_130' title="bbox 1934 4120 3461 4200">
     <span class='ocr_line' id='line_1_134' title="bbox 1934 4120 3461 4200; baseline -0.01 -16"><span class='ocrx_word' id='word_1_866' title='bbox 1934 4128 1994 4184; x_wconf 85' lang='lat' dir='ltr'><strong>ﬁt</strong></span> <span class='ocrx_word' id='word_1_867' title='bbox 2023 4133 2277 4186; x_wconf 77' lang='lat' dir='ltr'><strong>sacerdos</strong></span> <span class='ocrx_word' id='word_1_868' title='bbox 2306 4145 2491 4182; x_wconf 88' lang='lat' dir='ltr'><strong>eorum</strong></span> <span class='ocrx_word' id='word_1_869' title='bbox 2519 4120 2609 4194; x_wconf 86' lang='lat' dir='ltr'><strong>qui</strong></span> <span class='ocrx_word' id='word_1_870' title='bbox 2637 4140 2761 4200; x_wconf 88' lang='lat' dir='ltr'><strong>non_</strong></span> <span class='ocrx_word' id='word_1_871' title='bbox 2775 4131 2901 4177; x_wconf 87' lang='lat' dir='ltr'><strong>sunt</strong></span> <span class='ocrx_word' id='word_1_872' title='bbox 2926 4120 3020 4175; x_wconf 87' lang='lat' dir='ltr'><strong>dii.</strong></span> <span class='ocrx_word' id='word_1_873' title='bbox 3431 4190 3461 4200; x_wconf 45' lang='grc' dir='ltr'><em>υ</em></span> 
     </span>
    </p>
   </div>
   <div class='ocr_carea' id='block_1_131' title="bbox 2005 4191 3533 4262">
    <p class='ocr_par' dir='ltr' id='par_1_131' title="bbox 2005 4191 3533 4262">
     <span class='ocr_line' id='line_1_135' title="bbox 2005 4191 3533 4262; baseline -0.007 -6"><span class='ocrx_word' id='word_1_874' title='bbox 2005 4202 2199 4259; x_wconf 68' lang='lat' dir='ltr'><strong>Noster</strong></span> <span class='ocrx_word' id='word_1_875' title='bbox 2228 4213 2408 4256; x_wconf 87' lang='lat' dir='ltr'><strong>autem</strong></span> <span class='ocrx_word' id='word_1_876' title='bbox 2442 4191 2701 4255; x_wconf 86' lang='lat' dir='ltr'><strong>Dominus</strong></span> <span class='ocrx_word' id='word_1_877' title='bbox 2731 4196 2872 4250; x_wconf 90' lang='lat' dir='ltr'><strong>Deus</strong></span> <span class='ocrx_word' id='word_1_878' title='bbox 2924 4201 3010 4248; x_wconf 85' lang='lat' dir='ltr'><strong>est</strong></span> <span class='ocrx_word' id='word_1_879' title='bbox 3036 4207 3196 4262; x_wconf 91' lang='lat' dir='ltr'><strong>quem</strong></span> <span class='ocrx_word' id='word_1_880' title='bbox 3229 4206 3336 4245; x_wconf 92' lang='lat' dir='ltr'><strong>non</strong></span> <span class='ocrx_word' id='word_1_881' title='bbox 3367 4191 3533 4246; x_wconf 85' lang='lat' dir='ltr'><strong>relin-</strong></span> 
     </span>
    </p>
   </div>
   <div class='ocr_carea' id='block_1_132' title="bbox 1932 4290 3536 4414">
    <p class='ocr_par' dir='ltr' id='par_1_132' title="bbox 1932 4290 3536 4414">
     <span class='ocr_line' id='line_1_136' title="bbox 1932 4290 3536 4414; baseline -0.007 -13"><span class='ocrx_word' id='word_1_882' title='bbox 1932 4290 2432 4414; x_wconf 45' lang='lat' dir='ltr'><strong>qtlgiigjrdotesque</strong></span> <span class='ocrx_word' id='word_1_883' title='bbox 2463 4341 2772 4414; x_wconf 77' lang='lat' dir='ltr'><strong>ministrant</strong></span> <span class='ocrx_word' id='word_1_884' title='bbox 2800 4334 3023 4392; x_wconf 86' lang='lat' dir='ltr'><strong>Domitio</strong></span> <span class='ocrx_word' id='word_1_885' title='bbox 3060 4332 3129 4388; x_wconf 85' lang='lat' dir='ltr'><strong>de</strong></span> <span class='ocrx_word' id='word_1_886' title='bbox 3159 4331 3289 4389; x_wconf 87' lang='lat' dir='ltr'><strong>ﬁliis</strong></span> <span class='ocrx_word' id='word_1_887' title='bbox 3329 4331 3536 4402; x_wconf 83' lang='lat' dir='ltr'><strong>Aaron,</strong></span> 
     </span>
    </p>
   </div>
   <div class='ocr_carea' id='block_1_133' title="bbox 1934 4412 2851 4474">
    <p class='ocr_par' dir='ltr' id='par_1_133' title="bbox 1934 4412 2851 4474">
     <span class='ocr_line' id='line_1_137' title="bbox 1934 4412 2851 4474; baseline -0.012 -1"><span class='ocrx_word' id='word_1_888' title='bbox 1934 4428 1986 4474; x_wconf 91' lang='lat' dir='ltr'><strong>et</strong></span> <span class='ocrx_word' id='word_1_889' title='bbox 2017 4418 2218 4473; x_wconf 68' lang='lat' dir='ltr'><strong>Levita:</strong></span> <span class='ocrx_word' id='word_1_890' title='bbox 2246 4412 2368 4472; x_wconf 81' lang='lat' dir='ltr'><strong>sunt</strong></span> <span class='ocrx_word' id='word_1_891' title='bbox 2403 4415 2454 4468; x_wconf 91' lang='lat' dir='ltr'><strong>iu</strong></span> <span class='ocrx_word' id='word_1_892' title='bbox 2489 4412 2681 4467; x_wconf 87' lang='lat' dir='ltr'><strong>ordine</strong></span> <span class='ocrx_word' id='word_1_893' title='bbox 2711 4425 2810 4462; x_wconf 89' lang='lat' dir='ltr'><strong>suo</strong></span> <span class='ocrx_word' id='word_1_894' title='bbox 2837 4425 2851 4462; x_wconf 90' lang='lat'><strong>:</strong></span> 
     </span>
    </p>
   </div>
   <div class='ocr_carea' id='block_1_134' title="bbox 2007 4475 3534 4553">
    <p class='ocr_par' dir='ltr' id='par_1_134' title="bbox 2007 4475 3534 4553">
     <span class='ocr_line' id='line_1_138' title="bbox 2007 4475 3534 4553; baseline -0.005 -11"><span class='ocrx_word' id='word_1_895' title='bbox 2007 4489 2322 4544; x_wconf 76' lang='lat' dir='ltr'><strong>llolocansta</strong></span> <span class='ocrx_word' id='word_1_896' title='bbox 2352 4501 2456 4553; x_wconf 89' lang='lat' dir='ltr'><strong>quo</strong></span> <span class='ocrx_word' id='word_1_897' title='bbox 2478 4499 2565 4550; x_wconf 79' lang='lat' dir='ltr'><strong>|lle</strong></span> <span class='ocrx_word' id='word_1_898' title='bbox 2595 4481 2826 4553; x_wconf 66' lang='lat' dir='ltr'><strong>olletjunt</strong></span> <span class='ocrx_word' id='word_1_899' title='bbox 2848 4475 3101 4553; x_wconf 75' lang='lat' dir='ltr'><strong>Domino</strong></span> <span class='ocrx_word' id='word_1_900' title='bbox 3147 4491 3246 4553; x_wconf 82' lang='lat' dir='ltr'><strong>per</strong></span> <span class='ocrx_word' id='word_1_901' title='bbox 3268 4475 3534 4553; x_wconf 64' lang='lat' dir='ltr'><strong>singulos</strong></span> 
     </span>
    </p>
   </div>
   <div class='ocr_carea' id='block_1_135' title="bbox 1935 4547 3535 4626">
    <p class='ocr_par' dir='ltr' id='par_1_135' title="bbox 1935 4547 3535 4626">
     <span class='ocr_line' id='line_1_139' title="bbox 1935 4547 3535 4626; baseline -0.005 -14"><span class='ocrx_word' id='word_1_902' title='bbox 1935 4559 2050 4614; x_wconf 87' lang='lat' dir='ltr'><strong>dies</strong></span> <span class='ocrx_word' id='word_1_903' title='bbox 2079 4575 2235 4614; x_wconf 89' lang='lat' dir='ltr'><strong>mane</strong></span> <span class='ocrx_word' id='word_1_904' title='bbox 2257 4569 2312 4614; x_wconf 88' lang='lat' dir='ltr'><strong>et</strong></span> <span class='ocrx_word' id='word_1_905' title='bbox 2338 4547 2588 4626; x_wconf 59' lang='lat' dir='ltr'><strong>vespere,</strong></span> <span class='ocrx_word' id='word_1_906' title='bbox 2617 4561 2674 4608; x_wconf 90' lang='lat' dir='ltr'><strong>et</strong></span> <span class='ocrx_word' id='word_1_907' title='bbox 2696 4549 2983 4622; x_wconf 81' lang='lat' dir='ltr'><strong>thymiama</strong></span> <span class='ocrx_word' id='word_1_908' title='bbox 3003 4548 3152 4626; x_wconf 65' lang='lat' dir='ltr'><strong>juxta</strong></span> <span class='ocrx_word' id='word_1_909' title='bbox 3180 4547 3312 4618; x_wconf 84' lang='lat' dir='ltr'><strong>legis</strong></span> <span class='ocrx_word' id='word_1_910' title='bbox 3334 4564 3535 4617; x_wconf 63' lang='lat' dir='ltr'><strong>prince—</strong></span> 
     </span>
    </p>
   </div>
   <div class='ocr_carea' id='block_1_136' title="bbox 1939 4621 3532 4700">
    <p class='ocr_par' dir='ltr' id='par_1_136' title="bbox 1939 4621 3532 4700">
     <span class='ocr_line' id='line_1_140' title="bbox 1939 4621 3532 4700; baseline -0.007 -13"><span class='ocrx_word' id='word_1_911' title='bbox 1939 4643 2026 4700; x_wconf 88' lang='lat' dir='ltr'><strong>pla</strong></span> <span class='ocrx_word' id='word_1_912' title='bbox 2059 4631 2383 4693; x_wconf 84' lang='lat' dir='ltr'><strong>conlectum,</strong></span> <span class='ocrx_word' id='word_1_913' title='bbox 2416 4621 2470 4684; x_wconf 79' lang='lat' dir='ltr'><strong>et</strong></span> <span class='ocrx_word' id='word_1_914' title='bbox 2497 4621 2869 4697; x_wconf 84' lang='lat' dir='ltr'><strong>proponuntur</strong></span> <span class='ocrx_word' id='word_1_915' title='bbox 2890 4636 3056 4692; x_wconf 84' lang='lat' dir='ltr'><strong>panes</strong></span> <span class='ocrx_word' id='word_1_916' title='bbox 3085 4621 3136 4675; x_wconf 87' lang='lat' dir='ltr'><strong>iti</strong></span> <span class='ocrx_word' id='word_1_917' title='bbox 3161 4636 3346 4676; x_wconf 89' lang='lat' dir='ltr'><strong>mensa</strong></span> <span class='ocrx_word' id='word_1_918' title='bbox 3373 4637 3532 4676; x_wconf 87' lang='lat' dir='ltr'><strong>mun-</strong></span> 
     </span>
    </p>
   </div>
   <div class='ocr_carea' id='block_1_137' title="bbox 1936 4703 3249 4759">
    <p class='ocr_par' dir='ltr' id='par_1_137' title="bbox 1936 4703 3249 4759">
     <span class='ocr_line' id='line_1_141' title="bbox 1936 4703 3249 4759; baseline -0.004 -2"><span class='ocrx_word' id='word_1_919' title='bbox 1936 4703 2156 4759; x_wconf 89' lang='lat' dir='ltr'><strong>dissima</strong></span> <span class='ocrx_word' id='word_1_920' title='bbox 2180 4719 2195 4759; x_wconf 88' lang='lat'><strong>:</strong></span> <span class='ocrx_word' id='word_1_921' title='bbox 3236 4743 3249 4752; x_wconf 92' lang='lat'><strong>.</strong></span> 
     </span>
    </p>
   </div>
   <div class='ocr_carea' id='block_1_138' title="bbox 2009 4745 3533 4845">
    <p class='ocr_par' dir='ltr' id='par_1_138' title="bbox 2009 4745 3533 4845">
     <span class='ocr_line' id='line_1_142' title="bbox 2009 4745 3533 4845; baseline -0.008 -16"><span class='ocrx_word' id='word_1_922' title='bbox 2009 4745 2208 4845; x_wconf 52' lang='lat' dir='ltr'><strong>Egilio;</strong></span> <span class='ocrx_word' id='word_1_923' title='bbox 2238 4771 2383 4845; x_wconf 87' lang='lat' dir='ltr'><strong>apud</strong></span> <span class='ocrx_word' id='word_1_924' title='bbox 2408 4787 2504 4826; x_wconf 88' lang='lat' dir='ltr'><strong>nos</strong></span> <span class='ocrx_word' id='word_1_925' title='bbox 2531 4767 2920 4845; x_wconf 86' lang='lat' dir='ltr'><strong>candelabrum</strong></span> <span class='ocrx_word' id='word_1_926' title='bbox 2947 4780 3190 4832; x_wconf 89' lang='lat' dir='ltr'><strong>aureum,</strong></span> <span class='ocrx_word' id='word_1_927' title='bbox 3220 4772 3275 4820; x_wconf 93' lang='lat' dir='ltr'><strong>et</strong></span> <span class='ocrx_word' id='word_1_928' title='bbox 3301 4764 3533 4820; x_wconf 72' lang='lat' dir='ltr'><strong>lucerna:</strong></span> 
     </span>
    </p>
   </div>
   <div class='ocr_carea' id='block_1_139' title="bbox 1932 4841 3385 4919">
    <p class='ocr_par' dir='ltr' id='par_1_139' title="bbox 1932 4841 3385 4919">
     <span class='ocr_line' id='line_1_143' title="bbox 1932 4841 3385 4919; baseline -0.01 -18"><span class='ocrx_word' id='word_1_929' title='bbox 1932 4845 2073 4919; x_wconf 83' lang='lat' dir='ltr'><strong>ejus,</strong></span> <span class='ocrx_word' id='word_1_930' title='bbox 2109 4841 2166 4901; x_wconf 78' lang='lat' dir='ltr'><strong>tit</strong></span> <span class='ocrx_word' id='word_1_931' title='bbox 2191 4841 2564 4919; x_wconf 69' lang='lat' dir='ltr'><strong>accendantur</strong></span> <span class='ocrx_word' id='word_1_932' title='bbox 2581 4854 2800 4911; x_wconf 87' lang='lat' dir='ltr'><strong>semper</strong></span> <span class='ocrx_word' id='word_1_933' title='bbox 2825 4841 2892 4896; x_wconf 85' lang='lat' dir='ltr'><strong>ad</strong></span> <span class='ocrx_word' id='word_1_934' title='bbox 2920 4851 3242 4919; x_wconf 43' lang='lat' dir='ltr'><strong>vestierams</strong></span> <span class='ocrx_word' id='word_1_935' title='bbox 3293 4907 3329 4919; x_wconf 41' lang='lat' dir='ltr'><strong>ﬁ</strong></span> <span class='ocrx_word' id='word_1_936' title='bbox 3372 4906 3385 4918; x_wconf 45' lang='lat'><strong><em>.</em></strong></span> 
     </span>
    </p>
   </div>
   <div class='ocr_carea' id='block_1_140' title="bbox 2003 4907 3531 4989">
    <p class='ocr_par' dir='ltr' id='par_1_140' title="bbox 2003 4907 3531 4989">
     <span class='ocr_line' id='line_1_144' title="bbox 2003 4907 3531 4989; baseline -0.007 -17"><span class='ocrx_word' id='word_1_937' title='bbox 2003 4907 2112 4973; x_wconf 86' lang='lat' dir='ltr'><strong>Nos</strong></span> <span class='ocrx_word' id='word_1_938' title='bbox 2137 4921 2336 4989; x_wconf 84' lang='lat' dir='ltr'><strong>quippe</strong></span> <span class='ocrx_word' id='word_1_939' title='bbox 2360 4907 2990 4989; x_wconf 42' lang='lat' dir='ltr'><strong>custodimus—praecepta</strong></span> <span class='ocrx_word' id='word_1_940' title='bbox 3028 4907 3241 4963; x_wconf 87' lang='lat' dir='ltr'><strong>Domini</strong></span> <span class='ocrx_word' id='word_1_941' title='bbox 3292 4907 3387 4963; x_wconf 90' lang='lat' dir='ltr'><strong>Dei</strong></span> <span class='ocrx_word' id='word_1_942' title='bbox 3433 4921 3531 4962; x_wconf 83' lang='grc' dir='ltr'><strong>ηο-</strong></span> 
     </span>
    </p>
   </div>
   <div class='ocr_carea' id='block_1_141' title="bbox 1931 4986 2714 5062">
    <p class='ocr_par' dir='ltr' id='par_1_141' title="bbox 1931 4986 2714 5062">
     <span class='ocr_line' id='line_1_145' title="bbox 1931 4986 2714 5062; baseline -0.013 -16"><span class='ocrx_word' id='word_1_943' title='bbox 1931 4991 2052 5056; x_wconf 88' lang='lat' dir='ltr'><strong>stri,</strong></span> <span class='ocrx_word' id='word_1_944' title='bbox 2079 4986 2246 5062; x_wconf 77' lang='lat' dir='ltr'><strong>queui</strong></span> <span class='ocrx_word' id='word_1_945' title='bbox 2270 4986 2368 5044; x_wconf 81' lang='lat' dir='ltr'><strong>vos</strong></span> <span class='ocrx_word' id='word_1_946' title='bbox 2396 4986 2714 5062; x_wconf 83' lang='lat' dir='ltr'><strong>reliquistis.</strong></span> 
     </span>
    </p>
   </div>
   <div class='ocr_carea' id='block_1_142' title="bbox 2003 5047 3532 5132">
    <p class='ocr_par' dir='ltr' id='par_1_142' title="bbox 2003 5047 3532 5132">
     <span class='ocr_line' id='line_1_146' title="bbox 2003 5047 3532 5132; baseline -0.009 -16"><span class='ocrx_word' id='word_1_947' title='bbox 2003 5047 2145 5132; x_wconf 55' lang='lat' dir='ltr'><strong>E&#39;rg&#39;o</strong></span> <span class='ocrx_word' id='word_1_948' title='bbox 2182 5064 2232 5117; x_wconf 88' lang='lat' dir='ltr'><strong>in</strong></span> <span class='ocrx_word' id='word_1_949' title='bbox 2270 5047 2729 5132; x_wconf 59' lang='lat' dir='ltr'><strong>exercitu&#39;nostro</strong></span> <span class='ocrx_word' id='word_1_950' title='bbox 2757 5054 2864 5110; x_wconf 74' lang='lat' dir='ltr'><strong>dux</strong></span> <span class='ocrx_word' id='word_1_951' title='bbox 2895 5054 3036 5108; x_wconf 87' lang='lat' dir='ltr'><strong>Deus</strong></span> <span class='ocrx_word' id='word_1_952' title='bbox 3059 5058 3166 5132; x_wconf 87' lang='lat' dir='ltr'><strong>est,</strong></span> <span class='ocrx_word' id='word_1_953' title='bbox 3198 5055 3255 5105; x_wconf 88' lang='lat' dir='ltr'><strong>et</strong></span> <span class='ocrx_word' id='word_1_954' title='bbox 3278 5047 3532 5132; x_wconf 81' lang='lat' dir='ltr'><strong>sacerdo-</strong></span> 
     </span>
    </p>
   </div>
   <div class='ocr_carea' id='block_1_143' title="bbox 1931 5127 3528 5202">
    <p class='ocr_par' dir='ltr' id='par_1_143' title="bbox 1931 5127 3528 5202">
     <span class='ocr_line' id='line_1_147' title="bbox 1931 5127 3528 5202; baseline -0.009 -11"><span class='ocrx_word' id='word_1_955' title='bbox 1931 5143 2010 5191; x_wconf 90' lang='lat' dir='ltr'><strong>tes</strong></span> <span class='ocrx_word' id='word_1_956' title='bbox 2037 5127 2178 5201; x_wconf 63' lang='lat' dir='ltr'><strong>ej&#39;us,</strong></span> <span class='ocrx_word' id='word_1_957' title='bbox 2208 5134 2296 5202; x_wconf 91' lang='lat' dir='ltr'><strong>qtti</strong></span> <span class='ocrx_word' id='word_1_958' title='bbox 2325 5132 2580 5202; x_wconf 88' lang='lat' dir='ltr'><strong>clangunt</strong></span> <span class='ocrx_word' id='word_1_959' title='bbox 2612 5127 2774 5193; x_wconf 87' lang='lat' dir='ltr'><strong>tubis,</strong></span> <span class='ocrx_word' id='word_1_960' title='bbox 2806 5135 2862 5182; x_wconf 88' lang='lat' dir='ltr'><strong>et</strong></span> <span class='ocrx_word' id='word_1_961' title='bbox 2894 5131 3152 5202; x_wconf 62' lang='lat' dir='ltr'><strong>resonant</strong></span> <span class='ocrx_word' id='word_1_962' title='bbox 3177 5129 3528 5202; x_wconf 44' lang='lat' dir='ltr'><strong>contranvos:</strong></span> 
     </span>
    </p>
   </div>
   <div class='ocr_carea' id='block_1_144' title="bbox 1999 5193 3526 5270">
    <p class='ocr_par' dir='ltr' id='par_1_144' title="bbox 1999 5193 3526 5270">
     <span class='ocr_line' id='line_1_148' title="bbox 1999 5193 3526 5270; baseline -0.01 -9"><span class='ocrx_word' id='word_1_963' title='bbox 1999 5193 2120 5261; x_wconf 87' lang='lat' dir='ltr'><strong>Filii</strong></span> <span class='ocrx_word' id='word_1_964' title='bbox 2148 5193 2330 5269; x_wconf 74' lang='lat' dir='ltr'><strong>Israel,</strong></span> <span class='ocrx_word' id='word_1_965' title='bbox 2365 5193 2532 5257; x_wconf 77' lang='lat' dir='ltr'><strong>nolite</strong></span> <span class='ocrx_word' id='word_1_966' title='bbox 2565 5214 2807 5270; x_wconf 88' lang='lat' dir='ltr'><strong>pugnare</strong></span> <span class='ocrx_word' id='word_1_967' title='bbox 2828 5203 3015 5270; x_wconf 81' lang='lat' dir='ltr'><strong>contra</strong></span> <span class='ocrx_word' id='word_1_968' title='bbox 3045 5195 3331 5270; x_wconf 81' lang='lat' dir='ltr'><strong>Dominum</strong></span> <span class='ocrx_word' id='word_1_969' title='bbox 3358 5193 3526 5248; x_wconf 88' lang='lat' dir='ltr'><strong>Deum</strong></span> 
     </span>
    </p>
   </div>
   <div class='ocr_carea' id='block_1_145' title="bbox 1927 5265 3247 5352">
    <p class='ocr_par' dir='ltr' id='par_1_145' title="bbox 1927 5265 3247 5352">
     <span class='ocr_line' id='line_1_149' title="bbox 1927 5265 3247 5352; baseline -0.011 -18"><span class='ocrx_word' id='word_1_970' title='bbox 1927 5289 2139 5352; x_wconf 88' lang='lat' dir='ltr'><strong>patrum</strong></span> <span class='ocrx_word' id='word_1_971' title='bbox 2170 5265 2501 5340; x_wconf 82' lang='lat' dir='ltr'><strong>vestrorum,</strong></span> <span class='ocrx_word' id='word_1_972' title='bbox 2534 5265 2662 5344; x_wconf 72' lang='lat' dir='ltr'><strong>quia</strong></span> <span class='ocrx_word' id='word_1_973' title='bbox 2689 5287 2799 5326; x_wconf 90' lang='lat' dir='ltr'><strong>non</strong></span> <span class='ocrx_word' id='word_1_974' title='bbox 2828 5269 2981 5325; x_wconf 89' lang='lat' dir='ltr'><strong>vobis</strong></span> <span class='ocrx_word' id='word_1_975' title='bbox 3009 5265 3247 5338; x_wconf 81' lang='lat' dir='ltr'><strong>expedit.</strong></span> 
     </span>
    </p>
   </div>
   <div class='ocr_carea' id='block_1_146' title="bbox 1919 5407 3526 5492">
    <p class='ocr_par' dir='ltr' id='par_1_146' title="bbox 1919 5407 3526 5492">
     <span class='ocr_line' id='line_1_150' title="bbox 1919 5407 3526 5492; baseline -0.01 -15"><span class='ocrx_word' id='word_1_976' title='bbox 1919 5424 2086 5492; x_wconf 86' lang='lat' dir='ltr'><strong>ginta,</strong></span> <span class='ocrx_word' id='word_1_977' title='bbox 2111 5419 2401 5490; x_wconf 85' lang='lat' dir='ltr'><strong>Josepltus,</strong></span> <span class='ocrx_word' id='word_1_978' title='bbox 2430 5427 2590 5488; x_wconf 87' lang='lat' dir='ltr'><strong>atque</strong></span> <span class='ocrx_word' id='word_1_979' title='bbox 2611 5413 3011 5492; x_wconf 76' lang='lat' dir='ltr'><strong>emendatiores</strong></span> <span class='ocrx_word' id='word_1_980' title='bbox 3039 5407 3385 5492; x_wconf 39' lang='lat' dir='ltr'><strong>alifeLat‘iuge</strong></span> <span class='ocrx_word' id='word_1_981' title='bbox 3411 5407 3526 5492; x_wconf 58' lang='lat' dir='ltr'><strong>edi-</strong></span> 
     </span>
    </p>
   </div>
   <div class='ocr_carea' id='block_1_147' title="bbox 1925 5481 3519 5560">
    <p class='ocr_par' dir='ltr' id='par_1_147' title="bbox 1925 5481 3519 5560">
     <span class='ocr_line' id='line_1_151' title="bbox 1925 5481 3519 5560; baseline -0.009 -12"><span class='ocrx_word' id='word_1_982' title='bbox 1925 5481 2098 5548; x_wconf 50' lang='lat' dir='ltr'><strong>tuitutes</strong></span> <span class='ocrx_word' id='word_1_983' title='bbox 2148 5481 2259 5560; x_wconf 84' lang='lat' dir='ltr'><strong>pari</strong></span> <span class='ocrx_word' id='word_1_984' title='bbox 2311 5481 2579 5546; x_wconf 20' lang='lat' dir='ltr'><strong>ent-isen&#39;su</strong></span> <span class='ocrx_word' id='word_1_985' title='bbox 2625 5487 3002 5560; x_wconf 74' lang='lat' dir='ltr'><strong>quadringenta</strong></span> <span class='ocrx_word' id='word_1_986' title='bbox 3049 5481 3214 5560; x_wconf 32' lang='lat' dir='ltr'><strong>milﬁlia</strong></span> <span class='ocrx_word' id='word_1_987' title='bbox 3255 5481 3425 5560; x_wconf 51' lang='lat' dir='ltr'><strong>Abte,</strong></span> <span class='ocrx_word' id='word_1_988' title='bbox 3451 5487 3519 5560; x_wconf 59' lang='lat' dir='ltr'><strong>et</strong></span> 
     </span>
    </p>
   </div>
   <div class='ocr_carea' id='block_1_148' title="bbox 1923 5549 3526 5637">
    <p class='ocr_par' dir='ltr' id='par_1_148' title="bbox 1923 5549 3526 5637">
     <span class='ocr_line' id='line_1_152' title="bbox 1923 5549 3526 5637; baseline -0.01 -18"><span class='ocrx_word' id='word_1_989' title='bbox 1923 5549 2216 5637; x_wconf 55' lang='lat' dir='ltr'><strong>octingenta</strong></span> <span class='ocrx_word' id='word_1_990' title='bbox 2259 5562 2426 5637; x_wconf 83' lang='lat' dir='ltr'><strong>millia</strong></span> <span class='ocrx_word' id='word_1_991' title='bbox 2467 5549 3357 5637; x_wconf 43' lang='lat' dir='ltr'><strong>Jeroboatuonribttunt.Quotlet</strong></span> <span class='ocrx_word' id='word_1_992' title='bbox 3391 5549 3526 5632; x_wconf 80' lang='lat' dir='ltr'><strong>infe-</strong></span> 
     </span>
    </p>
   </div>
   <div class='ocr_carea' id='block_1_149' title="bbox 1924 5623 3527 5708">
    <p class='ocr_par' dir='ltr' id='par_1_149' title="bbox 1924 5623 3527 5708">
     <span class='ocr_line' id='line_1_153' title="bbox 1924 5623 3527 5708; baseline -0.011 -18"><span class='ocrx_word' id='word_1_993' title='bbox 1924 5623 2360 5690; x_wconf 38' lang='lat' dir='ltr'><strong>riorigcontexttti</strong></span> <span class='ocrx_word' id='word_1_994' title='bbox 2393 5640 2678 5708; x_wconf 81' lang='lat' dir='ltr'><strong>consonat,</strong></span> <span class='ocrx_word' id='word_1_995' title='bbox 2725 5628 2815 5708; x_wconf 79' lang='lat' dir='ltr'><strong>ubi</strong></span> <span class='ocrx_word' id='word_1_996' title='bbox 2856 5628 3136 5708; x_wconf 66' lang='lat' dir='ltr'><strong>quingenta</strong></span> <span class='ocrx_word' id='word_1_997' title='bbox 3183 5623 3347 5677; x_wconf 81' lang='lat' dir='ltr'><strong>millia</strong></span> <span class='ocrx_word' id='word_1_998' title='bbox 3389 5623 3527 5708; x_wconf 77' lang='lat' dir='ltr'><strong>viro-</strong></span> 
     </span>
    </p>
   </div>
   <div class='ocr_carea' id='block_1_150' title="bbox 1923 5697 3521 5779">
    <p class='ocr_par' dir='ltr' id='par_1_150' title="bbox 1923 5697 3521 5779">
     <span class='ocr_line' id='line_1_154' title="bbox 1923 5697 3521 5779; baseline -0.009 -17"><span class='ocrx_word' id='word_1_999' title='bbox 1923 5724 2041 5762; x_wconf 85' lang='lat' dir='ltr'><strong>rum</strong></span> <span class='ocrx_word' id='word_1_1000' title='bbox 2072 5710 2306 5779; x_wconf 74' lang='lat' dir='ltr'><strong>forliuttt,</strong></span> <span class='ocrx_word' id='word_1_1001' title='bbox 2337 5722 2406 5762; x_wconf 77' lang='lat' dir='ltr'><strong>ex</strong></span> <span class='ocrx_word' id='word_1_1002' title='bbox 2454 5702 2763 5764; x_wconf 77' lang='lat' dir='ltr'><strong>Jerob0atni</strong></span> <span class='ocrx_word' id='word_1_1003' title='bbox 2802 5697 3047 5758; x_wconf 76' lang='lat' dir='ltr'><strong>exercitu</strong></span> <span class='ocrx_word' id='word_1_1004' title='bbox 3083 5697 3335 5754; x_wconf 83' lang='lat' dir='ltr'><strong>dicuntur</strong></span> <span class='ocrx_word' id='word_1_1005' title='bbox 3374 5697 3521 5750; x_wconf 87' lang='lat' dir='ltr'><strong>ceci-</strong></span> 
     </span>
    </p>
   </div>
   <div class='ocr_carea' id='block_1_151' title="bbox 1923 5779 2092 5838">
    <p class='ocr_par' dir='ltr' id='par_1_151' title="bbox 1923 5779 2092 5838">
     <span class='ocr_line' id='line_1_155' title="bbox 1923 5779 2092 5838; baseline -0.006 -1"><span class='ocrx_word' id='word_1_1006' title='bbox 1923 5779 2092 5838; x_wconf 87' lang='lat' dir='ltr'><strong>disse.</strong></span> 
     </span>
    </p>
   </div>
  </div>
