4112 6354
549 295 688 359 I375

1566 288 1625 349 S.
1668 286 2061 350 HIERONYMI
2096 288 2332 350 DIVINA
2371 289 2850 351 BIBLIOTHECA.

3722 291 3901 351 1576

620 411 750 467 llaec
774 407 867 467 illo
895 405 1172 481 loquente,
1203 399 1497 464 Jeroboam
1523 409 1671 460 retro
1696 402 2022 462 moliebatur
2060 403 2141 461 in-
2176 406 2229 469 A
2325 406 2431 481 Sed
2457 416 2513 481 et
2535 408 2722 481 caulas
2760 409 2943 481 ovium
2988 408 3339 467 destruentes
3370 450 3388 478 ,
3422 408 3674 465 tulerunt
3696 422 3905 480 pecu-

551 482 742 541 sidias.

626 555 870 624 Cumque
897 567 967 609 ex
996 551 1241 624 adverso
1283 547 1518 624 hostium
1567 554 1758 614 staret,
1808 547 2145 619 ignorantem

557 624 750 683 Iudam
776 620 876 678 suo
901 623 1172 681 ambiebat
1199 620 1463 677 exercitu.

630 696 1050 766 Respiciensque
1091 693 1258 751 Judas
1301 691 1452 766 vidit!
1484 691 1690 766 instare
1735 690 1936 766 bellum
1963 700 2040 766 _ct
2082 707 2149 747 ex

559 762 788 824 adverso
817 776 871 823 et
899 762 1021 837 post
1049 774 1279 836 tergum,
1311 773 1366 820 et
1409 763 1661 819 clamavit
1704 762 1772 817 ad
1821 762 2147 820 Dominum:

510 878 535 905 δ
558 855 624 896 ae
654 838 964 894 sacerdotes
993 837 1135 892 tubis
1164 851 1360 892 cztttere
1386 842 1687 905 creperum.

629 910 938 980 Omnesque
968 908 1067 964 viri
1094 907 1232 980 Iuda
1262 904 1540 980 vociferati
1569 913 1734 980 sunt:
1779 913 1835 960 et
1872 920 2001 961 cccc
2044 906 2153 962 illis

560 976 941 1044 clamantibus.
970 979 1263 1051 perterruit
1302 976 1795 1051 Deusderoboam,
1839 984 1894 1031 et
1935 992 2152 1035 omnem

562 1052 748 1121 Israel,
776 1052 866 1121 qui
896 1047 1073 1108 stabat
1098 1068 1164 1107 ex
1190 1048 1579 1121 adverso_Abia
1606 1058 1662 1104 et
1686 1047 1843 1103 .Iuda.
1898 1119 1931 1121 ν
1957 1119 1967 1121 Α
2129 1102 2134 1106 .

635 1118 1015 1193 Fugeruntque
1058 1122 1152 1178 filii
1197 1120 1365 1178 Israel
1412 1118 1644 1183 Judam,
1695 1130 1749 1174 et
1799 1119 2016 1177 tradidit
2061 1135 2158 1178 eos

564 1196 707 1252 Dens
734 1196 789 1250 in
814 1210 974 1250 manu
998 1209 1210 1251 eorum.
1450 1254 1456 1259 ,

637 1266 1061 1337 Percussitergo
1090 1279 1188 1322 eos
1229 1263 1389 1337 Aliia,
1436 1260 1774 1337 etpopulus
1808 1261 1955 1337 ejus,
2003 1264 2159 1334 plaga

566 1352 798 1407 magna:
833 1346 887 1394 et
913 1333 1236 1394 corruerunt
1259 1333 1531 1391 vulnerati
1561 1350 1630 1389 ex
1661 1334 1820 1389 Israel
1867 1333 2157 1406 quingenta

567 1410 733 1465 tnillia
768 1409 1003 1464 virorum
1037 1409 1276 1464 fortium.

638 1480 1023 1552 Ilumiliatique
1047 1489 1174 1536 sunt
1206 1478 1298 1552 filii
1328 1477 1602 1552 Israelin
1645 1484 1890 1552 tempore
1938 1477 2053 1552 illo,
2107 1487 2163 1535 et

565 1548 1044 1609 vehementissime
1095 1550 1387 1606 confortati
1439 1549 1532 1604 lilii
1579 1548 1737 1613 Iuda,
1767 1562 1833 1603 eo
1859 1548 2003 1620 quod
2035 1566 2161 1620 spe-

565 1634 778 1680 rassent
809 1623 863 1678 in
889 1623 1115 1679 Domino
1148 1622 1259 1677 Deo
1289 1634 1497 1693 patrum
1529 1636 1776 1693 suorum.

639 1695 961 1751 Persecutus
988 1705 1071 1750 est
1099 1689 1302 1750 autem'
1328 1694 1462 1747 Abia
1514 1692 1802 1761 fugientem
1846 1689 2160 1758 Jeroboam,

2254 493 2374 551 rum
2403 479 2667 534 infinitam
2706 480 3110 538 multitudinem
3134 524 3150 551 ,
3181 491 3236 538 et
3263 481 3598 539 camelorum
3624 497 3641 541 :
3672 479 3908 537 rever-

2251 549 2407 615 sique
2437 559 2564 607 sunt
2589 552 2922 607 Jerusalem.

2323 621 2651 704 [Qap.nX_V.]
2681 622 2906 678 Azarias
2935 633 3122 704 autem
3156 625 3300 680 lilius
3327 623 3505 704 Obetl,
3535 622 3689 679 facto
3726 624 3805 704 ἱῃ.
3832 639 3903 704 se

2254 693 2447 763 Spiritu
2482 693 2612 758 Dei,
2634 693 2912 765 'egrcssus
2943 704 3027 751 est
3070 698 3123 750 in
3156 711 3442 752 occursum
3473 699 3580 751 Asti
3601 737 3616 761 ,
3641 704 3709 751 et
3738 695 3904 750 dixit

2253 765 2301 837 ei
2333 783 2345 819 :
2386 764 2580 837 Audite
2609 764 2705 837 me
2725 765 2835 820 Asa
2864 811 2879 837 ,
2914 780 2964 821 et
3013 769 3192 822 omnis
3220 767 3357 823 .Inda
3385 812 3400 836 ,
3453 778 3510 823 et
3537 768 3851 836 Benjamin
3878 785 3896 823 :

2256 834 2518 908 Dominus
2550 834 2873 904 vobiscum,
2893 839 3018 908 quia
3048 838 3225 894 fuistis
3252 834 3498 895 eum'eo.
3533 838 3594 893 Si
3626 834 3898 908 ιίιιωείιξσ

2255 907 2528 982 ritiseum
2552 948 2568 971 ,
2603 907 2934 966 invenietis:
2976 911 3022 965 si
3049 920 3236 966 autern
3265 907 3679 982 dereliqueritis
3715 926 3893 975 eum,

2254 977 2593 1046 derelinquet
2620 993 2735 1036 vos.

2330 1050 2671 1107 'I‘ransibuut
2705 1060 2887 1107 autem
2937 1053 3091 1107 multi
3142 1053 3261 1109 dies
3323 1052 3379 1107 in
3435 1052 3604 1109 Israel
3654 1052 3892 1122 alisque

2259 1120 2371 1248 Pco
2397 1136 2565 1189 vero,
2611 1131 2669 1178 et
2710 1123 2913 1195 absque
2956 1124 3249 1182 sacerdote
3278 1124 3526 1194 doctore,
3568 1132 3627 1182 et
3655 1120 3892 1196 absque

2282 1208 2404 1248 me.

2282 1208 2404 1263 ege.

2332 1263 2823 1339 Cu_mque_reversi
2856 1264 3057 1323 fuerint
3081 1268 3134 1321 in
3164 1268 3411 1339 angustia
3442 1283 3538 1325 sua
3566 1268 3637 1325 ad
3668 1269 3886 1324 Domi-

2262 1350 2390 1410 num
2406 1335 2577 1392 Deum
2592 1335 2852 1410 Israel.et
2878 1339 3191 1407 qumsieriut
3220 1335 3367 1406 e'um,
3399 1341 3685 1410 reperient
3713 1355 3881 1395 cum.

2336 1407 2392 1462 In
2420 1416 2671 1481 tempore
2700 1408 2790 1463 illo
2815 1425 2922 1464 non
2965 1412 3070 1466 erit
3091 1426 3195 1480 pax
3226 1407 3557 1480 egredienti,
3593 1422 3648 1467 et
3679 1413 3885 1481 ingre-

2262 1478 2456 1545 dienti,
2481 1478 2580 1535 sed
2598 1486 2838 1537 terrores
2868 1478 3109 1552 undique
3131 1481 3184 1536 itt
3210 1478 3422 1538 cunctis
3448 1478 3881 1539 habitatoribus

2264 1559 2534 1625 terrarum
2570 1566 2581 1603 ι
2616 1552 2879 1625 pugnabit
2909 1553 3057 1607 enim
3102 1568 3237 1625 gens
3281 1562 3471 1609 contra
3512 1567 3781 1625 gentem,
3822 1563 3885 1608 et

2262 1621 2456 1706 civitas
2486 1632 2676 1705 contra
2715 1624 3018 1707 civitatem,
3056 1621 3177 1696 quia
3219 1624 3482 1682 Dominus
3515 1621 3885 1683 conturbabit

2264 1708 2436 1765 cosio
2464 1709 2614 1749 omni
2637 1706 2907 1765 angustia.

566 1776 620 1823 et
648 1767 795 1836 cepit
818 1766 1065 1857 civitates
1089 1764 1228 1847 ejus,
1262 1764 1512 1857 fletu-EI,
1540 1772 1594 1817 et
1625 1763 1761 1817 filias
1802 1761 1942 1857 ejluls,
1984 1763 2164 1847 et.Je-
2195 1797 2241 1857 Β
2336 1763 2447 1820 Vos
2474 1761 3116 1857 ergoocot'tlprtaminimt
3140 1781 3248 1851 non
3277 1767 3653 1825 dissolvantur
3670 1782 3883 1825 manus

568 1851 701 1895 sana
720 1834 852 1893 eum
879 1837 1091 1893 filiabus
1118 1834 1256 1900 Suis,
1290 1834 1509 1904 Ephron
1536 1849 1751 1905 quoque
1772 1843 1829 1905 et
1851 1834 1986 1905 lilias
2006 1835 2158 1904 ejus:

639 1908 750 1966 Nec
768 1908 936 1964 valuit
954 1908 1094 1964 ultra
1121 1908 1382 1962 resistere
1399 1904 1686 1964 Jerolioam
1712 1905 1763 1959 in
1789 1904 1978 1961 diebus
2001 1908 2159 1962 Abia:

567 1996 728 2052 quem
758 1980 1029 2052 percussit
1056 1979 1336 2052 Dominus,
1355 1986 1425 2052 _et
1451 1986 1695 2052 mortuus
1725 1985 1828 2032 est.

638 2046 806 2121 Igitur
835 2050 993 2119 Abia,
1022 2051 1327 2106 confortato
1355 2048 1584 2117 imperio
1612 2062 1733 2121 suo,
1781 2046 2167 2121 accepit‘uxo-

566 2118 1094 2194 res—quatuordecim
1123 2138 1137 2175 :
1172 2121 1580 2191 procreavitque
1607 2119 1794 2191 viginti
1824 2119 1960 2175 duos
1996 2118 2161 2188 filios,

568 2204 625 2250 ct
650 2192 886 2251 sedecim
917 2192 1078 2252 lilias.

640 2264 864 2337 Reliqua
892 2274 1072 2320 autem
1097 2278 1406 2337 sermonum
1434 2261 1937 2337 Abia,A\'iarumque
1959 2269 2014 2318 et
2036 2277 2166 2332 ope-

570 2333 1087 2462 rt'tméjgshscripta
1118 2345 1245 2391 sunt
1289 2334 1702 2405 diligentissime
1746 2334 1800 2389 in
1848 2333 1991 2390 libro
2041 2349 2167 2405 pro-

570 2424 672 2462 nte
895 2423 946 2461 ο.

606 2411 744 2464 Item
770 2409 946 2463 Addo.

567 2425 744 2480 pueta:
770 2425 946 2463 Auno.

640 2478 791 2551 [Cap.
830 2477 996 2552 XIV.]
1046 2476 1529 2552 Dormivitgaufem
1576 2475 1711 2552 Abia
1755 2491 1880 2552 eum
1925 2476 2167 2549 patribus

567 2547 704 2615 suis,
732 2547 789 2605 et
812 2547 1143 2620 sepelierunt
1167 2565 1289 2605 eum
1319 2550 1372 2605 in
1400 2548 1620 2605 civitate
1649 2547 1818 2603 David
1844 2566 1858 2603 :

642 2621 1012 2705 ftegnavitque
1040 2622 1148 2705 Asa
1178 2621 1318 2705 filius
1339 2620 1456 2691 ejus
1480 2634 1580 2691 pro
1598 2634 1688 2687 eo,
1711 2620 1765 2676 itt
1793 2622 1946 2691 cujus
1974 2620 2169 2680 diebus

568 2692 773 2766 quievit
804 2692 947 2750 terra
976 2694 1136 2748 annis
1163 2692 1373 2766 decem.

644 2764 797 2821 Fecit
822 2772 1000 2821 autem
1032 2768 1135 2820 Asa
1167 2764 1310 2835 quod
1338 2764 1535 2818 bonum
1567 2772 1621 2818 et
1659 2764 1914 2835 placitum
1959 2774 2079 2820 erat
2115 2765 2166 2821 in

569 2846 863 2908 conspectu
889 2835 985 2892 Dei
1016 2835 1100 2892 sui
1119 2877 1135 2899 ,
1167 2846 1229 2908 et
1250 2836 1731 2908 subvertit-altaria
1757 2836 2027 2907 peregrini
2058 2837 2171 2892 cul-

570 2920 677 2977 tus,
701 2907 758 2964 et
776 2908 1010 2970 excelsa,
1033 2920 1087 2962 et
1109 2907 1372 2978 confregit
1392 2916 1616 2976 statuas,
1639 2907 1896 2978 lucosque
1916 2908 2165 2964 succidit.

648 2987 725 3036 Ac
753 2978 1209 3051 prmcepitJudm,
1255 2988 1314 3033 ut
1354 2989 1622 3051 quaarerct
1668 2978 1954 3033 Dominum
2002 2980 2170 3036 Deum

572 3061 787 3179 Hatram
814 3065 1055 3119 suorum,
1089 3063 1145 3108 et
1174 3050 1383 3107 faceret
1402 3050 1598 3121 legem,
1628 3062 1683 3106 et
1721 3051 1968 3106 universa
2000 3056 2169 3107 'tnan-

610 3136 699 3179 ata
726 3140 741 3178 :

610 3136 699 3180 ata
726 3140 741 3178 ε

2267 1847 2511 1910 vestrm;
2547 1838 2651 1892 erit
2679 1837 2823 1910 enim
2854 1853 3064 1895 merces
3089 1840 3241 1910 operi
3273 1851 3479 1895 vestro.

2336 1907 2651 1981 Quodcum
2671 1908 2913 1965 audisset
2941 1911 3071 1971 Asa.
3105 1907 3268 1981 verba
3293 1912 3506 1969 scilicet
3535 1923 3592 1968 et
3631 1910 3881 1981 [implie-

2266 1977 2393 2052 tiam
2446 1978 2599 2052 οδω
2653 1982 2953 2052 prophetae,
3010 1980 3343 2037 confortatus
3388 1993 3493 2052 est,
3547 1977 3883 2039 tit-abstulit

2266 2048 2410 2126 idola
2457 2049 2528 2106 de
2569 2048 2891 2107 ont‘ui't'erra
2920 2051 3056 2108 Juda
3076 2093 3091 2119 ,
3117 2061 3174 2126 et
3207 2054 3292 2126 de,
3318 2048 3598 2126 Benjantin
3621 2096 3635 2116 .
3698 2063 3761 2108 ct
3800 2071 3868 2109 ex

2266 2120 2509 2196 urbibus,
2542 2137 2676 2196 quas
2705 2133 2947 2196 ceperat,
2972 2124 3168 2180 montis
3199 2120 3481 2196 Ephraim,
3513 2136 3570 2182 et
3592 2126 3879 2181 dedicavit

2186 2234 2187 2239 η
2263 2192 2435 2266 altare
2458 2192 2672 2248 Dontini
2699 2192 2839 2264 quod
2861 2204 2979 2250 erat
2999 2204 3125 2252 ante
3154 2192 3418 2266 porticum
3444 2198 3686 2252 Domini.

2343 2263 2815 2338 Congregavitque
2845 2263 3165 2322 universum
3184 2267 3376 2325 Judam
3403 2279 3457 2324 et
3482 2268 3795 2338 Benjamin,
3819 2277 3877 2325 et

2264 2332 2501 2408 advenas
2543 2332 2667 2392 cum
2725 2332 2806 2393 eis
2860 2338 2932 2395 de
2963 2338 3251 2408 Ephraim,
3297 2351 3354 2397 et
3396 2341 3465 2396 de
3500 2332 3791 2406 Manasse,
3818 2350 3877 2395 et

2266 2405 2336 2478 de
2370 2406 2635 2478 Simeon:
2671 2408 2849 2477 plures
2903 2405 3045 2465 enim
3103 2410 3170 2465 ad
3211 2405 3334 2468 cum
3391 2405 3870 2478 cnnfugerant’cx

2265 2476 2472 2547 Israel,
2516 2476 2759 2536 tidentes
2804 2481 2947 2552 quod
3004 2480 3267 2540 Dominus
3327 2484 3468 2540 Deus
3516 2476 3670 2540 illius
3723 2495 3876 2540 esset

2246 2564 2389 2605 .CUIII
2410 2565 2499 2606 ρο.

2339 2621 2584 2691 Cumque
2628 2622 2905 2679 venissent
2932 2624 2986 2679 in
3018 2622 3318 2682 Jerusalem
3357 2641 3547 2683 mense
3577 2626 3746 2682 tertio
3769 2671 3784 2691 ,
3816 2637 3873 2682 ct

2269 2698 2624 2767 annoquinto
2669 2694 2883 2750 decimo
2923 2697 3071 2765 regni
3113 2696 3244 2767 Asa,
3289 2698 3715 2754 immolaverunt
3763 2698 3869 2751 Du-

2272 2765 2419 2840 tnino
2468 2766 2520 2819 in
2568 2766 2655 2840 die
2686 2766 2798 2832 illa,
2838 2768 2905 2840 de
2935 2769 3204 2823 manubiis
3232 2765 3301 2824 et
3334 2770 3514 2837 praida
3563 2785 3730 2840 quam
3775 2768 3873 2823 ad-

2271 2835 2555 2911 duxerant,
2574 2837 2737 2911 bores
2753 2838 3120 2911 septingentos
3138 2850 3192 2894 et
3217 2835 3417 2895 arietes
3438 2835 3651 2911 septem
3676 2840 3869 2895 millia.

2348 2908 2415 2961 Iit
2440 2905 2657 2963 intravit
2680 2926 2745 2963 ex
2778 2905 3035 2965 more'atl
3081 2905 3545 2966 corroboraudnt'n
3575 2912 3782 2977 foedus,
3812 2924 3869 2965 ut

2271 2989 2580 3053 qua‘rereut
2623 2980 2907 3035 Dominum
2958 2981 3125 3038 Deum
3160 2992 3370 3053 patrum
3409 2997 3638 3039 suorum
3669 2984 3725 3044 in
3761 2994 3872 3038 tuto

2272 3052 2437 3105 corde
2459 3061 2512 3105 et
2534 3051 2585 3105 in
2616 3062 2726 3106 tota
2747 3053 2927 3106 anima
2952 3068 3071 3107 sua.

2344 3120 2403 3176 Si
2441 3123 2560 3196 quis
2591 3132 2802 3190 autem,
2854 3124 3045 3193 inquit,
3094 3140 3199 3180 non
3245 3124 3523 3196 quaesierit
3577 3127 3867 3181 Dominum

646 3194 715 3251 Et
740 3193 965 3251 abstulit
994 3194 1062 3250 de
1091 3193 1300 3252 cunctis
1327 3193 1550 3250 urbibus
1575 3192 1712 3249 Iuda
1740 3206 1886 3259 aras,
1924 3202 1981 3251 et
2023 3194 2165 3264 fana,
2195 3182 2241 3246 C
2278 3182 2660 3269 Dentn'lsrael,
2688 3182 2993 3269 moriatura
3016 3182 3239 3254 minimo
3262 3182 3431 3269 usque
3453 3197 3523 3253 ad
3545 3197 3867 3265 maaitttunt,

573 3276 631 3323 et
661 3268 908 3336 regnavit
936 3270 987 3321 in
1020 3281 1170 3337 pace.

642 3338 956 3395 Ediflcavit
987 3336 1203 3410 quoque
1252 3337 1412 3393 nrbes
1456 3337 1694 3410 munitas
1742 3337 1796 3410 in
1826 3336 1998 3410 .Iuda.
2046 3337 2171 3408 quia

569 3412 788 3479 quietus
814 3417 954 3477 erat,
986 3417 1042 3465 et
1066 3408 1214 3466 nulla
1242 3408 1578 3479 temporibus
1607 3409 1724 3480 ejus
1751 3409 1894 3465 bella
1920 3423 2173 3466 surrexe-

574 3493 716 3569 runt,
750 3496 936 3566 pacem
967 3481 1197 3569 Domino
1227 3482 1514 3569 largiente.

650 3553 794 3609 Dixit
831 3564 1013 3609 autem
1041 3554 1195 3610 Iuda:
1222 3570 1234 3607 :
1272 3551 1626 3609 A'ldtlicemus
1654 3551 1903 3608 civitates
1933 3552 2086 3620 istas,
2117 3562 2172 3609 et

569 3625 835 3681 vallemus
865 3625 1055 3688 muris,
1087 3635 1137 3679 et
1167 3624 1491 3681 roborcmus
1521 3622 1784 3681 turribus.
1809 3633 1863 3678 et
1894 3629 2084 3695 portis,
2117 3634 2171 3679 et

572 3696 734 3763 seris,
765 3696 1001 3767 doneca
1045 3697 1201 3767 bellis
1252 3696 1435 3767 quieta
1485 3706 1608 3750 sunt
1657 3695 1862 3759 ontnia,
1912 3712 1977 3750 eo
2025 3697 2169 3767 quod

572 3769 945 3835 qitmsierititus
983 3766 1281 3823 Dominum
1312 3767 1481 3821 Deum
1508 3778 1718 3837 patrum
1750 3766 2083 3835 nostrorum,
2116 3778 2173 3824 et

576 3837 789 3910 dederit
818 3838 972 3893 nobis
998 3853 1184 3906 pacem
1218 3853 1313 3908 per
1337 3854 1550 3910 gyrum.

650 3909 1083 3981 {Edilicaverttnt
1124 3910 1286 3981 igitur
1311 3909 1431 3976 ,et
1479 3910 1684 3965 nullum
1735 3910 1789 3966 in
1831 3910 2170 3967 exstruendo

579 3981 1021 4050 impedimentum
1048 3979 1169 4037 fuit}
1954 4034 1959 4043 ,

648 4053 847 4111 lIabuit
864 4061 1043 4108 autem
1066 4059 1171 4109 Asa
1193 4052 1249 4107 in
1270 4052 1511 4108 exercitu
1537 4068 1638 4108 suo
1661 4053 1993 4120 portantium
2018 4065 2167 4109 scuta

573 4135 628 4180 et
662 4126 842 4179 hastas
870 4124 938 4179 de
964 4123 1102 4180 Juda
1134 4132 1378 4180 trecenta
1405 4123 1597 4186 millia,
1629 4122 1697 4178 de
1726 4123 2008 4193 Benjamitt
2038 4141 2169 4180 vero

575 4198 949 4267 scutariorum
969 4204 1027 4251 et
1053 4197 1454 4267 sagittariorum
1482 4195 1714 4251 ducenta
1741 4199 2017 4267 octoginta
2043 4197 2167 4252 titil-

575 4267 645 4323 lia
673 4309 688 4331 ,
720 4283 916 4323 omnes
940 4266 1030 4323 isti
1059 4268 1155 4322 viri
1186 4266 1485 4322 fortissimi.

650 4341 915 4410 Egressus
938 4348 1023 4395 est
1052 4346 1233 4394 autem
1261 4347 1451 4394 contra
1480 4353 1577 4395 eos
1602 4337 1736 4392 Zara
1764 4336 2018 4408 AEtItiops
2042 4354 2165 4394 cum

575 4409 820 4466 exercitu
846 4425 967 4477 suo,
1002 4410 1190 4466 decies
1220 4422 1447 4466 centena
1474 4409 1664 4477 millia,
1696 4418 1752 4465 et
1776 4409 2029 4466 curribus
2061 4420 2169 4467 tre-

574 4481 748 4537 centis
775 4497 792 4538 :
822 4490 880 4539 et
907 4483 1053 4537 venit
1089 4497 1261 4552 usque
1288 4482 1518 4539 Maresa.

2276 3278 2306 3317 a
2338 3265 2455 3319 viro
2481 3280 2652 3334 usque
2679 3266 2746 3321 ad
2776 3265 3083 3322 mulierem.

2342 3335 2778 3411 Iuram-rumque
2805 3338 3189 3411 Domino'voce
3211 3355 3400 3411 magna
3419 3341 3471 3395 in
3496 3339 3702 3410 juliilo,
3736 3352 3793 3395 et
3818 3341 3868 3395 in

2271 3405 2716 3482 clattguretubm,
2746 3417 2803 3465 et
2829 3410 2879 3464 in
2914 3411 3092 3467 snnitu
3133 3405 3522 3479 buccinarum,
3554 3430 3752 3465 omnes
3778 3413 3867 3482 qui

2270 3490 2423 3533 erant
2444 3477 2650 3534 inJuda
2682 3496 2806 3536 cum
2835 3483 3245 3538 exsecratione:
3280 3485 3333 3537 in
3357 3477 3676 3538 υιιιηῖοιιὶιιι
3703 3477 3869 3538 corde

2270 3552 2735 3626 suojuraverunt,
2755 3560 2811 3607 et
2841 3554 2893 3607 in
2918 3564 3025 3626 tota
3053 3555 3333 3609 voluntate
3360 3556 3698 3626 quaesierunt
3719 3570 3863 3620 eum,

2271 3631 2325 3675 et
2368 3624 2738 3705 invenerunt:
2773 3624 3132 3697 prtestititque
3172 3627 3253 3682 eis
3303 3624 3569 3682 Dominus
3620 3627 3865 3696 requiem

2273 3708 2368 3763 per
2392 3695 2704 3749 circuitum.

2342 3766 2445 3846 Sed
2479 3776 2533 3847 et
2560 3766 2779 3849 Mant'lla
2816 3777 3053 3852 matrem
3069 3767 3176 3849 Asa
3212 3768 3371 3852 regis
3394 3784 3462 3823 ex
3499 3782 3736 3852 augusto
3775 3768 3865 3822 de-

2272 3840 2450 3908 posuit
2481 3839 2728 3908 imperio,
2763 3855 2831 3895 eo
2852 3838 2995 3908 quod
3030 3838 3248 3894 fecisset
3275 3838 3329 3895 in
3359 3840 3480 3895 luco
3506 3839 3861 3895 simul..eium

2270 3906 2489 3978 Priapi:
2514 3906 2661 3979 quod
2708 3906 2883 3964 omne
2916 3912 3191 3972 contrivit,
3244 3922 3299 3965 et
3340 3912 3392 3966 in
3432 3912 3601 3967 frusta
3641 3912 3864 3966 cummi-

2271 3995 2447 4033 nucus
2477 3980 2772 4036 combussit
2796 3983 2848 4035 iit
2884 3989 3124 4037 torrente
3153 3982 3391 4037 Cedron.

2344 4050 2573 4106 Excelsa
2600 4065 2777 4107 autem
2807 4052 3065 4108 derelicta
3115 4062 3245 4108 sunt
3284 4052 3338 4108 in
3377 4052 3543 4109 Israel
3576 4071 3588 4106 :
3620 4064 3859 4109 attamen

2269 4134 2365 4195 cor
2388 4124 2494 4177 Asa
2523 4130 2643 4177 erat
2669 4124 2973 4194 perfectum
2998 4125 3211 4179 cunctis
3235 4124 3426 4182 diebus
3450 4126 3594 4195 ejus.

2343 4194 2675 4266 anuequae
2710 4203 2935 4251 voverat
2966 4203 3119 4264 pater
3134 4210 3286 4263 suus,
3321 4207 3375 4251 et
3406 4194 3524 4266 ipse
3545 4242 3558 4264 ,
3599 4195 3785 4250 intulit
3811 4197 3858 4249 in

2268 4262 2493 4338 domum
2528 4265 2761 4333 Domini,
2787 4262 3108 4336 argentum,
3146 4276 3203 4321 et
3245 4262 3472 4335 aurum,
3500 4262 3862 4338 vasorumquc

2268 4335 2544 4391 diversam
2572 4339 2986 4407 supellectilem.

2342 4407 2552 4462 Ilcllum
2590 4424 2720 4465 vero
2751 4426 2856 4481 non
2892 4408 2999 4465 fuit
3042 4422 3214 4480 usque
3241 4408 3311 4466 ad
3338 4409 3679 4467 tricesimum
3708 4409 3861 4481 quin-

2271 4486 2614 4551 tum_annum
2644 4480 2796 4551 regni
2822 4483 2950 4537 Asa.

649 4554 818 4632 lforro
838 4554 947 4632 Asa
981 4547 1219 4632 perresit
1246 4555 1459 4632 obviam
1487 4554 1538 4609 ei
1564 4593 1580 4618 ,
1620 4551 1962 4632 et.iustrt_t_xit
1991 4553 2162 4609 aciem
2192 4569 2244 4630 ι)
2305 4547 2494 4632 _[Cap.
2529 4547 2903 4632 XV_I_.]_'_Auno
2945 4561 3126 4632 autem
3180 4551 3460 4632 tricesimo
3500 4566 3661 4608 serto
3712 4553 3855 4622 regni

576 4625 644 4679 ad
673 4624 874 4682 bellqu
899 4624 956 4679 in
983 4625 1125 4681 valle
1146 4625 1407 4690 Sepltata,
1429 4641 1548 4694 qua:
1571 4634 1656 4679 est
1675 4624 1829 4695 juxta
1850 4625 2080 4691 Maresa,
2110 4636 2166 4681 et

575 4697 850 4752 invocavit
882 4696 1168 4752 Dominum
1199 4697 1393 4761 Deam,
1424 4708 1477 4751 et
1503 4698 1580 4751 ait
1609 4712 1624 4754 :

651 4768 901 4834 Domine,
934 4783 1042 4823 nou
1072 4781 1155 4823 est
1186 4769 1327 4838 apud
1360 4776 1412 4824 te
1438 4767 1548 4823 ulla
1569 4768 1861 4834 distantia,
1896 4776 2077 4829 utrum
2111 4768 2164 4823 in

578 4841 763 4911 paucis
787 4840 1071 4895 auxilieris
1097 4885 1112 4911 ,
1156 4856 1221 4894 an
1255 4841 1311 4895 in
1339 4838 1577 4908 pluribus
1607 4857 1622 4893 :
1650 4840 1844 4909 adjuva
1876 4854 1974 4895 nos
1994 4880 2011 4906 ,
2059 4840 2166 4911 Do-

580 4911 727 4968 mine
756 4910 899 4968 Deus
926 4922 1149 4967 noster:
1183 4912 1235 4966 in
1268 4920 1318 4966 te
1343 4912 1512 4974 enim,
1545 4922 1601 4965 et
1631 4913 1681 4965 in
1707 4921 1799 4965 tuo
1822 4911 2039 4966 nomine
2069 4910 2167 4965 Ita-

580 4983 770 5038 lientes
795 4983 1068 5049 fiduciam,
1087 4982 1337 5039 venimus
1359 4992 1552 5038 contra
1576 4986 1717 5037 lianc
1735 4981 2162 5037 multitudinem.

581 5053 813 5180 Polt‘uine
835 5096 851 5123 ,
894 5057 1038 5111 Deus
1067 5066 1255 5111 noster
1281 5062 1333 5109 tu
1363 5070 1424 5110 es
1447 5097 1466 5126 ,
1514 5070 1620 5109 non
1652 5052 1944 5125 praevaleat
1972 5065 2163 5110 contra

602 5140 631 5179 e
701 5141 849 5180 omo.

579 5134 631 5180 te
661 5134 849 5181 homo.

655 5196 934 5269 Exterruit
963 5198 1146 5269 itaque
1170 5198 1215 5253 D
1231 5197 1434 5253 mtiuus
1457 5196 1744 5267 Aitltioltes
1764 5211 1948 5251 coram
1971 5196 2081 5252 Asa
2111 5207 2166 5253 et

583 5266 720 5323 Juda
751 5285 767 5323 :
794 5266 1155 5340 fugeruntque
1182 5269 1487 5339 Ethiopes.
1522 5270 1584 5323 Et
1616 5266 1929 5338 persecutus
1960 5281 2043 5325 εει
2069 5283 2167 5323 eos

584 5340 716 5406 Asa,
744 5349 797 5393 ct
826 5340 1053 5412 po_pulus
1082 5341 1170 5412 qui
1213 5357 1335 5397 cum
1371 5357 1438 5397 eo
1463 5350 1610 5406 erat,
1652 5354 1820 5411 usque
1858 5341 2082 5405 Gerara,
2111 5349 2167 5394 et

584 5418 815 5483 ruerunt
843 5410 1129 5483 Etliiopc's
1162 5428 1336 5482 usque
1383 5413 1450 5467 ad
1482 5410 1907 5468 internecionem
1935 5452 1949 5477 ,
2001 5413 2122 5483 quia
2145 5455 2160 5480 ,

588 5480 817 5607 Iloulritto
864 5480 1127 5550 credente,
1168 5480 1384 5540 contriti
1425 5495 1587 5553 sunt,
1633 5496 1687 5538 et
1731 5484 1973 5539 exercitu
2016 5482 2164 5540 illius

588 5563 881 5607 praeiante.

618 5556 881 5611 radiante.

942 5640 1073 5699 ergo
1118 5628 1290 5698 Spolia
1339 5629 1531 5691 multa,
1576 5636 1631 5682 et
1678 5632 2064 5699 percusserunt
2092 5626 2168 5682 ci-

581 5697 778 5753 vitates
799 5714 991 5755 omnes
1012 5697 1120 5770 per
1145 5697 1431 5756 Circuitum
1460 5700 1680 5756 Gerara:
1706 5717 1717 5752 :
1751 5698 1971 5768 grandis
2000 5702 2164 5769 quip-

582 5785 648 5837 pe
676 5778 901 5827 cunctos
931 5780 1108 5829 terror
1153 5773 1455 5827 invaserat:
1503 5780 1560 5828 et
1598 5770 1942 5841 diripuerunt
1979 5770 2164 5840 urbes,

577 5852 632 5894 et
661 5841 888 5900 inultam
919 5843 1160 5915 praedam
1184 5852 1623 5914 asportaverunt.

2267 4622 2407 4690 ejus,
2432 4622 2873 4678 asccttdit’Baasa
2915 4639 3007 4678 rex
3046 4624 3216 4680 Israel
3262 4623 3317 4679 in
3358 4624 3589 4691 Judant,
3627 4635 3686 4679 et
3712 4641 3859 4681 nmro

2265 4693 2641 4766 circumdabat
2690 4694 2859 4749 [tanta
2879 4736 2895 4761 ,
2938 4705 2997 4750 ut
3032 4695 3217 4752 nullus
3237 4704 3419 4766 posset
3452 4704 3566 4750 tute
3592 4696 3778 4765 egredi
3811 4707 3861 4751 et

2267 4763 2478 4833 ingredi
2506 4765 2575 4820 de
2604 4780 2774 4835 regno
2803 4768 2932 4822 Asa.

2340 4836 2571 4909 Protulit
2594 4850 2726 4909 ergo
2756 4839 2861 4893 Asa
2891 4846 3181 4909 argentum
3198 4847 3254 4893 et
3281 4851 3473 4909 aurum
3503 4836 3573 4909 de
3597 4836 3858 4892 thesauris

2267 4907 2464 4963 domus
2494 4907 2744 4976 Domini,
2775 4917 2832 4965 et
2868 4911 2935 4964 de
2961 4907 3234 4965 thesauris
3277 4908 3443 4978 regis,
3496 4908 3751 4978 misitque
3794 4909 3856 4962 ad

2271 4978 2523 5036 Beuadad
2544 4994 2726 5050 regem
2758 4982 2950 5053 Syria',
2971 4984 3061 5053 qui
3083 4980 3365 5037 habitabat
3387 4981 3439 5035 in
3470 4979 3758 5050 Datnasco,
3785 4980 3857 5036 tli-

2270 5066 2441 5108 cens:
2854 5096 2859 5101 .

2340 5124 2539 5179 Ftedus
2567 5122 2707 5179 inter
2749 5139 2834 5179 me
2873 5132 2929 5178 et
2966 5132 3018 5181 te
3060 5132 3178 5188 est,
3202 5133 3355 5194 pater
3385 5138 3600 5195 quoque
3628 5136 3779 5178 meus
3803 5132 3853 5178 et

2269 5205 2424 5265 pater
2453 5203 2577 5251 tuus
2611 5195 2852 5251 habuere
2878 5196 3227 5252 concordiam
3257 5211 3271 5249 :
3300 5210 3463 5266 quam
3487 5196 3556 5250 ob
3594 5210 3708 5250 rem
3738 5194 3852 5266 misi

2269 5270 2363 5323 tibi
2387 5275 2667 5337 argentum
2697 5275 2752 5322 et
2770 5282 2962 5322 aurum
2985 5307 3000 5333 ,
3037 5276 3091 5321 ut
3130 5277 3289 5335 rupto
3321 5265 3528 5322 ftedere
3548 5307 3564 5334 ,
3597 5265 3740 5335 quod
3762 5265 3852 5320 ha-

2267 5340 2364 5396 bes
2391 5355 2514 5393 cum
2543 5338 2710 5394 Baasa
2748 5353 2877 5411 rege
2914 5338 3117 5408 Israel,
3148 5338 3318 5393 facias
3347 5354 3470 5392 eum
3509 5354 3539 5392 a
3579 5352 3665 5391 me
3706 5352 3852 5393 recc-

2269 5412 2420 5468 dere.

2342 5483 2460 5549 Quo
2490 5490 2772 5552 comperto
2793 5521 2809 5546 ,
2841 5478 3095 5537 Benadad
3134 5480 3282 5537 misit
3336 5480 3611 5551 principes
3652 5478 3855 5536 exerci-

2274 5563 2423 5610 tuum
2480 5568 2705 5610 suorum
2761 5553 2827 5609 ad
2877 5554 3039 5608 urbes
3084 5552 3281 5618 Israel;
3333 5552 3424 5621 qui
3479 5560 3855 5620 percusserunt

2270 5626 2431 5691 Aion,
2488 5637 2542 5682 et
2591 5625 2724 5691 Dan,
2777 5636 2834 5681 et
2883 5623 3219 5692 Abelmaitu,
3267 5632 3324 5681 et
3371 5623 3654 5680 universas
3703 5623 3857 5679 urbes

2270 5698 2522 5764 Neplttali
2552 5707 2809 5753 muratas.

2342 5768 2497 5840 Quod
2528 5784 2651 5824 eum
2681 5769 2922 5824 audisset
2946 5768 3112 5826 Baasa
3136 5811 3150 5838 ,
3181 5767 3345 5826 desiit
3373 5765 3643 5827 aedificare
3672 5765 3853 5835 flama,

2271 5853 2326 5901 et
2352 5841 2646 5901 intermisit
2669 5856 2806 5914 opus
2834 5855 3013 5900 suum.
