4112 6354
298 299 431 362 1381

1665 299 1897 360 VERBA
1938 297 2224 361 DIERUII.

3443 307 3584 370 {382

292 440 391 496 per
407 436 569 495 quem
597 422 774 482 factus
795 427 883 479 est
917 419 1152 494 Spiritus
1175 420 1387 478 Domini
1415 419 1469 478 in
1495 420 1675 480 medio
1699 423 1894 492 turbae,
1923 427 1973 486 Α
2073 420 2460 496 Verumtamen
2509 418 2721 476 excelsa
2757 433 2864 476 non
2907 417 3154 496 abstulit,
3185 429 3242 480 et
3287 424 3464 482 adhuc
3491 441 3588 496 po-

263 497 492 555 .etait:

366 568 667 634 Attendite,
701 569 881 624 omnis
906 567 1066 637 Juda,
1099 575 1154 624 et
1183 567 1275 638 qui
1309 565 1568 622 habitatis
1588 568 1638 622 in
1669 567 1889 624 Jerusa-

295 639 424 705 lem,
457 652 512 696 et
541 651 616 701 tu.
638 656 733 697 rex
761 640 1021 711 .losapbat
1047 658 1060 694 :
1095 640 1222 695 Hinc
1247 639 1375 694 dicit
1408 640 1665 694 Dominus
1692 639 1844 695 vobis
1873 655 1888 694 :

293 711 475 766 Nolite
521 714 736 776 timere,
791 727 889 768 nec
940 713 1185 782 paveatis
1239 713 1377 766 hanc
1439 711 1885 768 multitudinem:

294 799 402 839 non
430 794 516 840 est
542 785 687 840 enim
721 794 901 839 vestra
933 798 1134 853 pugna,
1169 783 1263 838 sed
1292 783 1409 839 Dei.

369 855 496 911 Cras
526 855 873 911 descendetis
893 865 1086 909 contra
1113 871 1209 911 eos
1239 873 1251 910 :
1282 855 1565 909 ascensuri
1589 854 1732 909 enim
1763 862 1890 910 sunt

297 940 396 996 per
431 927 634 982 clivum
675 927 909 996 nomine,
934 926 1043 989 Sis,
1075 935 1125 981 et
1167 926 1456 982 invenietis
1500 928 1621 981 illos
1658 930 1708 980 in
1742 942 1892 980 sum-

296 995 486 1068 mitate
513 999 796 1065 torrentis,
826 995 915 1068 qui
949 1007 1033 1054 est
1070 1010 1260 1053 contra
1295 999 1644 1053 solitudinem
1685 998 1889 1053 Jerut-l.

366 1067 484 1124 Non
525 1071 680 1124 erilis
723 1085 818 1125 vos
847 1067 942 1140 qui
978 1069 1326 1133 dintieabitis,
1378 1071 1472 1123 sed
1517 1070 1891 1124 tantummodo

296 1142 636 1197 conﬁdenter
662 1152 824 1208 State,
853 1150 910 1198 et
941 1141 1198 1198 videbitis
1244 1141 1506 1196 auxilium
1541 1142 1750 1196 Domini
1793 1157 1890 1198 su-

335 1227 397 1268 Cl'
423 1228 538 1268 VOS.

492 1228 538 1267 s.

297 1227 528 1349 pc.Iluvdoa,
559 1293 614 1340 et
653 1284 978 1348 Jerusalem,
1005 1283 1177 1339 nolite
1208 1283 1422 1350 timere,
1459 1299 1560 1340 nec
1594 1285 1836 1355 parcatis
1871 1303 1884 1340 :

297 1370 420 1411 cras
441 1356 796 1428 egrediemini
823 1366 1011 1413 contra
1045 1371 1163 1423 eos,
1189 1364 1245 1412 ct
1286 1355 1546 1411 Dominus
1576 1359 1680 1412 erit
1703 1357 1890 1412 vobis-

296 1443 442 1484 cum.

373 1500 637 1571 Josaphat
666 1507 886 1571 ergo,et
908 1499 1068 1564 Juda,
1099 1506 1154 1556 et
1172 1513 1364 1555 omnes
1383 1498 1715 1554 habitatores
1731 1499 1888 1556 Jeruo

300 1572 498 1638 salem,
530 1574 847 1628 ceciderunt
879 1573 1033 1643 proni
1075 1571 1128 1627 in
1172 1581 1374 1627 terram
1408 1587 1592 1628 coram
1632 1571 1886 1641 Domino,

296 1653 353 1699 ct
383 1645 746 1699 adoravcruut
771 1660 915 1700 eum.

370 1716 542 1772 Porro
564 1716 764 1772 Levita:
793 1719 859 1771 de
889 1715 1013 1770 liliis
1036 1715 1226 1781 Caath,
1262 1723 1318 1770 et
1347 1713 1415 1770 de
1446 1713 1570 1769 ﬁliis
1599 1715 1760 1782 Core,
1782 1715 1891 1772 latt-

296 1787 502 1880 da‘bant
536 1789 820 1844 Dominum
855 1789 1022 1843 Deum
1057 1787 1223 1842 Israel
1275 1802 1406 1842 voce
1451 1802 1665 1857 magna,
1700 1788 1752 1842 in
1791 1802 1888 1843 ex-
1919 1817 1966 1880 Β

291 1858 522 1916 celsum.

369 1933 614 1998 Cumque
641 1947 800 1986 mane
830 1930 1223 1994 surrexissent,
1245 1928 1450 1998 egressi
1496 1938 1622 1984 sunt
1668 1944 1764 1996 per
1795 1929 1891 1984 de-

296 2013 500 2058 sertum
531 2003 752 2058 Thecue
783 2021 799 2059 :
831 2003 1198 2074 proiectisque
1220 2003 1322 2069 eis,
1356 2009 1508 2057 stans
1544 2000 1808 2072 Josaphat
1835 2002 1887 2056 iu

298 2074 480 2129 medio
505 2091 715 2142 eorum,
735 2075 878 2130 dixit
912 2092 924 2128 :

370 2146 568 2201 Audite
594 2163 702 2210 me,
725 2146 889 2207 Juda.
921 2155 973 2201 et
995 2161 1184 2201 onmes
1209 2143 1541 2201 habitatores
1562 2143 1886 2202 Jerusalem:

295 2219 505 2273 credite
532 2217 584 2273 in
616 2218 845 2272 Domino
868 2218 980 2274 Deo
1010 2229 1218 2280 vestro,
1246 2228 1301 2271 et
1330 2218 1506 2270 securi
1531 2217 1684 2270 eritis
1718 2232 1731 2268 :
1761 2231 1888 2272 ere-

297 2291 408 2345 dite
440 2291 718 2361 prophetis
745 2292 884 2358 ejus,
921 2301 971 2344 et
998 2301 1188 2343 cuneta
1210 2289 1464 2344 evenient
1499 2303 1776 2357 prospera.

375 2361 639 2432 Dedilque
677 2361 966 2431 _con~ilium
1012 2362 1240 2430 populo,
1295 2370 1350 2413 et
1388 2363 1577 2414 statuit
1633 2368 1888 2414 cantores

303 2433 539 2501 Domini,
560 2445 616 2488 ut
649 2433 932 2489 laudarent
957 2449 1078 2488 eum
1111 2434 1162 2486 in
1197 2432 1386 2487 turmis
1415 2433 1548 2496 suis,
1584 2441 1637 2486 et
1665 2441 1887 2486 antece-

299 2505 493 2560 derent
523 2505 848 2571 exercitum,
876 2520 938 2558 ac
962 2519 1092 2559 voce
1124 2519 1360 2558 consona
1385 2501 1628 2557 dicerent
1658 2520 1671 2556 :

371 2575 714 2632 Conﬁtemini
739 2576 990 2646 Domino,
1018 2575 1272 2648 quoniam
1305 2575 1356 2629 in
1379 2581 1642 2628 mtcrnum
1677 2573 1890 2630 miscri-

297 2648 483 2704 cordia
511 2648 648 2717 ejus.

374 2715 617 2788 Cumq‘ue
645 2719 942 2789 coepissent
969 2719 1154 2776 Iaudes
1179 2733 1399 2783 canere,
1425 2715 1588 2772 vertit
1627 2717 1887 2773 Dominus

303 2791 528 2847 insidias
554 2808 740 2848 eorum
775 2794 830 2847 in
866 2794 1214 2859 semetipsos,
1244 2791 1473 2844 liliorum
1513 2789 1720 2844 scilicet
1758 2789 1889 2844 Atu-

303 2879 452 2929 mmt,
480 2873 534 2919 et
564 2864 736 2933 Moab,
770 2873 824 2918 et
869 2866 1071 2920 montis
1108 2862 1250 2928 Seir,
1274 2863 1366 2931 qui
1410 2862 1616 2933 egressi
1649 2860 1886 2928 fuerant,

305 2943 699 3007 utpugnarent
727 2930 915 2990 contra
949 2937 1167 3000 Judam,
1196 2945 1252 3007 et
1282 2930 1526 3007 percussi
1559 2941 1706 2987 sunt.

376 3004 619 3074 Namque
661 3007 752 3062 lilii
802 3007 1058 3073 Ammon,
1098 3015 1153 3062 ct
1194 3004 1372 3069 Moab,
1423 3012 1889 3058 consurrexerunt

305 3077 594 3134 adversum
621 3079 947 3134 habitatores
979 3081 1176 3133 montis
1202 3078 1344 3141 Seir,
1372 3086 1427 3129 nt
1450 3078 1812 3131 interlieercnt
1835 3084 1888 3130 et

303 3150 553 3206 delerent
575 3166 946 3220 eos:eumque
974 3152 1074 3204 hoc
1104 3166 1266 3219 opere
1287 3157 1705 3220 perpetrassent,
1723 3149 1884 3220 etiam

313 3221 368 3276 in
399 3221 723 3287 semetipsos
749 3219 916 3287 versi,
948 3221 1150 3276 mutuis
1191 3223 1478 3277 c0ucidere
1505 3219 1837 3273 Vulneribus.

385 3293 553 3348 Porro
587 3293 723 3348 Juda
755 3309 876 3348 cum
912 3297 1152 3348 venisset
1181 3293 1247 3347 ad
1289 3293 1590 3362 speculam,
1643 3306 1760 3360 qu:c
1806 3307 1893 3344 rc-

307 3365 470 3435 spicit
497 3363 565 3420 ad
611 3366 991 3429 solitudinem,
1025 3365 1160 3420 vidit
1199 3366 1383 3434 procul
1431 3379 1645 3416 onmem
1677 3367 1892 3416 latere—

307 3452 521 3506 gionem
570 3437 784 3506 plenam
819 3437 1196 3503 cadaveribus,
1228 3452 1328 3492 nec
1371 3450 1659 3504 superesse
1694 3449 1891 3503 quent-

304 3524 493 3580 quam,
521 3511 612 3580 qui
637 3523 824 3580 necem
851 3509 1112 3578 potuisset
1136 3509 1386 3564 evadere.

385 3577 696 3651 Viuit—ergo
729 3579 1014 3650 Josapbat,
1047 3589 1103 3636 et
1132 3582 1311 3634 omnis
1356 3577 1586 3648 populus
1633 3591 1755 3631 cum
1799 3591 1888 3643 eo,

305 3650 375 3705 ad
424 3650 758 3707 detrahenda
811 3653 983 3721 spolia
1028 3664 1364 3706 mortuorum
1404 3669 1418 3705 :
1456 3651 1892 3718 inveneruutquc

310 3727 454 3778 inter
480 3724 750 3779 cadavera
775 3723 974 3778 variam
1005 3724 1422 3794 supellectilem,
1450 3730 1630 3794 vestes
1652 3735 1886 3794 qucque,

310 3803 368 3850 et
417 3810 544 3848 vasa
597 3795 1009 3864 prctio~issima,
1033 3793 1087 3850 et
1122 3796 1489 3866 diripuerunt,
1518 3793 1683 3866 itaut
1710 3793 1890 3866 onmia

311 3881 525 3935 portare
551 3863 920 3938 nonpossent,
946 3863 1043 3921 nec
1079 3882 1173 3936 per
1203 3863 1313 3922 lies
1339 3866 1456 3920 dies
1478 3863 1647 3934 spolia
1677 3863 1890 3919 auferre

311 3953 420 4008 pra:
459 3939 653 4008 paeda:
675 3939 1068 4009 magnitudine.

387 4006 482 4064 Die
512 4022 690 4065 autem
724 4006 919 4081 quarto
951 4009 1263 4081 tongrcgati
1301 4017 1427 4062 sunt
1465 4008 1516 4061 in
1550 4007 1690 4062 valle
1720 4006 1892 4062 Bene-

311 4080 807 4138 dictioniszetcnim
839 4080 1092 4153 quoniam
1118 4083 1188 4136 ibi
1221 4082 1612 4153 benedixerant
1638 4081 1888 4153 Domino,

312 4163 643 4208 vocaverunt
675 4151 871 4209 locum
897 4155 1047 4210 illum
1081 4153 1236 4209 vallis
1279 4151 1679 4208 Benedictionis
1722 4167 1892 4223 usque

307 4223 360 4279 in
394 4241 501 4292 pra:
532 4238 708 4281 cutem
741 4226 902 4281 diem.

384 4298 761 4368 lleversusqnc
797 4310 878 4352 est
917 4299 1093 4353 omnis
1132 4299 1214 4352 vir
1258 4296 1419 4360 Juda,
1453 4307 1509 4352 et
1553 4294 1891 4352 habitatores

309 4366 635 4434 Jerusalem,
660 4366 710 4423 et
753 4369 1014 4440 Josapbat
1044 4380 1168 4424 ante
1193 4384 1308 4432 eos,
1344 4371 1394 4423 in
1432 4368 1734 4424 Jerusalem
1766 4383 1889 4422 cum

310 4442 499 4493 lzetitia
540 4455 751 4509 magna.
778 4456 843 4496 eo
873 4444 1014 4511 quod
1057 4441 1296 4496 dedisset
1329 4443 1410 4496 eis
1451 4441 1714 4496 Dominus
1756 4455 1888 4510 glu-

308 4511 456 4566 dium
486 4512 553 4566 de
582 4511 812 4566 inimicis
841 4516 974 4566 suis.

382 4582 722 4652 Ingressiquc
763 4591 888 4636 sunt
929 4584 1232 4638 Jerusalem
1265 4597 1388 4636 eum
1431 4582 1704 4653 psalteriis
1729 4589 1785 4636 et
1813 4581 1891 4636 ci-

260 4669 264 4673 ·
309 4653 501 4720 thar'rs,
525 4665 581 4708 et
613 4655 775 4720 tubis,
811 4656 862 4709 in
899 4655 1118 4710 domum
1155 4656 1388 4710 Domini.

383 4726 540 4781 lrruit
569 4736 748 4781 autem
795 4742 963 4796 pavor
994 4726 1206 4781 Domini
1239 4740 1402 4796 super
1430 4724 1679 4780 universa
1721 4739 1886 4794 regna

310 4806 596 4862 terrarum,
637 4814 758 4853 ettm
795 4799 1076 4858 audiSsent
1109 4798 1255 4870 quod
1299 4805 1590 4868 pugnasset
1629 4796 1888 4852 Dominus

307 4880 497 4924 contra
517 4871 764 4926 inimicos
793 4870 976 4926 Israel.

381 4940 701 5013 Quievitque
731 4959 952 5014 regnum
999 4941 1280 5013 Josaphat,
1310 4949 1366 4998 et
1399 4938 1630 5012 praebuit
1659 4940 1708 4997 ei
1738 4939 1885 4997 Deus

307 5026 496 5085 pacein
527 5029 622 5085 per
646 5015 951 5074 circuitum.

381 5084 649 5156 Regnavit
677 5087 838 5156 igitur
867 5086 1126 5157 Josapbat
1149 5100 1312 5156 super
1331 5084 1549 5148 Judam.
1575 5092 1630 5141 et
1655 5091 1774 5141 erat
1796 5086 1892 5142 tri-

315 5156 463 5227 ginta
494 5159 730 5228 quinque
753 5156 1019 5214 annorum
1045 5175 1169 5214 cum
1199 5174 1428 5227 regnare
1453 5159 1738 5228 cmpisset:

373 5228 583 5354 lViginti
608 5227 788 5286 autem
820 5239 873 5285 et
900 5231 1140 5302 quinque
1174 5229 1329 5284 anuis
1359 5227 1605 5299 regnavit
1635 5229 1692 5284 iu
1728 5229 1892 5285 Jeru-

389 5312 495 5354 em.

305 5312 495 5358 salem.

379 5371 586 5444 ljlomen
613 5373 800 5428 matris
819 5371 938 5444 ejus
968 5373 1148 5428 Aznba
1181 5371 1292 5428 ﬁlia
1321 5370 1531 5428 Selahi.

383 5443 452 5498 Et
473 5444 772 5499 ambulavit
803 5442 859 5499 in
887 5445 968 5500 via
997 5446 1166 5514 patris
1192 5445 1273 5499 sui
1304 5446 1430 5511 Asa,
1465 5457 1564 5498 nec
1594 5442 1892 5499 declinavit

309 5516 378 5572 ab
407 5530 495 5585 ea,
532 5517 732 5572 iaciens
761 5533 883 5588 qua:
915 5517 1106 5587 placita
1138 5527 1292 5572 erant
1320 5529 1504 5570 coram
1540 5515 1790 5571 Domino.

383 5668 410 5697 ⁸
436 5657 574 5714 Editi
606 5659 726 5714 libri
753 5673 875 5712 eum
908 5656 1116 5727 aliquot
1159 5669 1290 5710 mss.
1322 5696 1337 5720 ,
1369 5655 1503 5727 regis
1529 5653 1694 5708 Juda.
1717 5651 1907 5709 Canon

309 5729 666 5786 Memmianus
701 5732 829 5801 legit
883 5731 936 5783 in
966 5725 1244 5792 contextu,
1281 5727 1423 5801 regis
1461 5725 1626 5801 Juda,
1663 5729 1734 5801 in_
1765 5743 1907 5780 tuar-

307 5802 433 5871 gine
462 5818 612 5872 vero,
637 5797 827 5858 Israel.
862 5802 1054 5857 Plures
1083 5800 1529 5872 antiquioresque
1559 5797 1736 5852 Latini
1767 5813 1900 5853 mss.

309 5870 973 5933 Corisonatttllebt'at'orum
1002 5870 1308 5942 codicibus,
1336 5871 1424 5928 ubi
1445 5872 1674 5940 legimus
1698 5884 1902 5927 nomen

1917 4618 1970 4680 D

2001 494 2159 565 pulus
2192 508 2299 548 non
2342 494 2620 548 direxerat
2655 507 2753 562 cor
2791 507 2949 549 suum
2989 495 3058 550 ad
3099 497 3384 553 Dominum
3413 494 3585 556 Deum

1996 576 2206 637 patrum
2236 580 2482 621 suorum.

2064 636 2291 708 Reliqua
2323 648 2503 692 autem
2536 646 2812 708 gestorum
2839 637 3101 707 Josapbat
3133 639 3374 707 priorum
3407 649 3464 697 et
3487 657 3583 698 no.

1991 709 2364 784 vissimorum,
2393 710 2593 784 scripta
2633 721 2753 764 sunt
2794 711 3075 784 in_verbis
3109 711 3210 768 Jeu
3249 713 3344 769 lilii
3379 717 3577 784 Attuni,

1991 796 2112 852 quae
2143 782 2370 851 digessit
2392 782 2445 836 in
2475 781 2613 836 libro
2635 798 2822 851 regum
2854 781 3041 838 Israel.

2065 853 2197 906 Post
2228 854 2343 907 hrec
2381 853 2812 925 iniitiamicitias
2857 854 3120 925 Josaphat
3162 871 3258 912 rex
3285 856 3422 913 Juda
3454 874 3578 914 cum

1994 924 2195 997 Olmzia
2226 939 2355 993 rege
2379 923 2565 997 Israel,
2589 925 2745 997 cujus
2775 941 2938 996 opera
2975 923 3192 982 luerunt
3227 930 3574 997 impiissima.

2067 995 2132 1050 Et
2162 997 2429 1069 particeps
2462 996 2672 1062 luit,vut
2710 995 2948 1052 lacerent
2984 1014 3171 1063 naves,
3201 995 3321 1069 qtuc
3359 1004 3498 1057 irent
3523 1005 3575 1057 in

1995 1066 2224 1140 Tharsis
2245 1082 2257 1118 :
2295 1068 2904 1140 lccerttutqueielassem
2937 1071 2988 1122 in
3013 1066 3370 1140 Asiongaber.

2065 1137 2417 1207 PrOphetavit
2438 1149 2619 1193 autem
2655 1139 2866 1194 Eli'ezer
2897 1141 3040 1195 lilins
3067 1137 3288 1198 Dodoau
3312 1147 3378 1199 de
3404 1145 3573 1200 Mare-

1991 1225 2049 1264 sa
2097 1211 2163 1264 ad
2201 1209 2482 1280 Josaphat,
2517 1211 2742 1266 dicens:
2772 1212 2908 1279 Quia
2964 1213 3197 1268 habuisti
3233 1215 3409 1271 l'asdus
3453 1233 3574 1272 cum

1991 1281 2220 1346 Ohozia,
2252 1282 2522 1349 percussit
2551 1282 2823 1360 Dominus
2855 1295 3197 1360 opera__tna.g
3222 1291 3580 1360 contritteqno

1993 1364 2119 1410 sunt
2149 1368 2335 1409 naves.
2372 1367 2471 1408 nec
2499 1363 2791 1420 pctuerunt
2814 1357 2890 1411 ire
2919 1357 2970 1412 in
3005 1355 3252 1416 Tharsis.

2066 1425 2217 1501 [ϐαρ.
2244 1424 2417 1497 XXI]
2452 1426 2719 1501 Dormivit
2743 1436 2924 1501 autem
2964 1428 3228 1496 Josaphat
3255 1446 3376 1484 cum
3409 1432 3576 1501 patri-

1992 1497 2092 1552 bus
2121 1498 2251 1561 suis,
2283 1508 2338 1552 et
2369 1498 2609 1567 sepultus
2631 1510 2714 1552 est
2735 1515 2855 1553 eum
2881 1499 2960 1555 eis
2989 1501 3038 1553 in
3063 1503 3284 1557 civitate
3314 1497 3504 1558 David.

2066 1569 2439 1642 Regnavitque
2462 1568 2652 1642 Joram
2684 1570 2831 1626 ﬁlius
2858 1573 2975 1639 ejus
3007 1586 3108 1640 pro
3136 1588 3222 1628 eo.
3255 1573 3355 1642 Qui
3389 1573 3578 1631 habuit

1993 1639 2209 1707 fratres,
2257 1640 2399 1696 lilios
2451 1639 2729 1710 Josaphat,
2765 1639 3039 1709 Azariatu,
3082 1655 3137 1698 ct
3180 1639 3340 1708 Jaiél,
3374 1656 3431 1700 et
3478 1646 3580 1702 Za-

1993 1713 2263 1788 chariam,
2315 1715 2693 1788 et_gA_zaria_m,
2739 1724 2794 1769 et
2824 1715 3088 1788 Michael,
3138 1725 3194 1772 et
3239 1717 3578 1788 Saphatiam,

1994 1797 2184 1838 omnes
2213 1786 2289 1846 bi,
2318 1784 2407 1839 lilii
2433 1783 2694 1852 Josaphat
2724 1786 2866 1855 regis
2892 1795 2917 1823 ³
2951 1783 3141 1842 Israel.

2068 1855 2328 1929 Deditquc
2373 1856 2473 1929 eis
2500 1868 2651 1929 pater
2695 1873 2824 1911 suus
2868 1861 3036 1912 multa
3093 1875 3314 1916 munera
3344 1861 3576 1929 argenti,

1992 1937 2047 1982 et
2071 1927 2212 1992 auri,
2244 1936 2298 1981 et
2328 1928 2740 1995 pensitationes,
2773 1944 2897 1983 eum
2925 1929 3235 1984 cititatihus
3271 1927 3572 1988 munitissi-

1993 1997 2197 2071 mis_iu
2244 1998 2436 2071 Judaj:
2483 2013 2704 2071 regnum
2751 2009 2930 2055 autem
2982 2002 3208 2056 tradidit
3250 2003 3457 2071 Joram,
3509 2021 3577 2060 ea

1992 2068 2136 2141 quod
2163 2078 2307 2124 esset
2335 2069 2743 2141 primogenitus.

2066 2141 2454 2209 Surrexitergo
2479 2140 2659 2196 Joram
2673 2156 2837 2212 super
2860 2157 3078 2214 regnum
3107 2143 3276 2214 patris
3297 2147 3376 2201 sui
3401 2162 3582 2203 :cum-

1995 2227 2101 2284 que
2156 2226 2217 2268 se
2268 2215 2663 2279 conﬁrmasset,
2708 2213 3150 2272 occidit’omne’s
3205 2217 3400 2273 fratres
3451 2234 3579 2275 suos

1991 2284 2195 2356 gladio,
2226 2296 2282 2340 et
2309 2284 2574 2355 quosdam
2607 2286 2674 2340 de
2709 2287 3041 2356 principibus
3071 2288 3253 2344 Israel.

2062 2355 2301 2432 Triginta
2329 2358 2558 2411 duorum
2586 2370 2854 2432 annorum
2882 2355 3200 2414 eratJoram
3233 2375 3356 2416 cum
3389 2377 3583 2432 regna-

1992 2443 2052 2484 re
2080 2428 2358 2496 caspisset,
2393 2437 2448 2482 et
2478 2436 2600 2483 octo
2631 2431 2788 2483 antiis
2823 2433 3067 2498 regnavit
3094 2433 3144 2484 in
3173 2428 3502 2488 Jcrthalrn't.

2063 2501 2563 2574 Ambulavitqueuin
2605 2500 2707 2574 viis
2757 2502 3163 2574 regumlsrael,
3204 2505 3344 2558 sicut
3395 2516 3584 2574 egerat

1991 2572 2189 2646 domus
2232 2571 2386 2646 Ahab
2420 2589 2432 2624 :
2467 2571 2572 2625 ﬁlia
2603 2572 2802 2646 quippe
2835 2573 2986 2646 Ahah
3015 2582 3135 2628 erat
3164 2591 3302 2630 uxor
3349 2571 3488 2646 ejus,
3525 2590 3580 2634 et

1991 2643 2120 2699 fecit
2146 2643 2343 2698 malum
2364 2643 2419 2697 in
2442 2655 2741 2713 conspectu
2768 2644 2998 2699 Domini.

2062 2715 2243 2770 Noluit
2272 2726 2450 2769 autem
2487 2715 2745 2787 Dominus
2778 2715 3102 2786 diSperdere
3130 2718 3350 2773 domum
3383 2718 3576 2787 David,

1992 2795 2211 2857 propter
2245 2794 2457 2861 pactum
2484 2785 2627 2861 quod
2653 2789 2846 2842 inierat
2876 2785 3110 2861 ettmeo,
3135 2800 3191 2861 et
3220 2793 3342 2861 quia
3377 2785 3581 2860 promi-

1991 2868 2138 2914 serat
2169 2867 2227 2914 ut
2266 2858 2418 2914 daret
2449 2860 2498 2914 ei
2530 2859 2830 2926 lucernam,
2863 2869 2919 2914 et
2947 2859 3072 2916 ﬁliis
3104 2858 3411 2932 ejus'ontni
3444 2871 3581 2920 tem-

1994 2945 2146 3000 pore.

2065 3002 2120 3057 In
2149 3002 2338 3057 diebus
2365 3001 2472 3057 illis
2506 3002 2798 3058 rebellavit
2828 3003 3024 3071 Edom,
3053 3019 3120 3060 ne
3159 3013 3305 3063 esset
3332 3005 3583 3065 subditus

1991 3073 2164 3139 Juda}.
2195 3086 2248 3128 et
2274 3076 2556 3147 constituit
2583 3076 2683 3129 sibi
2714 3091 2917 3147 regem.

2067 3147 2313 3215 Cumque
2354 3146 2636 3202 transisset
2675 3146 2860 3202 Joram
2897 3164 3019 3203 cum
3067 3149 3404 3220 principibus
3441 3151 3579 3217 suis,

1917 3217 1964 3280 C
1993 3227 2047 3274 et
2089 3227 2286 3273 cuncto
2315 3219 2557 3287 equitatu
2588 3220 2679 3289 qui
2715 3231 2832 3274 erat
2874 3217 3084 3289 secum,
3117 3217 3357 3277 surrexit
3398 3233 3576 3289 nocte,

1995 3301 2050 3344 et
2081 3289 2352 3360 percussit
2380 3290 2572 3360 Edom,
2605 3292 2695 3361 qui
2724 3305 2785 3347 se
2815 3291 3271 3361 circumdederat,
3304 3303 3360 3350 et
3385 3309 3576 3352 omnes

1995 3363 2161 3417 duces
2191 3361 2460 3431 equitatus
2495 3364 2633 3429 ejus.

2067 3437 2319 3490 Attamen
2359 3433 2647 3489 rebellavit
2695 3433 2892 3500 Edam,
2929 3450 3000 3491 nc
3045 3443 3193 3492 esset
3221 3435 3324 3492 sub
3370 3438 3578 3495 ditione

1996 3505 2156 3567 Juda,
2185 3520 2354 3576 usque
2385 3506 2450 3559 ad
2481 3507 2620 3560 hanc
2646 3505 2790 3561 diem
2828 3525 2842 3560 :

1994 3579 2144 3705 Ἥβη
2169 3585 2413 3647 tempore
2441 3586 2496 3633 et
2523 3577 2712 3632 Lobna
2743 3579 2990 3648 recessit,
3018 3594 3086 3635 ne
3113 3588 3260 3636 esset
3291 3580 3394 3637 sub
3422 3597 3583 3638 manu

1994 3665 2008 3704 ι
2059 3665 2162 3704 llis.

1994 3665 2162 3704 IlllllS.

2066 3719 2442 3790 Dereliqucrat
2481 3719 2627 3776 enim
2665 3720 2950 3778 Dominum
2993 3723 3164 3778 Deum
3204 3732 3414 3790 patrum
3446 3739 3579 3780 suo-

1995 3809 2111 3847 rum
2148 3811 2160 3846 :
2197 3795 2416 3861 insuper
2459 3801 2514 3848 et
2559 3795 2775 3848 excelsa
2818 3795 3114 3849 labriCatus
3145 3803 3230 3849 est
3261 3798 3312 3850 iu
3352 3799 3576 3852 urbibus

1992 3864 2154 3925 Juda.
2191 3873 2247 3918 et
2295 3863 2548 3919 fornicari
2601 3865 2729 3921 fecit
2781 3867 3112 3922 habitatores
3157 3865 3488 3934 Jerusalem,
3528 3880 3584 3924 et

1995 3937 2341 4009 pratvaricari
2370 3935 2587 3991 Judatn.

2068 4009 2254 4062 Allate
2281 4016 2405 4062 sunt
2433 4019 2616 4063 autem
2653 4009 2702 4064 ei
2733 4008 2930 4067 littera:
2958 4010 3026 4066 ab
3047 4010 3164 4066 Elia
3194 4010 3480 4082 prOpheta,
3526 4013 3581 4069 itt

1991 4081 2190 4153 quibus
2219 4082 2478 4148 scriptum
2510 4091 2626 4136 erat
2662 4098 2702 4153 :77
3014 4152 3023 4153 ί
3202 4081 3207 4082 “
3298 4081 3311 4082 ί
3509 4123 3518 4134 .

2066 4153 2192 4208 Haec
2235 4153 2366 4206 dicit
2397 4153 2656 4208 Dominus
2687 4152 2831 4208 Deus
2863 4152 3028 4207 David
3071 4154 3244 4224 patris
3281 4157 3354 4210 tui
3392 4155 3584 4222 πριιιι-

1996 4225 2140 4278 niam
2171 4239 2276 4278 non
2303 4224 2596 4278 ambulasti
2621 4225 2674 4279 in
2705 4225 2806 4284 viis
2833 4225 3097 4290 Josaphat
3130 4227 3295 4291 patris
3327 4226 3423 4294 tui,
3451 4229 3581 4282 etin

1994 4297 2095 4368 viis
2143 4299 2246 4351 Asa
2296 4297 2438 4368 regis
2467 4294 2630 4368 Indi,
2660 4299 2755 4368 sed
2802 4295 3075 4368 incessisti
3124 4299 3343 4368 periter
3391 4314 3579 4368 regunt

1994 4367 2179 4434 Israel,
2208 4379 2260 4422 ct
2293 4366 2547 4422 fornicari
2586 4367 2757 4420 fecisti
2799 4367 3019 4430 .lndam,
3052 4375 3108 4420 et
3137 4366 3577 4424 habitatoresJe-

1993 4441 2251 4502 rusaletn,
2283 4438 2524 4493 imitatus
2557 4438 2968 4492 fornicationem
2995 4439 3188 4494 domus
3215 4442 3390 4507 Ahab,
3424 4443 3575 4496 insu-

1996 4527 2092 4580 per
2121 4522 2176 4564 et
2217 4511 2410 4580 l'ratres
2441 4520 2582 4574 tuos,
2612 4510 2831 4563 dumntu
2873 4515 3042 4576 patris
3071 4510 3170 4571 tui.
3206 4514 3460 4567 meliores
3503 4525 3578 4577 te,

1995 4579 2264 4648 occidisti,
2289 4595 2415 4654 ecce
2467 4581 2726 4654 Dominus
2757 4581 3030 4650 percutiet
3070 4590 3124 4637 tc
3169 4585 3320 4654 plaga
3366 4600 3578 4654 magna,

1994 4667 2116 4708 cum
2148 4653 2346 4722 populo
2379 4663 2492 4719 tuo,
2518 4661 2572 4707 et
2599 4652 2743 4720 liliis,
2773 4662 2828 4708 ct
2855 4654 3116 4708 uxoribus
3145 4652 3280 4721 tuis,
3305 4652 3586 4714 universa-

1993 4740 2105 4796 que
2121 4724 2420 4780 substantia
2450 4733 2558 4778 tua.

2065 4795 2146 4851 Tu
2171 4805 2348 4852 autent
2373 4794 2664 4866 aagrotabis
2692 4797 2928 4866 pessimo
2950 4796 3209 4867 languore
3236 4798 3589 4864 uteri,donec

1993 4868 2338 4940 egrediantur
2369 4869 2548 4924 vitalia
2578 4878 2666 4940 tua
2701 4868 2960 4936 paulatim
2983 4885 3078 4939 per
3110 4869 3228 4923 dies
3247 4871 3512 4940 singulos.

2066 4939 2362 5013 Suscitavit
2401 4955 2532 5012 ergo
2575 4939 2836 4995 Dominus
2881 4950 3087 5013 contra
3113 4941 3296 4997 Jt-ram
3342 4939 3589 5013 Spiritum

1993 5011 2537 5078 Philistbinorum,et
2566 5013 2824 5076 Arabum,
2848 5013 2937 5079 qui
2959 5011 3206 5069 conﬁnes
3233 5011 3592 5070 suun/Euno-

1999 5083 2181 5155 pibus.
2232 5081 2296 5140 Et
2327 5084 2694 5140 ascenderunt
2741 5084 2795 5146 in
2837 5093 3039 5139 terram
3069 5083 3226 5147 Juda.
3259 5093 3314 5141 et
3344 5093 3592 5142 vastave-

1996 5165 2124 5230 runt
2148 5171 2287 5222 eam,
2318 5156 2764 5230 diripueruntque
2791 5168 3040 5211 eunetam
3065 5157 3446 5228 substantiam,
3471 5174 3592 5230 qua)

1998 5229 2214 5283 inventa
2250 5239 2336 5282 est
2366 5228 2426 5299 in
2449 5229 2618 5299 domo
2639 5228 2802 5299 regis.
3303 5290 3321 5299 ο

2069 5299 2295 5371 Insuper
2322 5308 2379 5371 et
2405 5298 2548 5355 ﬁlios
2576 5298 2718 5369 ejus,
2743 5307 2799 5354 et
2838 5314 3039 5356 uxores
3062 5318 3077 5358 ι
3113 5314 3215 5356 nec
3255 5298 3518 5358 remansit
3544 5303 3595 5357 ci

1996 5370 2158 5439 ﬁlius,
2188 5369 2292 5426 nisi
2316 5369 2542 5444 Joahaz,
2573 5372 2664 5444 qui
2689 5371 2944 5428 minimus
2974 5381 3101 5427 natu
3138 5383 3273 5428 erat.

2071 5445 2140 5497 Et
2167 5457 2330 5512 super
2357 5443 2474 5499 haec
2502 5445 2684 5500 omnia
2715 5445 2980 5516 percussit
3023 5461 3147 5501 eum
3189 5444 3448 5501 Dominus
3489 5445 3595 5502 alvi

1997 5513 2260 5587 languore
2289 5516 2595 5572 insanabili.

2019 5656 2209 5724 Israel,
2237 5665 2346 5712 tam
2370 5657 2422 5712 in
2449 5656 2662 5714 excusis
2685 5671 2847 5728 quam
2881 5657 2934 5712 in
2968 5671 3097 5713 mss.
3126 5638 3314 5718 Summ
3341 5640 3468 5742 Τίδῇ
3501 5677 3606 5715 me-

2010 5749 2121 5823 lecli
2152 5747 2338 5823 Israel.
2371 5748 2997 5823 Iasltancdilﬁeultatem
3024 5752 3269 5823 consulat
3290 5753 3380 5823 qui
3413 5753 3600 5811 volue-

2007 5821 2080 5879 rit
2107 5821 2381 5880 volumina
2407 5821 2730 5880 Criticorum
2759 5835 3067 5882 sacrorum.
3094 5821 3271 5878 Maur.

3505 5913 3584 5924 -ολ
