4112 6354
554 305 695 365 I533

1549 299 1608 358 S.
1651 297 2031 356 IIIIQRONYBII
2071 296 2304 355 DIVINA
2344 298 2828 356 BlBLIOTIIEC.\.

3727 301 3892 359 1584

625 425 869 495 Cumque
897 421 1005 478 diei
1045 422 1364 478 succederet
1399 419 1536 489 dies,
1567 429 1621 495 et
1649 429 1950 491 temporum
1981 421 2150 495 spatia
2179 423 2230 483 Α
2257 419 2325 495 de
2367 420 2577 495 cunctis
2627 421 2850 476 urbibus
2881 420 3039 495 Juda,
3093 429 3149 477 et
3205 422 3480 494 principes
3528 423 3888 479 familiarum

553 492 917 555 volvereiitttr,
947 495 1175 548 duorum
1207 509 1469 548 annorum
1495 492 1746 563 expletus
1768 502 1851 546 est
1879 493 2146 546 circulus:

555 581 609 626 el
638 570 718 626 sic
746 569 901 637 longa
929 579 1278 635 Consumptus
1311 566 1452 627 tabe,
1488 565 1574 637 ita,
1611 575 1667 617 ut
1699 575 1944 634 egereret
1985 565 2146 618 etiam

556 643 764 696 viscera
788 636 903 701 sua,
937 637 1196 707 languore
1221 637 1424 704 pariter
1452 644 1506 690 et
1529 636 1636 690 vita
1665 648 1858 689 caruit.

630 713 981 778 Mortuusque
1007 706 1088 762 est
1113 708 1166 762 itt
1198 709 1518 763 inﬁrmitate
1549 709 1806 778 pessima,
1843 716 1898 761 et
1930 722 2034 760 non
2068 706 2148 761 fe-

553 785 626 840 cit
655 785 702 838 ei
729 780 959 854 poimltts
981 780 1281 854 secundum
1301 795 1504 854 morem
1539 779 1948 854 combustiouis,
1983 793 2148 834 exse-

557 851 741 928 quius,
761 854 905 928 sicut
922 851 1141 928 fecerat
1180 851 1493 928 majoribus“
1506 851 1642 928 ejus.

628 924 868 995 Triginta
901 925 1132 978 duorum
1173 939 1435 978 annorum
1471 922 1586 995 fuit.
1633 938 1753 976 cum
1789 937 2012 994 regnare
2041 936 2151 978 coc-

557 994 744 1070 pisset,
778 1008 832 1070 et
863 1007 984 1070 octo
1015 999 1168 1049 annis
1201 995 1446 1065 regnavit
1471 995 1524 1047 in
1548 994 1873 1070 Jerusalem.

632 1069 1045 1136 Ambulavitque
1098 1082 1204 1121 non
1236 1075 1402 1136 recte,
1438 1075 1490 1120 et
1537 1069 1865 1134 sepelierunt
1914 1079 2037 1120 eum
2097 1065 2164 1120 in.

555 1141 773 1196 civitate
804 1140 967 1193 David
998 1157 1009 1192 :
1043 1148 1413 1193 verumtamen
1450 1151 1553 1191 non
1587 1138 1640 1191 in
1668 1138 1916 1202 sepuliro
1939 1152 2151 1206 regum.

639 1211 790 1284 |Cup.
808 1209 999 1282 XXII.)
1018 1208 1626 1284 Constituernutantem
1659 1209 2152 1263 Labitatorechru-

554 1281 1000 1340 salemUlioziaui
1031 1282 1195 1336 ﬁlium
1227 1281 1346 1351 ejus
1375 1281 1678 1343 minimum,
1704 1295 1883 1350 regem
1914 1296 2008 1348 pro
2038 1295 2106 1336 eo
2134 1295 2150 1334 :

628 1356 831 1411 Omnes
861 1354 1001 1408 enim
1027 1353 1263 1424 majores
1294 1365 1444 1418 natu,
1476 1355 1566 1422 qui
1608 1360 1733 1424 ante
1763 1369 1882 1406 eum
1914 1353 2150 1421 fuerant,

559 1429 942 1483 interfecerant
971 1423 1213 1481 latrones
1245 1425 1504 1489 Arabum,
1540 1424 1633 1494 qui
1675 1423 1950 1478 irruerant
1983 1439 2153 1490 inca-

551 1508 660 1556 stra
671 1539 684 1554 .

629 1569 1001 1641 Regnavitque
1036 1569 1268 1623 Obnzias
1297 1568 1439 1630 ﬁlius
1468 1565 1649 1622 Joram
1679 1567 1823 1641 regis
1848 1565 2006 1622 Juda.

627 1638 991 1712 Quadraginta
1022 1642 1248 1696 duorum
1278 1655 1545 1694 annorum
1593 1648 1708 1691 erat
1756 1638 1988 1712 Oliozias
2031 1653 2153 1693 cum

555 1710 783 1786 regnare
809 1710 1085 1783 cmpisset,
1118 1726 1172 1768 et
1217 1728 1324 1786 uno
1353 1726 1498 1786 anno
1531 1715 1791 1786 regnavit
1834 1712 1908 1786 iu_
1935 1710 2157 1766 Jerusa-

557 1781 686 1852 lem,
711 1796 766 1841 et
801 1781 998 1840 nomen
1028 1785 1215 1838 tnatris
1245 1785 1362 1851 ejus
1386 1782 1597 1836 Athalza
1625 1782 1727 1836 ﬁlia
1758 1781 1932 1836 Antri.

627 1851 732 1914 sed
762 1867 827 1924 et
860 1851 988 1927 ipse
1020 1858 1297 1925 ingressus
1336 1867 1418 1910 est
1449 1872 1544 1923 per
1594 1869 1708 1906 vias
1735 1855 1930 1908 domus
1958 1852 2151 1907 Altab:

558 1941 734 1984 mater
759 1929 903 1984 enim
937 1930 1052 1998 ejus
1084 1928 1295 1996 impulit
1324 1942 1472 1989 eunt,
1505 1935 1558 1978 iit
1591 1927 1752 1998 impii:
1785 1940 1988 1992 ageret.

629 2001 778 2057 Fecit
801 1995 1187 2070 igiturvtnaluui
1221 2002 1270 2050 in
1303 2005 1596 2066 conspectu
1625 1997 1853 2070 Domini,
1892 1999 2030 2050 sicut
2058 1995 2156 2050 do-

559 2088 677 2127 mus
729 2068 884 2126 Aliab
933 2088 945 2124 :
1005 2071 1106 2137 ipsi
1148 2070 1290 2124 enini
1339 2071 1556 2121 fui-runt
1605 2068 1652 2120 ci
1697 2069 1991 2123 Consiliarit
2036 2079 2154 2138 post

558 2155 789 2198 mortem
823 2143 989 2212 patris
1017 2145 1125 2207 sui,
1159 2147 1209 2194 in
1241 2142 1516 2194 interitum
1541 2138 1679 2207 ejus.

628 2210 1048 2280 Atnbttl—avitque
1080 2215 1130 2266 iu
1159 2213 1400 2266 consiliis
1430 2226 1639 2264 eorum.
1681 2210 1745 2263 Et
1770 2210 2007 2279 perrexit
2030 2226 2151 2265 eum

553 2286 735 2342 Joram
772 2286 882 2339 ﬁlio
913 2284 1067 2340 Ahab
1098 2299 1219 2353 rege
1252 2283 1440 2345 Israel,
1465 2282 1516 2336 in
1539 2282 1738 2335 bellum
1766 2291 1954 2337 contra
1984 2283 2150 2338 Azael

556 2374 737 2428 regem
770 2357 940 2428 Syria!
973 2359 1023 2408 iit
1054 2355 1281 2428 “alIlOIll
1314 2354 1513 2428 Galaad
1543 2371 1555 2405 :

633 2424 1173 2497 Vulneraveruntque
1203 2427 1324 2496 Syri
1361 2425 1568 2480 Joram.
1622 2424 1722 2490 Qui
1759 2439 2010 2484 reversus
2042 2435 2147 2494 est,

553 2511 613 2556 ιιι
642 2508 928 2555 curaretur
957 2498 1008 2553 iu
1053 2499 1266 2553 Jezrael
1299 2515 1312 2550 :
1345 2497 1543 2552 inultas
1584 2512 1728 2551 enim
1776 2496 1960 2568 plagas
1994 2515 2152 2554 accc-

555 2584 707 2644 perat
739 2573 791 2626 iu
816 2570 1475 2644 supradictocertamine.
1663 2639 1675 2644 _
1740 2639 1751 2644 _
1871 2594 1874 2595 ν

628 2644 796 2713 Igitur
823 2639 1055 2699 Uliozias
1105 2641 1245 2696 ﬁlius
1274 2642 1455 2695 Joram
1483 2655 1626 2713 rete
1651 2639 1811 2713 Juda,
1871 2639 2154 2696 descendit

553 2725 610 2770 ut
653 2710 917 2770 inviseret
961 2714 1146 2770 Joratn
1210 2713 1374 2766 liliuttt
1430 2712 1584 2767 Aliab
1616 2710 1670 2765 itt
1721 2710 1930 2768 Jezracl
1978 2731 2151 2784 tegi-«.-

555 2795 781 2842 tantem.

626 2859 932 2915 Voluntatis
961 2855 1160 2928 quippe
1191 2855 1290 2912 fuit
1339 2855 1432 2911 Dei
1470 2853 1737 2910 adversus
1769 2853 2050 2924 Oboziam,
2093 2866 2152 2912 ut

552 2931 766 2987 veniret
793 2930 859 2984 ad
889 2931 1070 2985 Juram
1098 2946 1111 2983 :

626 3006 695 3058 Et
714 3018 837 3057 cum
863 3001 1118 3069 vcuiSsct,
1151 3008 1208 3055 et
1237 2998 1596 3071 egrederetur
1622 3012 1744 3052 cum
1769 3013 1838 3053 eo
1860 2999 2144 3054 adversmu

551 3073 649 3130 .Ieu
689 3073 855 3129 filium
896 3072 1100 3142 Namsi,
1147 3070 1306 3143 quem
1339 3075 1491 3126 unxit
1521 3070 1800 3136 Dominus,
1857 3079 1915 3126 ut
1943 3071 2152 3126 deleret

552 3149 771 3202 domum
815 3145 992 3200 Altab.

2264 489 2460 559 Israel,
2496 501 2877 560 veneruntquc
2911 492 2964 548 in
2995 489 3320 548 Jerusalem.

2325 563 2448 617 Iniit
2474 579 2602 631 ergo
2632 567 2808 620 omnis
2839 564 3130 619 multitudo
3179 578 3392 632 pactum
3449 567 3502 622 in
3555 567 3722 623 domo
3779 566 3886 622 Dci

2254 639 2552 704 cumrege,
2577 636 2820 704 dixitque
2843 639 2906 689 ad
2937 652 3031 692 eos
3055 635 3242 690 .Ioiada
3271 655 3283 691 :

2327 705 2466 760 Ecce
2492 706 2632 760 ﬁlius
2667 712 2806 773 regis
2836 707 3105 779 regnabit,
3136 709 3277 764 sicut
3307 710 3521 767 locutus
3556 720 3640 766 est
3681 710 3890 766 Domi-

2257 792 2357 832 nus
2391 793 2554 848 super
2582 779 2718 833 ﬁlios
2748 779 2944 834 DaVId.

2329 849 2435 903 Iste
2461 860 2543 922 est
2570 865 2700 919 ergo
2726 865 2912 905 sermo
2936 867 3095 922 quem
3135 851 3348 907 facietis
3374 871 3388 908 :

2327 921 2510 994 'l‘eitia
2539 936 2664 990 pars
2690 921 2967 990 vestrum,
3001 925 3090 994 qui
3144 927 3366 980 veniunt
3412 924 3478 978 ad
3539 923 3878 991 Sabbatum,

2254 993 2595 1074 sacerdotum
2639 1004 2695 1049 et
2721 995 3028 1050 Levitarum
3070 1007 3124 1051 et
3150 995 3472 1065 jauitorum,
3508 996 3613 1051 erit
3653 997 3708 1051 in
3742 1012 3881 1066 por-

2257 1074 2323 1118 IIS
2357 1081 2368 1115 ε

2327 1133 2506 1208 Τριυιὶτι
2533 1152 2666 1192 vero
2695 1153 2818 1207 pars
2847 1138 2912 1192 ad
2945 1137 3168 1192 domum
3208 1139 3352 1208 regis
3382 1156 3396 1192 :

2332 1207 2397 1280 Ijlt
2436 1209 2592 1262 tertia
2620 1211 2685 1262 ad
2717 1221 2947 1277 portam,
2973 1227 3096 1280 qua:
3121 1207 3424 1280 appellatur
3452 1210 3827 1266 Fundamenti
3855 1229 3870 1268 :

2315 1277 2498 1361 .Otnne
2521 1294 2650 1335 vero
2677 1281 2944 1352 reliquum
2968 1277 3249 1352 v'ulgtis'sit
3279 1284 3330 1336 in
3361 1287 3511 1341 atriis
3537 1288 3736 1340 domus
3762 1285 3878 1338 Do~

2257 1364 2411 1404 ιηιιιι.

2331 1419 2441 1495 Nec
2480 1422 2746 1494 quispiam
2794 1424 2934 1479 alius
2980 1423 3314 1495 ingrediatur
3360 1425 3580 1480 domum
3628 1429 3871 1488 Domini.

2259 1493 2362 1546 nisi
2411 1493 2744 1570 sacerdotes,
2777 1506 2832 1550 et
2858 1497 2969 1570 qui
3014 1493 3326 1552 ministrant
3372 1499 3442 1552 de
3492 1499 3732 1553 Levitis:
3767 1501 3873 1570 ipsi

2259 1566 2633 1620 tantummodo
2663 1569 3054 1637 ingrediantur,
3094 1571 3217 1638 quia
3251 1570 3572 1623 sanctiﬁcati
3606 1582 3738 1624 sunt
3769 1566 3875 1627 {et

2265 1650 2426 1709 omne
2454 1639 2719 1708 reliquum
2753 1639 2942 1709 vulgus
2964 1643 3209 1696 observet
3237 1641 3516 1695 custodias
3552 1643 3792 1696 Domini.
3855 1679 3858 1684 -

2337 1707 2540 1763 Levitae
2565 1707 2748 1765 autem
2780 1707 3118 1766 circumdent
3141 1727 3343 1782 regem,
3379 1712 3642 1767 habentes
3664 1714 3870 1780 Singuli

2265 1794 2541 1856 arina_sua
2573 1782 2717 1856 (etsi
2745 1785 2863 1852 quis
2893 1783 3034 1837 alius
3065 1785 3344 1854 ingressus
3377 1784 3539 1838 fuerit
3579 1787 3867 1856 templum,

2261 1850 2646 1976 illitcrﬁcialur)
2675 1871 2688 1907 :
2721 1850 2938 1924 sintque
2963 1871 3084 1910 cum
3117 1850 3243 1926 rege
3272 1866 3327 1910 ct
3357 1856 3594 1912 intrante
3616 1866 3675 1912 et
3694 1850 3870 1929 egi-e4

2301 1938 2467 1976 teme.

2301 1938 2467 1977 ICIIIO.

2331 1994 2598 2071 Fecerunt
2633 2011 2762 2065 ergo
2810 1997 3030 2071 Levitae,
3062 2007 3116 2053 et
3165 1999 3452 2071 universus
3496 1999 3660 2064 Juda,
3711 2001 3866 2071 juxta

2255 2067 2587 2142 omniaquae
2611 2082 2939 2140 prtecepcrat
2962 2070 3146 2125 Jniada
3173 2070 3360 2140 pootifi
3381 2086 3436 2135 ι,
3474 2081 3528 2126 et
3550 2067 3867 2142 assumpse-

2257 2147 2386 2213 runt
2415 2140 2609 2209 singuli
2644 2143 2787 2213 vires
2816 2143 2906 2210 qui
2934 2142 3038 2196 sub
3068 2157 3127 2196 se
3157 2153 3332 2208 erant,
3367 2152 3426 2196 et
3451 2140 3757 2198 veniebant
3777 2162 3869 2213 per

2255 2209 2503 2264 ordinent
2559 2212 2792 2277 sabbati,
2844 2229 2968 2268 cum
3018 2215 3101 2268 bis
3149 2215 3239 2284 qui
3272 2215 3633 2284 impleverant
3665 2209 3865 2271 sabba-

2259 2291 2392 2346 tum,
2429 2293 2483 2336 et
2513 2285 2785 2353 egressuti
2816 2293 2994 2339 erant.

2327 2353 2602 2423 Siquidem
2625 2355 2813 2410 .loiada
2845 2357 3081 2426 pontifex
3111 2372 3216 2411 non
3251 2356 3538 2412 dimiserat
3563 2358 3716 2413 abire
3747 2367 3862 2412 tur-

2258 2440 2397 2491 mas,
2439 2443 2558 2494 quae
2603 2425 2721 2482 sibi.
2757 2443 2853 2498 per
2883 2429 3122 2498 singulas
3155 2429 3525 2484 hebdomadas
3557 2432 3858 2486 succedere

2254 2507 2672 2554 cmisueveraut.

2333 2568 2597 2638 Detlitque
2641 2569 2828 2625 Joiada
2869 2571 3127 2628 sacerdos
3170 2573 3592 2628 centurionibus
3624 2575 3860 2642 lanceas,

2254 2640 2587 2712 clypeosque
2615 2651 2671 2696 et
2703 2645 2870 2709 peltas
2902 2645 3045 2712 regis
3090 2642 3279 2709 David,
3315 2660 3452 2713 quas
3493 2640 3857 2700 consecrare;

2255 2720 2342 2766 rat
2368 2717 2418 2766 in
2453 2713 2617 2768 domo
2652 2713 2887 2769 Domini.

2325 2781 2724 2856 Constituitque
2768 2801 2982 2840 onmem
3015 2787 3269 2857 populum
3322 2787 3624 2842 tenentium
3677 2792 3862 2856 pugio-

2255 2869 2375 2932 nes,
2411 2870 2441 2908 a
2481 2865 2631 2927 parte
2662 2857 2849 2932 templi
2869 2857 3091 2932 Achtra,
3124 2859 3403 2932 usquead
3434 2872 3642 2928 partem
3679 2863 3859 2924 templi

2253 2927 2552 2997 sinistram,
2599 2927 2784 2984 coram
2833 2929 3016 2996 altari,
3064 2939 3120 2986 et
3173 2927 3397 3000 templo,
3436 2927 3540 3001 iper
3569 2933 3858 2986 circuitum

2257 3013 2423 3068 regis.
3729 3061 3734 3065 .

2337 3071 2405 3124 Et
2432 3071 2738 3143 eduxerunt
2762 3070 2928 3126 ﬁlium
2973 3073 3142 3143 regis,
3171 3084 3226 3128 et
3255 3074 3628 3143 imposuerunt
3668 3074 3719 3131 ei
3750 3074 3862 3128 dia-

2255 3140 2497 3216 dema)
2532 3155 2588 3200 ct
2627 3144 3020 3210 testimonium,
3044 3140 3424 3214 dedernntque
3455 3149 3506 3201 in
3542 3163 3708 3201 manu
3737 3149 3856 3216 ejus

628 3221 760 3274 Cum
803 3232 934 3288 ergo
973 3215 1310 3272 subverteret
1343 3214 1440 3269 .leu
1477 3213 1697 3288 domum
1733 3212 1928 3288 Altab,
1951 3214 2150 3288 invenit
2179 3208 2226 3273 C
2259 3215 2549 3288 tenendam
2584 3217 2779 3286 legent,
2808 3227 2864 3270 et
2883 3208 3283 3272 constituerunt
3311 3208 3436 3272 eum
3461 3234 3642 3286 regem
3673 3235 3687 3270 :

551 3284 1010 3361 pritieipesrtl‘uda,
1035 3300 1083 3342 el
1122 3288 1261 3342 ﬁltos
1303 3288 1531 3361 fratrum
1569 3284 1812 3352 Obozite,
1841 3287 1933 3356 qui
1965 3287 2153 3342 minis-

553 3360 768 3418 tr.ib;iiit
798 3360 870 3425 ei,
897 3368 950 3415 ct
991 3361 1260 3416 interfecit
1291 3360 1431 3413 illos.

624 3436 912 3504 Ipsumque
946 3431 1264 3502 perquirens
1291 3431 1575 3497 Olioziam,
1621 3427 2035 3504 comprehendit
2068 3431 2114 3486 la
2135 3461 2149 3472 -

551 3502 798 3563 titantem
823 3502 903 3559 _in
938 3503 1180 3560 Samaria
1209 3521 1225 3560 :
1277 3503 1682 3572 adductutuque
1725 3502 1794 3556 ad
1821 3517 1901 3567 se,
1933 3505 2149 3568 occidit,

547 3589 604 3635 et
631 3578 964 3648 sepelierunt
991 3591 1112 3630 eum
1143 3592 1156 3629 :
1207 3589 1275 3629 eo
1295 3575 1439 3644 quod
1469 3585 1643 3648 esset
1667 3575 1814 3628 ﬁlius
1864 3575 2147 3648 Josapliat,

547 3645 1270 3722 qttiqitzcsieratDominum
1294 3649 1345 3700 in
1380 3655 1491 3700 tota
1519 3646 1682 3722 corde
1729 3661 1848 3700 suo.
1894 3645 2148 3722 Nceerat

549 3718 693 3778 ultra
743 3735 870 3792 Spes
911 3720 1111 3789 aliqua,
1155 3729 1216 3773 ut
1240 3718 1310 3772 de
1353 3722 1527 3788 Stirpe
1555 3721 1675 3788 quis
1721 3729 1973 3787 regnaret
2003 3718 2147 3773 Obo-

549 3811 668 3848 ZIJB.

621 3864 899 3937 Siquidem
931 3860 1139 3937 Atbalia
1171 3868 1344 3917 mater
1383 3860 1521 3930 ejus,
1572 3860 1945 3937 vidensquod
2000 3877 2144 3916 tuor-

550 3947 672 3994 tuus
700 3933 843 3994 esset
872 3936 1013 3990 ﬁlius
1037 3949 1190 3997 suos,
1219 3939 1476 3998 surrexit,
1523 3942 1578 3988 et
1618 3933 1888 3989 interfecit
1930 3949 2144 3989 onmem

549 4011 776 4079 stirpem
808 4010 1009 4079 regiam
1043 4007 1237 4079 domus
1265 4003 1469 4079 Joram.

621 4074 792 4138 Porro
816 4074 1074 4137 Jo'sabetli
1109 4078 1216 4131 lilia
1241 4076 1380 4144 regis
1411 4074 1528 4128 tulit
1554 4077 1681 4131 Joas
1713 4076 1876 4131 ﬁlium
1905 4075 2144 4146 Oltozim,

550 4163 606 4211 et
629 4157 798 4210 furata
831 4160 916 4208 est
944 4165 1069 4204 eum
1098 4149 1166 4202 dc
1205 4150 1387 4204 medio
1419 4147 1648 4201 ﬁliorum
1676 4147 1820 4216 regis
1845 4189 1859 4213 ,
1897 4165 2019 4202 cum
2067 4149 2149 4202 iu-

551 4225 930 4282 terﬁeerentur
960 4238 975 4275 :
1007 4221 1397 4291 :IDSCtzntIllqtlc
1427 4235 1548 4273 eum
1580 4233 1702 4274 cum
1730 4221 1942 4275 nutrice
1971 4235 2066 4275 sua
2093 4221 2144 4276 in

547 4298 796 4354 cubiculo
824 4294 1141 4351 Iectulorum
1171 4311 1182 4346 :

621 4369 880 4426 Jusabetlt
920 4374 1123 4430 autem,
1153 4379 1271 4434 qua:
1299 4362 1660 4418 abscoudeiat
1686 4377 1808 4416 cum
1842 4377 1854 4416 :
1886 4373 2004 4417 erat
2036 4361 2144 4418 ﬁlia

552 4443 695 4512 regis
723 4443 906 4512 .loram
939 4453 1091 4512 nitor
1119 4435 1321 4512 .Ioiada:
1358 4435 1645 4512 pontiﬁcis,
1701 4451 1856 4489 soror
1902 4434 2141 4502 Onoziae,

549 4507 837 4568 etvidcirco
866 4507 1078 4565 Athalia
1114 4524 1219 4561 non
1267 4509 1540 4562 interfecit
1567 4523 1712 4561 eum.

626 4585 744 4640 Fuit
776 4599 906 4653 ergo
950 4597 1070 4635 cum
1101 4579 1264 4653 eisin
1317 4581 1476 4653 domo
1524 4579 1615 4633 Dei
1648 4577 1996 4634 abscimditus
2041 4594 2136 4636 se:

547 4658 729 4723 annis,
757 4650 957 4726 quibus
972 4652 1219 4726 regnavit
1251 4650 1458 4705 Atbalii
1488 4665 1653 4726 super
1679 4659 1897 4705 terram.

623 4722 788 4800 [CapI
826 4723 1052 4800 XXIILL
1086 4729 1242 4777 Auno
1287 4736 1466 4800 autem
1518 4722 1751 4800 septimo
1801 4722 2138 4800 eoufortatus

549 4793 760 4866 Joiada,
791 4795 1079 4866 assumpsit
1103 4796 1469 4857 centuriones,
1503 4793 1750 4866 Azariam
1784 4794 2038 4850 videlicet
2078 4797 2139 4849 ﬁ-

550 4874 682 4929 lium
711 4865 989 4934 .Ieroltam,
1023 4875 1078 4922 et
1104 4866 1295 4921 Ismael
1325 4867 1493 4920 ﬁlium
1517 4865 1787 4932 .Iohanan,
1833 4876 1856 4904 ει
1888 4867 2136 4922 Azariam

548 4959 763 5015 quoque
809 4942 976 5015 ﬁlium
1024 4937 1196 5015 Q_bed,
1227 4947 1287 5015 _ct
1317 4938 1569 5015 Maasiam
1620 4936 2035 5015 Iilitttn_At_laitn,
2086 4951 2141 4995 ct

548 5009 830 5086 Elisapbat
853 5014 1019 5067 ﬁlium
1050 5009 1240 5086 'Lecliri
1262 5027 1286 5086 _:
1311 5019 1366 5064 et
1394 5010 1510 5064 iniit
1540 5023 1660 5063 cum
1687 5010 1766 5064 eis
1796 5009 1988 5086 finitus.

619 5081 722 5155 Qui
751 5085 1144 5144 circumeuntes
1172 5081 1388 5148 ludam,
1419 5093 1881 5152 congregaveruot
1922 5081 2142 5140 Levitas

625 5304 650 5332 ιι
683 5293 945 5348 Intactum
985 5289 1318 5363 reliquimus
1365 5288 1754 5363 nomenuistud
1789 5289 1952 5361 Obed,
1987 5292 2131 5363 quod

549 5368 624 5424 ita
656 5366 918 5436 scriptum
951 5361 1360 5436 reperireturjn
1388 5361 1553 5436 editis
1580 5361 1732 5436 libris
1753 5403 1768 5430 ,
1797 5363 1850 5436 in
1881 5379 1982 5417 ms.
2007 5361 2137 5419 Col-

551 5433 1092 5496 bertinoiAniciensi,
1119 5450 1182 5490 ac
1205 5433 1444 5489 inTextu
1470 5433 1754 5489 llebraico.
1780 5435 1974 5489 Castori
1999 5451 2132 5491 mss.

547 5511 764 5567 codices
803 5509 989 5578 legunt
1035 5504 1183 5560 Oded
1221 5521 1343 5578 cum
1384 5505 1594 5578 duplici
1624 5505 1658 5558 ιι
1698 5507 1851 5576 juxta
1903 5508 2134 5576 primum

550 5576 879 5639 vcrsiculuui
906 5579 1204 5642 superioris
1234 5577 1426 5642 capitis
1470 5576 1664 5632 decimi
1707 5578 1914 5648 quinti,
1953 5579 2003 5634 in
2031 5593 2140 5648 quo

552 5669 749 5711 nomen
783 5662 913 5716 Tm?
940 5649 1086 5704 0ch
1114 5650 1390 5715 occurrit;
1437 5659 1492 5704 et
1521 5648 1743 5706 Azarias
1780 5649 1924 5705 ﬁlius
1972 5652 2137 5706 etiam

553 5726 700 5784 Oded
729 5723 944 5781 dicitur.
985 5720 1162 5776 Mur.

617 5797 647 5838 ι’
691 5797 865 5854 Verba
887 5795 1059 5860 istac,
1085 5791 1438 5862 dederuntque
1457 5792 1510 5846 in
1533 5807 1693 5845 manu
1714 5792 1835 5864 ejus
1867 5793 2137 5848 tenendam

553 5870 740 5944 legem,
773 5881 951 5942 neque
975 5866 1235 5924 Hebraeus
1261 5873 1472 5935 textus,
1492 5878 1671 5936 neque
1694 5863 1934 5934 Graecus,
1959 5879 2138 5939 neque

2331 3285 2731 3358 Uttxitquoque
2761 3288 2916 3344 illum
2955 3287 3146 3344 Joiada
3191 3289 3458 3357 pontifex,
3485 3285 3544 3344 et
3572 3290 3666 3343 lilii
3698 3290 3853 3360 ejus:

2255 3358 2649 3429 imprecatique
2673 3369 2824 3426 sunt,
2857 3369 3022 3431 atque
3048 3360 3344 3416 dixerunt:
3383 3361 3536 3416 Vivat
3570 3378 3688 3415 rex.

2327 3432 2480 3498 Quod
2521 3447 2643 3487 cum
2687 3433 2929 3488 audisset
2963 3431 3200 3498 Atlialia,
3250 3446 3436 3488 vocem
3486 3434 3700 3488 scilicet
3731 3450 3853 3486 eur-

2261 3503 2494 3558 rentium
2536 3514 2714 3576 atque
2757 3503 3090 3576 laudantium
3140 3505 3608 3576 regem,ingressa
3659 3518 3746 3560 est
3789 3506 3852 3560 ad

2257 3577 2510 3646 p0pulum
2533 3575 2583 3629 in
2619 3579 2875 3644 templum
2913 3575 3144 3630 Domini.

2331 3647 2582 3718 Cumque
2611 3649 2834 3702 vidisset
2872 3662 3051 3716 regem
3083 3655 3317 3702 stantem
3342 3661 3507 3718 super
3532 3646 3758 3718 gradum
3798 3649 3848 3702 iit

2255 3719 2502 3783 introitu,
2528 3729 2582 3772 et
2605 3719 2902 3789 principes,
2929 3731 3243 3786 turmasipie
3265 3719 3408 3773 circa
3426 3735 3577 3785 eum,
3607 3735 3852 3773 omnem-

2253 3808 2356 3861 que
2386 3792 2642 3862 populum
2696 3798 2858 3845 terra:
2905 3790 3255 3860 gaudentem,
3301 3799 3467 3862 atque
3510 3794 3848 3862 clangentem

2254 3863 2417 3926 tubis,
2461 3873 2516 3916 et
2544 3861 2744 3916 diversi
2793 3864 3016 3932 generis
3064 3862 3283 3931 organis
3327 3861 3730 3931 concinentetu,
3760 3879 3850 3916 vo-

2250 3949 2480 4003 ccmque
2531 3934 2889 3997 laudantium,
2923 3933 3084 3988 scidit
3113 3935 3435 3990 vestimenta
3480 3949 3599 4002 sua,
3637 3945 3695 3989 et
3729 3935 3803 3988 ait
3833 3953 3844 3988 :

2253 4008 2488 4071 Insidtm,
2518 4005 2754 4060 Ittsidize.

2324 4079 2583 4147 Egressus
2624 4086 2803 4132 autem
2848 4075 3036 4133 Joiada
3088 4076 3336 4148 pontifex
3389 4077 3457 4132 ad
3503 4078 3846 4134 centuriones

2251 4160 2306 4204 ct
2334 4152 2608 4218 principes
2635 4149 2941 4213 exercitus,
2974 4149 3118 4203 dixit
3155 4150 3235 4204 eis
3266 4166 3279 4202 :
3311 4148 3538 4204 Educite
3579 4149 3726 4204 illaut
3756 4168 3844 4205 ex-

2253 4233 2332 4276 tra
2359 4231 2508 4291 septa
2542 4222 2751 4290 templi,
2781 4229 2838 4276 et
2868 4220 3230 4276 interﬁciatur
3270 4219 3399 4275 foris
3427 4221 3630 4290 gladio.

2249 4363 2292 4418 Β
2330 4292 2706 4376 I’rieeepitque
2761 4293 3038 4359 sacerdos,
3071 4308 3140 4348 ne
3195 4293 3539 4349 occideretur
3583 4293 3636 4348 in
3683 4293 3846 4349 domo

2295 4378 2483 4418 Olllllll.

2295 4378 2483 4420 OIIIIIII.

2323 4437 2387 4491 lit
2417 4436 3110 4506 imposueruntcervicibus
3137 4435 3257 4504 ejus
3278 4451 3508 4492 manus:

2321 4507 2567 4580 Cumque
2591 4511 2851 4580 intrasset
2880 4516 3092 4579 portam
3131 4523 3394 4579 equorum
3437 4508 3631 4563 domus
3681 4508 3839 4580 regis,

2248 4578 2644 4637 interfecerunt
2667 4594 2786 4634 eam
2819 4578 2913 4635 ibi.

2317 4651 2722 4721 Pepigitautem
2753 4650 2943 4706 Joiada
2987 4651 3161 4706 fmdus
3202 4651 3342 4706 inter
3369 4667 3450 4715 se,
3499 4651 3844 4706 universum-

2243 4740 2346 4796 que
2378 4724 2656 4792 populum,
2686 4732 2742 4779 et
2771 4739 2979 4794 regem,
3016 4732 3252 4796 utesset
3278 4727 3507 4794 pepulus
3539 4724 3772 4778 Domini.

2321 4796 2506 4865 Itaque
2534 4797 2808 4865 ingresws
2838 4809 2920 4850 cSt
2951 4795 3128 4850 omnis
3163 4798 3394 4866 populus
3423 4796 3644 4866 domum
3691 4796 3836 4862 Baal,

2245 4880 2299 4922 et
2327 4869 2716 4922 destruxerunt
2756 4881 2876 4921 cam
2905 4884 2918 4922 :
2952 4877 3006 4922 ct
3044 4865 3249 4923 altaria
3280 4882 3346 4923 ac
3371 4865 3665 4923 simulacra
3696 4869 3840 4924 illius

2246 4938 2636 5007 confregerunt
2663 4955 2679 4994 :

2325 5011 2535 5065 Mathan
2590 5023 2806 5083 quoque
2859 5010 3200 5069 sacerdotem
3273 5010 3400 5068 Baal
3454 5011 3841 5071 interfecerunt

2249 5095 2375 5140 ante
2401 5097 2550 5140 aras.
3754 5129 3757 5131 _

2240 5290 2458 5347 demum
2485 5297 2700 5346 veteres
2720 5290 2844 5346 alia:
2876 5289 3168 5348 Versiones
3195 5291 3415 5349 habent.
3441 5292 3520 5348 Ac
3543 5292 3702 5350 liceat
3730 5294 3834 5350 for-

2245 5375 2390 5419 tasse
2411 5362 2671 5435 suspicari
2692 5362 2981 5435 (siquidem
3005 5364 3288 5419 testimonii
3307 5357 3527 5421 nomine
3549 5367 3834 5435 signiﬁcari

2243 5435 2329 5489 ltic
2361 5433 2524 5506 vulgo
2556 5433 2746 5503 putant
2788 5433 2949 5506 Legis
2986 5445 3259 5506 praecepta
3283 5478 3299 5503 ,
3342 5446 3400 5491 ut
3431 5433 3645 5492 Ilebrzei
3685 5449 3838 5494 autu-

2244 5514 2395 5561 mant
2421 5505 2760 5574 pbilactcria,
2793 5505 2954 5576 parva
2975 5505 3044 5561 ex
3067 5508 3395 5564 membranis
3448 5509 3730 5564 volumina
3767 5511 3837 5566 ob

2244 5577 2430 5632 oculos
2458 5577 2722 5647 gerenda)
2759 5588 2923 5632 totam
2971 5577 3175 5635 liaucce
3216 5579 3524 5649 pericopem
3556 5580 3677 5649 ejus
3717 5597 3840 5638 esse

2248 5650 2484 5704 nominis
2527 5650 2796 5720 glossema
2827 5650 2896 5704 ab
2920 5651 3164 5708 studioso
3189 5651 3373 5717 aliquo
3405 5663 3684 5720 assutum:
3713 5663 3838 5709 sunt

2245 5723 2388 5796 enim
2419 5732 2472 5776 et
2502 5735 2632 5796 mss.
2665 5722 2912 5796 nonnulli
2936 5723 3152 5782 codices
3181 5721 3381 5793 Latini,
3403 5723 3651 5781 Calmeto
3673 5733 3832 5796 teste,

2248 5793 2342 5866 qui
2369 5807 2486 5850 eam
2515 5792 2676 5866 plane
2700 5795 2974 5854 omittunt.
