4112 6354
225 341 370 410 I385

1667 343 1902 405 VERBA
1939 341 2224 408 DIERUM.

3389 337 3529 406 1586

299 459 593 534 Constituit
617 464 797 534 autem
828 453 1371 534 Joiadaprmpositos
1414 458 1467 534 in
1513 458 1676 516 domo
1720 461 1831 518 Do-
1861 469 1915 528 A
1941 481 2188 534 suorum,
2221 462 2644 533 servieruntque
2666 460 2802 516 lueis
2832 466 2887 516 et
2917 457 3284 531 sculptilibus,
3318 471 3374 518 et
3395 466 3472 519 lac
3502 483 3532 522 τι

227 534 364 592 mini
404 533 507 589 sub
553 530 1208 595 manihussacerdotum,
1242 540 1300 586 et
1326 531 1662 597 Levitarum,
1694 549 1830 602 quos

227 605 512 663 distribuit
541 603 710 659 David
737 604 789 658 in
820 601 982 660 domo
1006 603 1220 658 Domini
1256 619 1270 658 :
1304 611 1363 658 ut
1393 602 1652 658 offerrent
1680 606 1837 662 holo-

229 685 415 736 causta
446 677 697 740 Domino,
729 676 869 730 sicut
895 674 1161 746 scriptum
1205 685 1289 730 est
1320 676 1374 729 in
1426 675 1544 746 lege
1584 675 1744 746 Mosi,
1779 679 1832 733 in

230 748 427 822 gaudio
453 757 509 805 et
537 748 785 813 canticis,
823 747 979 822 juxta
1010 746 1425 822 dispositionem
1448 746 1652 822 David.

301 819 600 876 Constituit
629 819 1134 890 quoquejanitores
1153 819 1206 873 in
1237 819 1410 888 portis
1429 818 1621 874 domus
1652 819 1837 877 Domi-

236 894 316 959 ni,
342 901 404 948 ut
432 908 542 948 non
574 889 959 963 ingrederetur,
975 905 1095 945 eam
1123 889 1436 963 immundus
1463 891 1515 944 in
1537 891 1687 963 omni
1716 907 1794 948 re.

307 960 728 1036 Assumpsitque
753 962 1128 1029 centuriones,
1157 970 1215 1036 et
1243 960 1573 1018 fortissimos
1603 962 1749 1036 viros
1776 978 1839 1019 ac

238 1033 531 1110 principes
560 1033 765 1107 populi,
804 1042 861 1110 e_t
899 1049 1060 1110 omne
1083 1033 1272 1110 vulgus
1301 1044 1483 1110 terras,
1511 1045 1565 1089 et
1593 1033 1841 1110 fecerunt

235 1105 573 1166 descendere
601 1105 782 1178 regem
811 1106 880 1162 de
908 1105 1072 1178 domo
1114 1105 1352 1178 Domini,
1386 1116 1440 1160 et
1464 1107 1694 1162 introire
1741 1123 1841 1177 per

236 1181 476 1238 medium
518 1176 694 1251 portae
723 1177 1021 1248 superioris
1051 1176 1106 1251 in
1145 1176 1364 1232 domum
1395 1179 1563 1248 regis,
1593 1188 1647 1234 et
1674 1176 1842 1235 collo-

236 1261 502 1309 caverunt
523 1249 654 1308 'eum
684 1249 737 1305 in
769 1251 908 1305 solio
939 1250 1132 1319 regali.

257 1359 260 1362 .
307 1325 658 1394 Lmtatusque
705 1331 790 1394 est
840 1320 1018 1394 omnis
1074 1320 1303 1391 populus
1358 1327 1545 1388 terrai,
1599 1329 1655 1379 et
1708 1321 1839 1380 urbs

237 1397 447 1470 quievit
473 1393 915 1470 :_p_ori_'oAt_lialia
943 1393 1223 1447 interfecta
1251 1403 1333 1448 est
1359 1394 1554 1470 gladio.

310 1467 462 1541 [ϐαρ.
492 1465 708 1541 XXIVJ
749 1465 969 1541 Septem
995 1479 1262 1541 annorum
1287 1476 1407 1541 erat
1430 1464 1558 1520 Joas
1588 1479 1712 1541 cum
1755 1481 1846 1541 re-

239 1534 715 1610 gniire'cmpisset':
745 1547 799 1593 et
827 1534 1182 1610 quadraginta
1197 1536 1364 1610 annis
1393 1538 1640 1610 regnavit
1673 1537 1726 1593 in
1757 1537 1848 1596 Jc-

250 1606 738 1680 rusalem,'nomen
773 1606 963 1663 matris
985 1606 1102 1677 ejus
1120 1608 1282 1663 Sebia
1313 1607 1381 1664 de
1409 1606 1704 1680 Bersabee.

312 1683 572 1754 Fecitque
596 1683 741 1754 quod
777 1681 978 1754 bonum
1011 1689 1096 1735 est
1124 1693 1308 1736 coram
1348 1679 1581 1738 Domino
1624 1681 1842 1739 cunctis

247 1757 439 1812 diebus
467 1751 671 1812 Joiada:
704 1751 1026 1809 sacerdotis.

322 1827 548 1896 Accepit
572 1834 753 1899 autem
773 1827 824 1879 ei
851 1823 1040 1880 Joiada
1068 1837 1263 1881 uxores
1282 1823 1441 1893 duas,
1463 1841 1494 1883 e
1523 1825 1723 1898 quibus
1753 1841 1850 1899 ge-

244 1901 365 1957 nuit
397 1900 540 1955 lilios
563 1906 617 1953 et
651 1896 809 1951 ﬁlias.

320 1973 452 2028 Post
476 1985 595 2041 quae
623 1968 825 2041 placuit
846 1965 999 2034 Joas,
1029 1966 1450 2041 utinstauraret
1479 1968 1698 2024 domum
1732 1969 1855 2041 Do-

248 2042 403 2102 mini.
427 2038 894 2114 Cdngregavitque
915 2038 1247 2106 sacerdotes,
1273 2048 1327 2095 et
1348 2039 1586 2108 chitas,
1629 2050 1684 2096 et
1713 2039 1858 2096 dixit

247 2130 330 2173 eis
359 2132 375 2173 ζ

325 2182 654 2258 Egredimini
685 2184 753 2240 ad
787 2182 1039 2258 civitates
1069 2181 1230 2249 Juda,
1273 2193 1329 2239 et
1373 2183 1611 2258 colligite
1643 2181 1858 2258 deguni-

255 2253 417 2316 verso
442 2259 609 2314 Israel
646 2255 930 2327 pecuniam
964 2254 1030 2309 ad
1054 2265 1196 2327 sarta
1233 2264 1373 2310 tecta
1407 2253 1590 2324 tem'pli
1641 2253 1735 2309 Dei
1765 2269 1860 2310 ve-

259 2333 387 2399 Stri,
426 2346 522 2401 per
542 2326 784 2399 singulos
811 2342 1006 2392 annos,
1035 2326 1400 2401 festiriatoque
1431 2327 1536 2382 hoc
1565 2328 1747 2382 facite.

328 2397 502 2458 Porro
531 2397 736 2456 Levita;
775 2414 935 2468 egere
967 2397 1352 2468 negligentius.

334 2474 666 2542 Vocavitque
706 2467 1082 2527 rex’Joiadai’n
1122 2467 1461 2541 principem,
1506 2477 1563 2524 et
1592 2467 1858 2542 dixit_ei_:

256 2548 440 2615 Quare
470 2540 838 2615 tibi—nonfuit
860 2555 1029 2615 curae,
1061 2548 1124 2594 ut
1151 2540 1384 2612 cogeres
1415 2543 1634 2598 Levitas
1657 2540 1863 2615 inferre

256 2613 328 2675 de
351 2617 488 2674 Juda
524 2615 676 2673 etde
715 2613 1018 2670 Jeruszilem
1047 2617 1357 2682 pecuniam,
1399 2629 1521 2684 quae
1564 2614 1860 2668 constituta

258 2698 348 2748 est
385 2705 417 2744 a
461 2689 613 2746 Mose
654 2699 816 2743 servo
860 2684 1096 2749 Domini,
1144 2695 1206 2739 ut
1245 2685 1476 2741 inferret
1521 2699 1639 2739 eam
1686 2685 1863 2740 omnis

265 2761 559 2820 multitudo
590 2758 758 2814 Israel
787 2758 840 2811 in
873 2756 1280 2810 tabernaculum
1323 2754 1665 2812 testimonii?

334 2833 549 2890 Athalia
573 2830 718 2885 enim
740 2828 1086 2898 impiissima,
1114 2835 1170 2883 et
1195 2827 1291 2882 lilii
1313 2828 1457 2897 ejus,
1487 2828 1864 2883 destruxerant

263 2905 490 2961 domum
537 2901 656 2968 Dei,
690 2908 746 2956 et
789 2899 858 2956 de
903 2898 1194 2966 universis,
1227 2915 1348 2968 qum
1379 2899 1714 2955 sanctiﬁcata
1743 2899 1862 2956 fue-

264 2988 391 3034 rant
419 2975 621 3045 templo
657 2971 892 3036 Domini,
921 2979 1254 3045 ornaverant
1281 2970 1466 3026 fanum
1501 2971 1732 3026 Baalim.

340 3041 610 3117 Praecepit
656 3059 788 3117 ergo
825 3058 921 3098 rex
944 3083 960 3108 ,
1010 3051 1065 3097 et
1101 3041 1363 3117 lecerunt
1407 3057 1591 3117 arcam
1625 3059 1638 3117 ς
1671 3055 1868 3113 posue-

268 3131 505 3190 runtque
527 3113 646 3190 eam
663 3113 820 3186 ju‘xta
844 3113 1276 3190 port_am_do_mus
1297 3114 1862 3190 Dominil'orinsecus,

345 3184 794 3262 Et'praadicatum
843 3184 928 3262 est
965 3187 1020 3240 in
1053 3184 1214 3262 {uda
1237 3193 1294 3240 et
1321 3187 1646 3262 Jerusalem,
1677 3186 1868 3262 ut_de«

273 3256 485 3321 ferrent
530 3258 730 3334 singuli
774 3257 1007 3329 pretium
1065 3256 1317 3334 Domino,
1373 3259 1519 3334 quod
1572 3257 1940 3334 .constituitC

276 3336 459 3392 Moses
483 3327 672 3389 servus
700 3327 795 3386 Dei
837 3343 1003 3398 super
1026 3343 1243 3384 onmem
1277 3327 1442 3384 Israel
1472 3329 1525 3384 in
1554 3327 1790 3385 deserto.

349 3404 652 3478 Laatatique
679 3410 809 3478 sunt
836 3401 1016 3478 cuncti
1047 3401 1344 3478 principes,
1386 3402 1662 3478 et‘omnis
1693 3415 1867 3471 popu-

277 3480 365 3536 Ius
396 3495 411 3533 :
437 3485 492 3533 et
521 3472 752 3546 ingressi
770 3472 1124 3546 contulerunt
1149 3472 1202 3528 in
1229 3487 1410 3528 arcam
1444 3472 1679 3540 Domini,
1708 3483 1872 3543 atque

279 3553 546 3607 miserunt
573 3544 647 3602 ita
684 3554 744 3600 ut
777 3544 1122 3616 impleretur.

351 3623 598 3692 Cumque
637 3613 870 3692 tempus
893 3624 1038 3692 esset
1063 3623 1122 3669 ut
1162 3613 1440 3692 deferrent
1473 3630 1655 3692 arcam
1687 3629 1873 3692 coram

281 3709 411 3764 rege
447 3685 544 3763 per
577 3685 769 3764 manus
813 3687 1124 3764 Devitarum
1156 3685 1436 3764 (videbant
1463 3687 1605 3744 enim
1652 3687 1874 3764 multam

282 3759 1051 3839 pecuniam),ingrediebatur
1079 3759 1455 3839 scriba_reg_is_,
1487 3769 1544 3814 et
1573 3775 1729 3830 quem
1764 3759 1876 3828 pri-

287 3829 407 3893 inus
451 3829 723 3892 sacerdos“
753 3833 1110 3887 constituerat
1151 3845 1166 3884 :
1213 3829 1668 3900 eﬁ'undebantque
1717 3845 1879 3898 pecu-

287 3910 435 3965 niam
470 3921 591 3978 qua:
634 3911 753 3960 erat
783 3905 867 3978 ⁸ιιιΔ
891 3916 1016 3958 arca
1049 3919 1068 3978 :_
1097 3915 1260 3978 porro
1303 3901 1882 3978 arcamreportabant

291 3981 359 4036 ad
388 3973 565 4035 locum
608 3990 790 4042 suum,
824 3973 1013 4046 sicque
1048 3973 1316 4046 faciebant
1342 3988 1440 4043 per
1469 3975 1710 4046 singulos
1739 3974 1878 4040 dies,

292 4061 347 4108 et
368 4057 696 4122 congregata
727 4053 810 4102 est
842 4044 1050 4100 inﬁnita
1077 4044 1330 4122 pecunia.

1882 1869 1931 1930 B

1939 547 2025 594 est
2054 537 2133 594 ira
2164 544 2351 594 contra
2380 535 2576 592 Judam
2605 543 2658 590 et
2686 534 2984 590 Jerusalem
3016 543 3243 605 propter
3269 537 3371 591 hoc
3404 551 3532 606 pec-

1939 620 2143 666 catum.

2013 682 2369 754 Mittebatque
2416 680 2498 738 eis
2553 679 2872 751 prophetas,
2904 686 2977 754 ιιι
3017 686 3422 754 reverterentur
3462 679 3532 734 ad

1941 754 2255 821 Dominum,
2280 749 2438 824 'quos
2480 749 2870 824 pretestgiiites,
2903 749 2978 824 illi
3018 751 3526 824 audirenolebant.

2013 825 2252 896 Spiritus
2275 821 2456 897 itaque
2481 821 2580 880 Dei
2615 822 2794 897 induit
2823 821 3146 877 Zachariam
3180 823 3348 876 lilium
3372 823 3532 897 _.loia-

1941 893 2431 1024 ggejsaecrdotcm,
2487 906 2543 951 et
2590 896 2740 951 stetit
2789 897 2841 950 in
2884 905 3180 965 conspectu
3224 893 3428 965 populi,
3480 905 3536 950 et

1983 978 2079 1024 ιλιι
2109 984 2218 1024 eis:

1983 969 2079 1024 isit
2109 971 2218 1026 eis:

2015 1040 2143 1096 Ilzec
2170 1041 2305 1096 dicit
2347 1038 2610 1096 Dominus
2642 1037 2785 1093 Deus
2815 1055 2827 1090 :
2862 1037 3042 1106 Quare
3091 1037 3536 1107 transgredimini

1945 1122 2278 1184 praeceptum
2306 1112 2543 1180 Domini,
2574 1108 2899 1184 quod_vob_is
2927 1125 3035 1164 non
3070 1109 3331 1184 proderit,
3358 1119 3412 1165 et
3439 1109 3539 1168 dc-

1950 1181 2245 1253 reliquistis
2273 1181 2604 1251 Dominum,’
2627 1190 2681 1237 ut
2712 1181 3123 1251 derelinqueret
3151 1181 3288 1236 vos?

2017 1252 2119 1323 Qui
2167 1256 2479 1326 congregati
2524 1254 2788 1310 adversus
2839 1268 2986 1326 eum,
3036 1254 3299 1326 miserunt
3333 1252 3543 1324 lapides

1944 1326 2096 1398 juxta
2126 1323 2587 1399 regis—imperium
2621 1326 2673 1399 in
2699 1325 2838 1399 atrio
2867 1323 3060 1379 domus
3090 1325 3323 1399 Domini.

2020 1400 2088 1455 Et
2141 1395 2248 1455 non
2304 1395 2395 1454 est
2446 1397 2764 1454 recordatus
2807 1395 2936 1450 .Ioas
2992 1410 3085 1450 rex
3146 1396 3538 1452 misericordia:

1948 1486 2111 1542 quam
2141 1473 2340 1528 fecerat
2365 1469 2556 1526 Joiada
2583 1477 2735 1541 pater
2765 1468 2912 1524 illius
2943 1480 3153 1536 secum,
3183 1466 3279 1524 sed
3311 1467 3539 1525 interfe-

1949 1545 2024 1599 cit
2054 1543 2226 1599 ﬁlium
2257 1543 2399 1613 ejus.

2022 1615 2126 1683 Qui
2150 1609 2652 1682 cum'moreretur,
2683 1612 2756 1670 ait
2785 1629 2796 1666 :
2831 1609 3023 1668 Videat
3052 1609 3312 1666 Dominus
3333 1654 3347 1681 ,
3377 1620 3430 1666 et
3460 1625 3548 1669 re-

1950 1687 2134 1759 quirat
2158 1704 2172 1741 :

2024 1758 2270 1830 Cumque
2323 1757 2576 1815 evolutus
2623 1764 2778 1830 esset
2812 1754 3310 1830 annus,_as_cendit
3336 1765 3546 1830 contra

1957 1845 2079 1885 eum
2112 1826 2382 1887 exercitus
2409 1830 2584 1901 Syria:
2614 1846 2629 1883 :
2663 1827 2915 1901 venitque
2941 1828 2995 1901 in
3027 1826 3218 1882 ludam
3243 1835 3299 1901 et
3324 1829 3546 1884 Jerusa-

1965 1901 2095 1966 lem,
2136 1911 2192 1958 et
2232 1900 2506 1972 interfecit
2555 1910 2781 1956 cunctos
2819 1900 3094 1972 principes
3135 1900 3340 1970 populi,
3387 1909 3551 1972 atque

1961 1974 2273 2028 universam
2305 1971 2541 2043 prtedam
2574 1969 2842 2043 miserunt
2879 1970 2990 2038 regi
3022 1969 3369 2026 D.una50um.

2035 2043 2104 2099 Et
2128 2055 2278 2100 certe
2304 2041 2424 2098 cum
2467 2041 2814 2111 permodicus
2840 2043 3079 2094 venisset
3104 2057 3360 2096 numerus
3385 2042 3555 2112 Syro-

1962 2131 2125 2180 rum,
2172 2115 2392 2170 tradidit
2441 2113 2708 2169 Dominus
2759 2113 3008 2166 manibus
3048 2127 3237 2166 eorum
3287 2113 3554 2169 inﬁnitam

1963 2187 2408 2256 multitudinem,
2466 2203 2532 2241 eo
2585 2183 2729 2256 quod
2790 2182 3212 2252 dereliquissent
3264 2183 3554 2240 Dominum

1963 2259 2134 2314 Deum
2165 2268 2376 2329 patrum
2409 2273 2628 2313 suorum
2661 2275 2672 2309 :

2036 2330 2094 2386 In
2123 2325 2249 2385 Joas
2272 2345 2488 2400 quoque
2520 2327 3207 2400 ignominiosaexercucre
3223 2325 3449 2395 judicia.

2041 2401 2109 2456 Et
2127 2398 2387 2457 abeuntes
2400 2398 2723 2456 dimiserunt
2741 2415 2864 2454 cum
2881 2399 2931 2452 in
2951 2398 3297 2466 languoribus
3312 2400 3554 2468 magnis:

2041 2474 2409 2530 Surrexerunt
2434 2479 2614 2526 autem
2639 2479 2828 2524 contra
2850 2484 2975 2524 eum
3003 2471 3148 2523 servi
3179 2470 3283 2536 sui,
3319 2474 3370 2524 in
3399 2471 3560 2532 ultio-

1969 2559 2092 2601 nem
2125 2546 2405 2616 sanguinis
2434 2542 2530 2598 ﬁlii
2558 2541 2765 2598 Joiada:
2793 2539 3120 2607 sacerdotis,
3153 2548 3211 2596 et
3241 2541 3562 2598 occiderunt

1966 2631 2088 2673 eum
2118 2617 2170 2670 in
2196 2617 2393 2672 lectulo
2417 2630 2537 2682 suo,
2569 2623 2627 2669 et
2656 2623 2903 2669 mortuus
2933 2619 3045 2668 est:

2038 2689 2487 2758 Sepelieruntque
2511 2701 2636 2742 eum
2670 2687 2723 2741 in
2753 2685 2980 2740 civitate
3009 2681 3203 2752 David,
3235 2684 3333 2740 sed
3362 2700 3471 2741 non
3507 2684 3561 2740 in

1967 2760 2237 2830 sepulcris
2268 2775 2480 2831 regum.

2042 2825 2286 2889 Insidiati
2310 2825 2439 2886 v'ero
2465 2836 2593 2885 sunt
2615 2828 2664 2883 ei
2695 2825 2874 2882 Zahad
2905 2825 3049 2881 ﬁlius
3080 2825 3394 2884 Semmaath
3423 2829 3560 2884 Am-

1969 2902 2267 2968 manilidis,
2301 2912 2356 2959 et
2383 2901 2623 2958 Jozabad
2654 2899 2796 2954 ﬁlius
2836 2898 3109 2954 Scmaritli
3142 2900 3467 2957 Moabitidis.

2041 2978 2216 3032 Porro
2247 2974 2342 3030 ﬁlii
2382 2974 2526 3046 ejus,
2557 2987 2622 3027 ac
2660 2971 3144 3046 summapecunim
3168 2975 3563 3046 qumiadunata

1971 3050 2148 3104 fuerat
2172 3047 2274 3102 sub
2303 3060 2392 3112 eo,
2410 3041 2488 3102 'et
2513 3043 2837 3100 instauratio
2867 3043 3059 3099 domus
3085 3041 3181 3098 Dei
3209 3045 3413 3116 scripta
3434 3053 3562 3102 sunt

1973 3118 2290 3186 diligentius
2329 3118 2383 3173 in
2417 3117 2557 3172 libro
2580 3116 2808 3186 Regum.

2045 3191 2312 3261 Regnavit
2339 3199 2521 3261 autem
2550 3186 2803 3261 Amasias
2836 3187 2977 3242 ﬁlius
3009 3187 3127 3258 ejus
3155 3202 3252 3258 pro
3277 3203 3365 3243 eo.

2042 3259 2191 3335 vaa'p.
2219 3259 2415 3333 XXV.)
2445 3259 2644 3332 Viginti
2666 3260 2906 3335 quinque
2936 3274 3203 3335 annorum
3233 3270 3354 3314 erat
3391 3260 3562 3335 Ama-

1973 3331 2084 3392 sias
2127 3331 2249 3389 cum
2285 3331 2513 3404 regnare
2560 3332 2842 3402 coepisset,
2876 3339 2932 3386 et
2971 3331 3153 3404 viginti
3178 3347 3373 3404 novem
3407 3334 3568 3389 annis

1974 3407 2218 3532 regulavit
2249 3407 2302 3460 in
2329 3401 2663 3471 Ierusalem,
2686 3417 2884 3458 nomen
2912 3404 3101 3458 matris
3125 3401 3354 3460 Joadam
3384 3405 3453 3460 de
3473 3405 3565 3462 Je-

1975 3495 2096 3532 rusa
2125 3493 2233 3532 em.

1975 3493 2208 3536 rusatem
2219 3516 2233 3532 .

2050 3551 2310 3619 Fecitque
2356 3547 2558 3604 bonum
2592 3547 2645 3602 in
2677 3554 2975 3618 conspectu
3005 3546 3262 3602 Domini:
3297 3556 3570 3606 verumta-

1977 3637 2100 3679 men
2132 3637 2238 3676 non
2266 3623 2319 3674 in
2343 3621 2510 3676 corde
2534 3620 2797 3688 perfecto.

2048 3692 2291 3762 Cumque
2313 3693 2627 3764 roboratam
2655 3692 2758 3746 sibi
2783 3690 2993 3748 videret
3021 3690 3331 3761 imperium,
3359 3691 3572 3764 jugula-

1979 3765 2060 3821 vit
2085 3779 2294 3828 servos,
2325 3764 2416 3831 qui
2444 3763 2762 3819 occiderant
2802 3778 2984 3832 regem
3010 3774 3222 3832 patrem
3266 3763 3444 3827 suum,
3477 3767 3574 3820 sed

1984 3838 2124 3892 ﬁlios
2151 3851 2337 3891 eorum
2371 3851 2480 3892 non
2511 3832 2804 3899 interfecit,
2835 3839 2978 3888 sicut
3021 3834 3284 3903 scriptum
3311 3845 3394 3890 est
3421 3835 3478 3890 in
3511 3837 3576 3891 li—

1983 3909 2083 3966 bro
2113 3907 2270 3978 chis
2299 3907 2454 3972 Mosi,
2487 3905 2576 3960 ubi
2604 3905 2864 3975 praecepit
2897 3905 3182 3978 Dominus,
3211 3905 3400 3978 dicens
3425 3925 3440 3962 :

2055 3979 2172 4034 Non
2196 3976 2537 4034 'occidentur
2585 3987 2768 4047 patres
2799 3992 2894 4044 pro
2937 3976 3085 4041 ﬁliis,
3129 3991 3304 4047 neque
3343 3977 3438 4032 ﬁlii
3472 3993 3572 4048 pro

1987 4051 2231 4134 patribus
2258 4050 2394 4118 suis,
2434 4049 2531 4105 sed
2577 4047 2950 4119 unusquisque
2987 4048 3040 4102 in
3071 4064 3172 4104 suo
3202 4058 3424 4118 peccato
3449 4047 3568 4106 mo-

1987 4131 2429 4266 ne(tltiiiiigregavit
2461 4193 2622 4266 igitur
2668 4192 2920 4248 Amasias
2959 4190 3264 4266 Judam,_et
3300 4193 3584 4266 constituit

1993 4280 2090 4322 eos
2120 4260 2218 4337 per
2246 4260 2505 4331 familias,
2533 4263 2891 4337 tribunosque
2914 4271 2968 4317 et
2998 4260 3344 4318 centuriones
3375 4263 3429 4317 in
3462 4266 3584 4320 uni-

1992 4336 2153 4395 verso
2182 4337 2320 4392 Juda
2351 4346 2406 4392 et
2430 4336 2704 4405 Beniamin
2739 4352 2751 4389 :

2071 4411 2137 4465 Et
2176 4409 2448 4464 recensuit
2479 4423 2508 4460 a
2540 4403 2727 4476 viginti
2771 4403 2928 4460 annis
2974 4415 3030 4461 et
3060 4419 3300 4471 sursum,
3347 4407 3580 4463 invenit-

364 4115 535 4192 Quain
573 4115 846 4192 dederunt
895 4131 1008 4192 rex-
1039 4126 1093 4172 et
1114 4115 1302 4171 Joiada
1348 4115 1430 4171 his
1471 4115 1562 4187 qui
1612 4125 1885 4188 prmcrant

294 4189 552 4266 Operibus
579 4191 773 4266 domus
803 4189 1012 4266 Domini
1045 4208 1060 4244 :

369 4270 437 4322 At
481 4265 561 4320 illi
609 4261 987 4319 conducebant
1030 4276 1096 4316 ex
1141 4275 1206 4318 ea
1255 4259 1782 4330 ctesoreslapidum,
1833 4267 1889 4316 ct

298 4338 535 4394 artiﬁces
582 4348 827 4406 operum,
854 4332 1247 4406 singulorum,
1279 4345 1349 4406 ut
1381 4334 1747 4406 instaurarcnt
1791 4331 1890 4388 do-

299 4425 447 4466 mum
477 4404 686 4463 Domini
723 4423 737 4458 :
763 4404 945 4476 fabros
985 4420 1197 4476 quoque
1226 4405 1354 4461 ferri
1386 4414 1442 4460 et
1484 4405 1630 4471 aeris,
1660 4412 1719 4458 ut
1746 4406 1889 4476 quod

299 4482 499 4558 cadere
521 4474 1128 4558 creperat,.fulciretur[
1163 4548 1176 4558 _
1281 4557 1284 4558 ν
1392 4549 1404 4558 .
1467 4549 1480 4558 _
1608 4547 1621 4558 .
1756 4474 1776 4558 γ’
1829 4549 1845 4558 _
1997 4495 2102 4553 que
2148 4489 2388 4534 trecenta
2435 4474 2614 4532 millia
2632 4476 2915 4558 iuvenum,
2951 4477 3042 4558 qui
3089 4477 3478 4547 egrederentur
3513 4481 3582 4536 ad

373 4547 811 4623 Egeruntquehi
854 4547 948 4617 qui
981 4548 1362 4623 eperabantur
1391 4547 1679 4614 industrie,
1715 4557 1769 4603 et
1797 4549 1893 4602 ab-
2001 4547 2343 4623 pugnam,_et
2372 4555 2622 4604 tenerent
2645 4550 2852 4623 hastam
2878 4555 2935 4623 et
2963 4550 3237 4623 clypeum.

304 4617 606 4680 ducebatur
634 4617 902 4690 parietum
948 4618 1177 4690 cicatrix
1198 4689 1203 4690 ί
1225 4636 1322 4690 per
1351 4636 1545 4675 manus
1582 4634 1795 4685 eorum,
1828 4633 1892 4671 ac
1925 4668 1971 4690 η
2003 4617 2015 4623 ’
2071 4617 2318 4678 Mercede
2347 4635 2562 4690 quoque
2589 4619 2848 4690 conduxit
2876 4620 2943 4674 de
2971 4617 3135 4675 Israel
3164 4630 3384 4676 centum
3414 4621 3582 4677 millia

306 4668 707 4751 EiIEc'ﬁavem‘m
732 4687 954 4744 domum
975 4688 1210 4762 Domini
1227 4668 1297 4745 rin
1338 4700 1535 4745 statum
1577 4668 1888 4761 pristinum,
1923 4668 1974 4729 Ῑ)
1999 4668 3131 4762 rot’iifs'ili'rﬁinj'E81616'isiéiiiis'irgéifiil

307 4777 362 4823 et
395 4765 626 4822 ﬁrmiter
651 4776 770 4818 eam
792 4769 936 4816 stare
967 4760 1232 4816 fecerunt.
1580 4760 1588 4761 “
2077 4764 2435 4820 Venitautem
2463 4764 2624 4817 homo
2649 4763 2738 4816 Dei
2767 4764 2833 4816 ad
2862 4760 3037 4831 illum,
3068 4772 3121 4817 et
3159 4762 3236 4818 ait
3267 4781 3280 4818 :
3305 4764 3350 4819 Ο
3377 4779 3494 4830 rex,
3519 4780 3587 4820 ne

383 4839 627 4906 Cumque
651 4833 1227 4908 complessentomnia
1250 4847 1438 4903 opera,
1471 4832 1781 4908 detulerunt
1805 4848 1898 4908 co-
2002 4838 2311 4908 egrediatur
2355 4843 2534 4908 tecum
2586 4834 2858 4890 exercitus
2899 4834 3067 4908 Israel
3106 4850 3257 4908 :_non
3310 4845 3397 4890 est
3439 4836 3583 4892 enim

310 4913 426 4968 ra'm
455 4903 598 4987 rege
640 4915 696 4961 et
723 4903 911 4987 Joiada
956 4903 1225 4987 reliquam
1263 4911 1471 4987 partem
1513 4905 1755 4987 pecuniae
1786 4923 1802 4987 ;
1829 4905 1899 4987 de
2002 4903 2269 4987 D'oniinus
2297 4921 2420 4987 eum
2453 4906 2617 4987 Israel
2649 4915 2704 4961 et
2731 4906 2943 4987 etmctis
2968 4905 3421 4987 liliisiEpliraim:

313 4996 421 5054 qua
452 4975 591 5035 facta
640 4985 771 5054 sunt
803 4991 930 5054 vasa
979 4976 1166 5047 templi
1209 4975 1265 5032 in
1314 4975 1696 5042 ministerium.
1747 4986 1805 5033 et
1831 4977 1900 5032 ad
2077 4978 2234 5048 Quod
2278 4978 2326 5032 si
2367 4988 2524 5054 putas
2567 4977 2621 5032 in
2652 4975 3183 5054 _robore__e.tcrci_tus
3231 4978 3374 5054 bella
3412 4977 3595 5054 consi-

316 5048 653 5118 liolocausta,
684 5048 882 5122 phiala:
910 5061 1148 5120 quoque,
1181 5058 1240 5105 et
1265 5059 1464 5106 cetera
1491 5065 1620 5106 vasa
1653 5063 1817 5105 aurea
1848 5060 1904 5105 et
2009 5061 2189 5118 stere,
2247 5048 2494 5122 superari
2543 5060 2596 5105 te
2649 5050 2823 5122 faciet
2857 5048 3000 5122 Deus
3055 5050 3124 5103 ab
3165 5048 3456 5107 hostibus:
3491 5051 3587 5106 Dei

315 5131 615 5198 argentea:
659 5120 699 5198 ς
887 5191 902 5198 Α
962 5192 977 5198 _
1239 5191 1254 5198 Δ
1345 5191 1360 5198 Δ
1527 5193 1550 5198 _
1667 5194 1677 5198 Α
1724 5193 1783 5198 Η
1863 5193 1876 5198 _
2010 5125 2209 5198 quippe
2229 5120 2692 5198 est—etadjuvare,
2726 5120 2866 5198 _et_in
2892 5121 3070 5198 fugam
3101 5131 3445 5198 convertere.

441 5193 857 5251 toﬁ‘erebantur
887 5191 1210 5266 holocausta
1237 5191 1292 5249 in
1328 5191 1495 5251 domo
1526 5193 1739 5250 Domini
1765 5193 1907 5265 jngi-
2027 5191 2045 5198 ’
2087 5191 2336 5266 Dixitque
2380 5191 2627 5266 Amasias
2673 5192 2742 5266 ad
2786 5191 3062 5266 hominem
3110 5191 3209 5266 Dei
3241 5192 3426 5266 :Quid
3465 5207 3598 5263 ergo

319 5279 405 5326 ter
429 5267 640 5324 cunctis
661 5266 856 5322 diebus
880 5265 1107 5322 Joiadaz.
1767 5262 1780 5265 ⁷
1832 5262 1851 5264 “
2018 5269 2111 5324 ﬁet
2146 5267 2215 5322 de
2249 5262 2471 5321 centum
2527 5263 2745 5320 talentis
2790 5279 2910 5333 qua:
2935 5262 3061 5318 dedi
3101 5263 3363 5319 militibus
3390 5262 3599 5320 Israel?

390 5339 586 5397 Senuit
613 5346 792 5393 autem
820 5336 1010 5392 Joiada
1055 5335 1250 5407 plenus
1277 5336 1515 5407 dierum,
1565 5346 1622 5395 et
1663 5345 1911 5394 mortuus
2017 5341 2084 5396 Et
2133 5337 2420 5408 respondit
2463 5337 2513 5392 ei
2564 5336 2737 5408 homo
2767 5334 2863 5408 Dei
2890 5351 2905 5389 :
2936 5335 3109 5390 liabet
3153 5335 3416 5392 Dominus
3457 5337 3599 5392 umle

321 5423 428 5477 est,
460 5425 584 5467 cum
611 5419 833 5466 centum
865 5408 1080 5480 triginta
1108 5416 1258 5464 esset
1287 5426 1576 5467 annorum.
2019 5411 2115 5469 tibi
2144 5407 2276 5466 dare
2302 5409 2472 5480 possit
2494 5407 2668 5480 multo
2691 5407 2774 5462 liis
2801 5407 2969 5477 plura.

394 5484 848 5554 Sepelieruntque
880 5495 1013 5554 eum
1046 5481 1101 5554 in
1147 5480 1367 5538 civitate
1399 5482 1569 5554 David
1616 5496 1737 5538 cum
1769 5482 1913 5552 regi-

324 5551 570 5686 iéus,_eo.
601 5551 1014 5626 quod’fecisset
1060 5552 1261 5608 bonum
1308 5569 1432 5611 cum
1489 5553 1656 5612 Israel
1691 5563 1747 5611 et
1788 5551 1913 5610 cum

366 5643 491 5685 omo
521 5641 662 5686 eius.

366 5643 491 5685 omo
521 5641 662 5698 ejus.

403 5694 694 5769 Postquam
717 5703 900 5770 autem
930 5695 1064 5752 obiit
1090 5694 1302 5766 Joiada,
1355 5696 1583 5769 ingressi
1613 5706 1739 5754 sunt
1770 5696 1922 5770 prin-

331 5772 487 5842 cipes
509 5765 670 5834 Iuda,
700 5779 755 5824 et
781 5769 1163 5842 adoraverunt‘
1181 5765 1385 5841 regem,
1414 5765 1505 5841 qui
1537 5765 1793 5828 deﬁnitus
1826 5773 1925 5828 ob-
2102 5771 2281 5842 Porro,
2302 5765 2546 5842 A'masias
2575 5765 2911 5842 conﬁdenter
2935 5765 3123 5824 eduxit
3144 5766 3398 5842 populum
3427 5780 3612 5842 suum,

342 5837 549 5916 sequiis
577 5857 790 5916 eorum,
820 5842 1090 5912 acquievit
1116 5837 1257 5916 eisf
1305 5913 1336 5916 _
1433 5837 1460 5916 '_
1510 5912 1523 5916 _
1570 5913 1595 5916 _
1650 5913 1661 5916 _
2030 5851 2087 5900 et
2112 5841 2244 5896 abiit
2273 5840 2543 5916 invallem
2571 5837 2902 5912 Salinarum,
2927 5841 3301 5912 percussitque
3331 5837 3472 5895 ﬁlios
3491 5839 3615 5898 Seir

409 5911 478 5975 Et
518 5911 925 5983 dereliqueruut
987 5913 1245 5984 templum
1305 5912 1528 5973 Domini
1570 5913 1663 5974 Dei
1712 5922 1928 5988 patrum
2031 5917 2221 5976 decem
2243 5911 2438 5972 millia.

625 6009 900 6073 ΡΑτιιοι.
948 6006 1247 6072 XXVIII.

3059 6005 3139 6069 lili-

2090 5478 2387 5554 Separavit
2417 5481 2601 5554 itaque
2628 5478 2876 5534 Amasias
2905 5478 3229 5554 exercitum,
3261 5479 3354 5552 qui
3378 5489 3607 5536 venerat

2023 5555 2092 5612 ad
2113 5551 2236 5609 eum
2261 5568 2327 5608 ex
2350 5551 2634 5622 Ephraim,
2659 5558 2718 5622 ut
2740 5560 3109 5622 reverteretur
3131 5553 3183 5606 in
3208 5551 3387 5608 locum
3411 5567 3568 5607 suum
3594 5570 3608 5606 :

2098 5625 2295 5708 At.illi
2343 5621 2532 5708 contra
2572 5621 2765 5678 Judam
2813 5621 3164 5680 vehementer
3215 5625 3359 5692 irati,
3401 5624 3610 5680 reversi

2028 5708 2156 5756 sunt
2185 5712 2238 5751 ιη
2268 5710 2543 5767 regioaem
2573 5709 2748 5767 suam.
