4112 6354
580 344 745 435 tam

1613 362 1674 421 S.
1717 356 2093 419 llIERONYMl
2134 353 2369 415 DlVlNA
2408 349 2886 414 BIBLIOTHECA.

3776 345 3927 407 1³588

683 491 751 546 Et
778 487 883 543 alia
929 485 1119 545 decem
1168 481 1339 541 millia
1378 487 1641 554 ceperuut
1690 478 1784 534 ﬁlii
1806 476 1968 544 Juda,
2018 484 2074 533 et
2100 475 2200 554 ad-
2228 488 2280 542 Α
2306 474 2488 554 omnia
2512 468 3140 554 quat_l‘ecerat_Amasias
3166 467 3494 554 paterejus.
3512 466 3582 527 Et
3608 468 3926 554 exquisivit

612 562 894 620 duxerunt
929 559 995 613 ad
1029 565 1360 633 praeruptum
1411 548 1692 633 cujusdam
1720 548 2202 633 petrtenprzecipi:

612 641 973 702 taveruntque
1000 624 1097 687 eos
1119 629 1188 685 de
1214 624 1437 683 summo
1466 624 1520 682 in
1544 638 1812 697 praeceps,
1843 624 1937 694 qui
1964 624 2202 677 universi

644 711 956 762 renueiunt.

592 722 1227 837 'crsiimiiilemexercitus,
1275 785 1438 842 quem
1474 764 2117 842 AreiuiseratgAmasiasL
2135 780 2203 820 ne

612 864 797 906 secum
846 847 947 901 iret
989 845 1056 900 ad
1100 836 1372 915 praelium,
1405 840 1633 915 diﬁusus
1663 848 1748 897 est
1792 840 1844 896 in
1894 836 2204 915 civitatibus

611 919 773 986 Juda,
804 934 835 974 a
875 908 1118 972 Samaria
1152 930 1322 984 usque
1351 914 1418 970 ad
1464 912 1767 986 Betboron,
1802 918 1858 966 et
1900 908 2203 977 interfectis

615 993 792 1048 tribus
819 989 1087 1057 millibus,
1118 987 1342 1056 diripuit
1373 985 1608 1057 prmdam
1647 999 1921 1054 magnam.

685 1064 934 1119 Amasias
970 1051 1099 1115 vero
1128 1051 1250 1129 post
1276 1051 1477 1129 caedem
1508 1051 1983 1129 Idumaeo'ruiuuet
2011 1051 2205 1129 allatus

612 1135 748 1191 deos
780 1134 1012 1189 ﬁliorum
1036 1123 1178 1196 Seir,
1210 1131 1401 1185 Statuit
1424 1127 1553 1183 illos
1578 1130 1631 1183 in
1661 1126 1795 1184 deos
1825 1126 1952 1193 sibi,
1986 1133 2043 1181 et
2071 1123 2204 1180 ado-

609 1208 771 1265 rabat
799 1222 919 1278 eos,
947 1211 1005 1259 et
1032 1203 1141 1278 illis
1163 1200 1425 1278 adolebat
1449 1200 1757 1255 incensum.
1789 1268 1802 1278 ι
1945 1269 1957 1278 _
2165 1266 2176 1278 .

685 1277 1048 1346 Quamobrem
1074 1276 1246 1329 iratus
1274 1272 1540 1346 Dominus
1559 1282 1747 1327 contra
1774 1268 2073 1346 Amasiam,
2106 1268 2208 1322 mi-

614 1340 779 1407 sit‘ad
813 1350 963 1404 illum
994 1348 1335 1417 prophetam,
1369 1346 1459 1414 qui
1489 1342 1705 1400 diceret
1744 1344 1793 1417 ei
1826 1341 1977 1399 :Cur
2009 1340 2205 1417 adorn-

612 1423 680 1479 sti
720 1421 871 1488 deos,
919 1411 1012 1490 qui
1063 1411 1170 1473 non
1215 1411 1586 1473 liberaverunt
1630 1415 1892 1487 p0pulunt
1933 1426 2091 1473 suum
2137 1411 2207 1467 de

611 1510 779 1549 manu
809 1491 939 1547 tua?

682 1565 932 1633 Cumque
963 1564 1078 1618 haec
1112 1561 1204 1618 ille
1236 1559 1574 1633 loqueretur,
1616 1554 1901 1633 respondit
1940 1555 1990 1611 ei
2026 1570 2039 1608 :
2068 1554 2205 1610 Num

613 1629 960 1693 consiliarius
989 1634 1133 1704 regis
1164 1632 1259 1689 es?
1287 1629 1527 1704 quiesce,
1555 1645 1647 1704 ne_
1669 1629 2013 1704 interticiaxu
2030 1636 2103 1683 te.

689 1697 1094 1776 Discedeusque
1122 1697 1407 1776 propheta,
1439 1702 1588 1776 Seio,
1636 1701 1830 1776 inquit,
1872 1697 2016 1776 quod
2059 1697 2210 1768 cogi-

613 1782 811 1836 taverit
839 1779 987 1834 Deus
1006 1769 1271 1832 occidere
1300 1769 1531 1844 te,'quia
1562 1769 1736 1845 fecisti
1769 1771 1872 1828 hoc
1900 1769 2124 1839 malum,
2153 1780 2208 1826 et

611 1853 837 1925 insuper
876 1864 981 1905 non
1014 1846 1332 1925 acquievistj
1358 1846 1588 1925 consilio
1622 1860 1766 1900 men.
1805 1915 1816 1925 '

683 1913 850 1993 Igitur
880 1913 1131 1993 Amasia's
1175 1917 1460 1993 rex_Juda,
1505 1915 1915 1993 i_t_ti_to_pessimo
1947 1913 2206 1993 eopsilio,

611 1984 764 2050 misit
792 1994 861 2050 ad
889 1992 1017 2048 Joas
1061 1991 1227 2046 ﬁlium
1254 1991 1458 2046 Joahaz
1499 1988 1597 2043 ﬁlii
1636 1984 1763 2053 Jeu,
1797 2001 1980 2056 regem
2011 1984 2206 2052 lsrael,

610 2065 801 2122 dicens
835 2084 849 2118 :
885 2064 1043 2123 Veni,
1078 2060 1364 2116 videamus
1395 2074 1494 2115 nos
1527 2067 1734 2114 mutuo.
1876 2082 1885 2093 ι

686 2144 752 2191 At
779 2137 875 2192 ille
905 2134 1116 2190 remisit
1154 2133 1425 2199 nuntium,
1458 2131 1675 2197 dicens,
1705 2128 1979 2192 Carduus,
2007 2125 2100 2197 qui
2126 2136 2211 2199 est

609 2208 665 2263 in
699 2208 928 2268 Libano,
973 2205 1120 2260 misit
1149 2205 1214 2259 ad
1246 2198 1471 2260 cedrum
1512 2200 1731 2269 Libani,
1769 2200 2007 2256 dicens:
2040 2200 2113 2253 Da
2149 2198 2210 2254 li-

610 2280 737 2336 liam
781 2288 926 2335 tuam
969 2277 1084 2333 ﬁlio
1117 2292 1241 2332 meo
1281 2289 1503 2330 uxorem
1539 2291 1551 2327 :
1584 2282 1636 2329 et
1674 2287 1805 2329 ecce
1843 2271 2056 2335 besﬁar,
2088 2286 2210 2340 qua:

612 2354 771 2406 erant
819 2352 873 2405 in
919 2349 1049 2404 silva
1085 2347 1300 2416 Libani,
1349 2345 1706 2410 transierunt,
1751 2353 1806 2402 et
1852 2343 2211 2400 conculcave-

610 2433 743 2478 ruut
780 2420 1063 2477 carduutn.

688 2493 881 2548 Dixisti
911 2507 924 2546 :
953 2489 1206 2547 Percussi
1258 2490 1448 2554 Edom,
1500 2496 1559 2545 et
1599 2485 1808 2544 idcirco
1855 2485 2084 2558 erigitur
2113 2502 2210 2543 cor

612 2573 768 2620 tuum
802 2565 856 2619 in
889 2563 1199 2631 superbiam
1238 2579 1251 2617 :
1279 2561 1410 2619 sede
1439 2558 1495 2615 in
1535 2559 1701 2615 domo
1732 2569 1847 2625 tua,
1876 2573 1977 2614 cur
2006 2558 2207 2614 malum

613 2636 906 2692 adversum
937 2630 993 2692 te
1034 2647 1319 2705 provocas,
1364 2643 1421 2688 ut
1464 2630 1628 2688 cadas
1674 2641 1732 2688 et
1764 2640 1843 2700 tu,
1877 2640 1935 2687 et
1958 2631 2099 2688 Juda
2131 2639 2213 2687 tc-

610 2707 776 2763 cum?
1642 2730 1653 2735 κ

685 2778 873 2835 Noluit
900 2778 1092 2835 audire
1128 2774 1401 2842 Amasias,
1429 2791 1495 2832 eo
1522 2776 1669 2845 quod
1701 2773 1913 2831 Domini
1945 2781 2094 2830 esset
2114 2787 2211 2829 vo-

612 2850 816 2915 luntas,
865 2860 928 2906 ut
968 2849 1277 2907 traderetur
1317 2848 1373 2904 in
1423 2848 1673 2903 manibus
1718 2846 1956 2903 hostium
1990 2857 2211 2917 propter

614 2923 748 2979 deos
773 2923 963 2978 Edom.

688 2994 948 3066 Ascendit
993 2992 1160 3066 igitur
1185 2991 1314 3049 Joas
1362 3007 1460 3050 rex
1498 2989 1689 3062 Israel,
1738 2999 1796 3046 et
1844 2998 2067 3048 mutuos
2106 2988 2211 3046 sibi

614 3065 904 3136 praebuere
936 3065 1262 3133 conspectus
1296 3081 1309 3118 :

686 3137 936 3193 Amasias
956 3131 1138 3192 autem
1159 3152 1252 3192 rex
1275 3134 1414 3193 Juda
1437 3143 1550 3191 erat
1577 3135 1634 3189 in
1659 3131 2018 3190 Beth-Sames
2040 3131 2207 3189 Juda:

688 3208 1015 3333 Forruitque
1041 3207 1179 3265 Juda
1208 3223 1391 3263 coram
1419 3205 1612 3275 Israel,
1642 3219 1695 3263 et
1719 3205 1858 3279 fugit
1883 3205 1938 3261 in
1962 3205 2212 3262 taberna-

712 3295 741 3333 a
772 3296 889 3333 sua.

617 3295 741 3336 Cilla
772 3296 889 3336 sua.

685 3352 857 3409 Porro
886 3352 1164 3409 Amasiam
1196 3366 1381 3423 regem
1403 3349 1566 3417 Juda,
1592 3349 1783 3423 ﬁlium
1799 3347 1932 3407 Joas
1964 3347 2060 3404 ﬁlii
2086 3346 2216 3423 Joa-

614 3422 740 3496 haz,
787 3424 1095 3496 cepitiJoas
1142 3438 1237 3479 rex
1264 3420 1447 3496 'lsrael
1490 3424 1556 3496 in_
1588 3421 1965 3488 Beth-Sames,
2014 3430 2072 3496 et
2113 3420 2213 3474 ad-

615 3494 775 3550 duxit
822 3492 875 3551 in
925 3495 1227 3553 Jerusalem
1268 3494 1695 3565 :destruxitque
1744 3492 2132 3565 murumiejus
2182 3507 2215 3547 a

616 3566 1058 3693 portalfiphraim
1088 3581 1263 3638 usque
1285 3565 1353 3622 ad
1375 3572 1595 3637 portam
1618 3564 1823 3638 anguli,
1847 3564 2215 3636 quadringen-

646 3653 690 3692 IS
719 3653 784 3693 cu
830 3656 841 3693 I
872 3654 938 3693 IS.

616 3638 690 3692 tis
719 3639 938 3694 cubitis.

689 3711 865 3766 Omne
892 3724 1108 3780 quoque
1153 3724 1370 3776 aurum,
1396 3717 1474 3780 et
1516 3717 1830 3780 argentum,
1879 3715 1936 3764 et
1960 3706 2215 3780 universa

620 3794 773 3849 vasa,
803 3776 923 3846 quae
966 3776 1247 3851 repererat
1291 3781 1346 3835 in
1376 3779 1546 3836 domo
1582 3776 1712 3850 Dei,
1746 3790 1802 3837 et
1847 3778 1995 3851 apud
2028 3776 2214 3851 Obed-

621 3852 773 3924 dom.
815 3851 873 3907 lu
908 3849 1191 3924 thes—turis
1223 3854 1392 3908 etiam
1426 3851 1621 3909 domus
1645 3849 1836 3924 regite,
1865 3849 1922 3909 et
1948 3850 2089 3907 ﬁlios
2118 3849 2218 3906 ob-

617 3922 798 3978 sidum
825 3922 1051 3978 reduxit
1077 3924 1405 3979 Samariam.

694 3993 840 4049 Vixit
874 4004 1057 4049 autem
1104 3995 1353 4051 Amasias
1388 3994 1532 4050 ﬁlius
1561 3996 1692 4053 Joas
1741 4011 1835 4051 rex
1866 3993 2030 4061 Juda,
2063 4005 2218 4065 post-

616 4080 777 4135 quam
831 4073 1081 4122 mortuus
1131 4076 1217 4123 est
1260 4065 1389 4123 Joas
1439 4066 1584 4123 ﬁlius
1628 4067 1837 4124 Joahaz
1885 4080 1980 4122 rex
2025 4066 2210 4133 lsracl,

616 4137 928 4207 quindecim
956 4139 1138 4192 annis.

691 4208 921 4279 Reliqua
949 4217 1131 4265 autem
1154 4223 1474 4267 sermonum
1504 4210 1741 4266 Amasiaa
1767 4209 2009 4277 priorum
2030 4218 2086 4265 et
2118 4224 2216 4263 no-

614 4280 966 4407 lvissirporum
1012 4282 1215 4352 scripta
1265 4290 1396 4338 sunt
1446 4283 1501 4336 in
1554 4283 1696 4340 libro
1727 4282 1932 4351 Regum
1960 4280 2099 4336 Juda
2161 4292 2214 4338 et

643 4368 804 4406 srae.

643 4368 804 4406 sraet.

685 4422 792 4490 Qui
820 4431 1105 4495 postquam
1138 4423 1371 4495 recessit
1399 4439 1432 4480 a
1474 4423 1731 4495 Domino,
1764 4422 2116 4483 tetenderunt
2159 4419 2215 4482 ei

615 4491 837 4549 insidias
875 4495 929 4550 in
961 4491 1288 4552 Jerusalem.

688 4566 934 4639 Cumque
967 4566 1194 4639 fugisset
1225 4565 1446 4636 Lachis,
1491 4568 1782 4637 miserunt,
1824 4577 1883 4626 et
1920 4566 2215 4625 interfece-

615 4646 745 4693 runt
768 4637 890 4693 eum
916 4637 1014 4693 ibi.

686 4710 1187 4785 Reportantesque
1221 4723 1388 4785 super
1435 4726 1628 4785 equos,
1690 4711 2034 4785 sepelierunt
2081 4728 2207 4769 eum

614 4794 736 4836 cum
766 4780 1011 4851 patribus
1032 4780 1147 4837 suis
1175 4781 1229 4837 in
1264 4780 1497 4839 civitate
1514 4792 1541 4821 ιι
1564 4782 1755 4841 David.

686 4852 1090 4926 [ϐαΡεΧΧνΗ
1135 4852 1324 4909 Omnis
1354 4863 1536 4926 autem
1566 4857 1798 4926 populus
1828 4854 1991 4921 Juda,
2035 4855 2207 4911 ﬁlium

613 4923 734 5007 eius
763 4923 951 5007 Oziani
982 4923 1249 5007 annorum
1293 4923 1874 4997 sedecim,‘coustituit
1898 4941 2080 5000 regem
2110 4941 2208 4998 pro

613 5004 768 5067 patre
793 5011 893 5052 suo
924 4996 1166 5052 Amasia.

685 5068 802 5137 Ipse
850 5068 1138 5125 aediﬁcavit
1190 5067 1391 5133 Ailath,
1443 5079 1498 5125 et
1543 5069 1787 5127 restituit
1833 5084 1954 5126 eam
2013 5068 2206 5127 ditioni

607 5137 1087 5213 Juda,‘postquam
1118 5138 1393 5210 ,dormivit
1437 5156 1536 5200 rex
1569 5157 1692 5198 cum
1725 5142 1968 5213 patribus
1995 5143 2129 5198 suis.

687 5209 1223 5285 Sedecim‘annorum
1250 5220 1369 5285 erat
1406 5215 1564 5270 Ozias
1598 5209 1980 5285 cum'reguare
2010 5216 2208 5284 coepis-

608 5288 812 5407 εθῖἑηξι
837 5284 1227 5357 quinquaginta
1253 5284 1469 5344 duobus
1495 5285 1656 5342 annis
1684 5284 1933 5358 regnavit
1963 5285 2019 5342 in
2046 5285 2206 5344 Jeru-

608 5367 665 5407 sa
804 5370 816 5406 :

602 5366 777 5407 sarem
804 5370 816 5406 ε

676 5422 888 5498 [femen
920 5427 1109 5484 matris
1129 5427 1248 5498 ejus
1273 5426 1515 5486 Jechelia
1546 5428 1615 5485 de
1641 5427 1972 5489 Jerusalem.

672 5495 936 5569 Fecitque
963 5498 1108 5569 quod
1137 5495 1254 5556 erat
1278 5508 1492 5558 rectum
1516 5501 1572 5558 in
1593 5500 1770 5559 oculis
1793 5502 2026 5570 Domini,
2048 5502 2203 5576 juxta

676 5643 704 5673 ι
726 5635 987 5709 Helusius
1020 5648 1127 5709 non
1156 5642 1291 5701 “mw,
1321 5635 1511 5705 David,
1557 5637 1646 5694 hie
1671 5636 1857 5709 habet,
1888 5640 1985 5697 sed
2014 5649 2191 5709 mw,

601 5704 764 5763 Juda.
798 5706 1192 5784 Nihilose_c_iu_s,
1221 5716 1436 5784 veteres
1463 5704 1579 5784 alii,
1602 5704 2076 5784 pleriqueomnes
2107 5704 2192 5769 in;

593 5785 886 5849 terpretes,
911 5794 998 5856 Aac
1036 5777 1252 5850 Vulgati
1297 5779 1479 5840 Latini
1529 5777 1653 5839 libri
1704 5777 1875 5839 David
1905 5784 2024 5856 pari
2059 5799 2193 5843 con-

595 5863 760 5921 sensu
790 5852 1110 5921 praeferunt.

665 5919 694 5960 δ
722 5919 813 5982 Sic
847 5923 978 5995 legit
1021 5922 1214 5984 Canon
1259 5924 1622 5985 Memmianus
1665 5925 1723 5984 iu
1751 5940 2032 5999 corpore:
2090 5941 2192 6001 pro

2239 1879 2288 1940 B

2310 546 2479 603 Deum
2527 541 2577 601 in
2610 546 2806 602 diebus
2845 541 3528 614 Zacharimintelligentis
3571 543 3927 614 dividentis

2306 618 2477 690 Deum
2506 636 2520 673 :
2551 632 2787 690 cumque
2812 616 3114 688 requireret
3141 613 3454 682 Dominum,
3481 613 3683 671 direxit
3704 630 3834 672 eum
3870 616 3925 670 in

2305 689 2583 748 omnibus.

2381 763 2620 833 Denique
2668 775 2927 833 egressus
2971 767 3079 826 est,
3110 758 3459 833 et_puguavit
3499 766 3713 833 coutra_
3743 757 3926 833 Phili-

2306 833 2495 900 sthim,
2528 829 2583 890 et
2611 829 2888 889 desiruxit
2912 847 3130 889 murum
3161 829 3328 903 Gelli,
3355 842 3414 889 et
3441 848 3659 888 murum
3681 829 3925 899 Jabuiar,

2308 921 2635 976 murumque
2667 904 2826 962 Azoti
2853 923 2868 960 :

2363 974 2694 1103 ldidilieavit
2723 992 2830 1049 quo
2852 991 2941 1048 iue
2985 974 3188 1047 Oppida
3234 975 3292 1031 iu
3333 975 3528 1044 Azoto,
3559 986 3619 1034 et
3662 974 3720 1032 in
3750 974 3927 1032 Phili-

2382 1066 2501 1103 llttl.

2308 1060 2501 1105 Slillttl.

2383 1123 2446 1174 lit
2477 1120 2682 1191 adjuvit
2711 1136 2837 1177 eum
2871 1121 3012 1178 Deus
3041 1128 3234 1177 contra
3266 1118 3603 1188 Pltilisthitn,
3633 1128 3694 1177 et
3727 1131 3923 1176 contra

2314 1192 2539 1274 Arabes,
2575 1193 2666 1264 qui
2698 1193 3017 1249 habitabant
3059 1191 3116 1248 in
3149 1192 3415 1259 Gurbaal,
3440 1201 3499 1249 et
3541 1204 3745 1248 contra
3792 1190 3926 1248 Am-

2310 1276 2566 1319 tuonitas.

2379 1335 2887 1408 Appendebantque
2946 1335 3279 1408 Ammonita:
3332 1351 3563 1393 munera
3613 1335 3821 1392 Ozias:
3870 1346 3925 1391 et

2308 1407 2648 1480 diru'gatum
2707 1407 3049 1465 estnomen
3104 1407 3226 1477 ejus
3274 1424 3448 1480 usque
3504 1409 3572 1465 ad
3632 1408 3923 1465 introitum

2309 1477 2534 1551 .‘Egypti
2566 1492 2789 1549 propter
2821 1482 3044 1537 crebras
3072 1480 3357 1536 victorias.

2385 1546 2808 1619 Hidiﬁcavitque
2857 1551 3017 1608 Ozias
3071 1558 3254 1609 turres
3296 1552 3350 1606 iu
3396 1546 3707 1608 Jerusalem
3759 1567 3926 1622 super

2310 1634 2522 1696 portum
2555 1625 2763 1696 anguli,
2793 1634 2849 1678 et
2877 1639 3040 1696 Super
3068 1635 3281 1695 portam
3309 1623 3489 1691 vallis,
3518 1633 3576 1680 et
3597 1625 3841 1695 reliquas
3869 1626 3921 1678 in

2312 1695 2502 1752 eodem
2531 1695 2671 1751 muri
2705 1696 2897 1764 latere,
2926 1695 3275 1763 ﬁrmavitque
3302 1710 3420 1752 eas.

2385 1767 2667 1823 Exstruxit
2688 1769 2853 1823 etiam
2878 1780 3058 1825 turres
3086 1768 3139 1823 in
3163 1767 3476 1835 solitudine,
3495 1778 3553 1823 et
3573 1765 3712 1823 fodit
3732 1772 3926 1822 cister-

2314 1854 2413 1895 nas
2445 1840 2728 1909 plurimas,
2762 1854 2829 1896 eo
2859 1838 3003 1911 quod
3035 1838 3258 1911 haberet
3283 1840 3453 1895 multa
3483 1854 3711 1909 pecora,
3735 1849 3848 1895 tam
3874 1843 3923 1895 in

2314 1912 2715 1983 eatupestribus
2740 1909 2902 1980 quam
2936 1913 2988 1966 iu
3017 1909 3188 1969 eremi
3220 1913 3474 1967 vastitate
3504 1929 3518 1965 :

2385 1982 2585 2039 Vincas
2629 1998 2848 2054 quoque
2897 1983 3107 2054 habuit,
3151 1983 3501 2054 etviuitires
3534 1983 3585 2054 in
3616 1982 3922 2047 montibus,

2311 2054 2464 2183 stlin
2497 2052 2788 2112 Carnielo':
2820 2066 2939 2111 erat
2977 2053 3178 2126 quippe
3222 2052 3386 2111 homo
3429 2053 3783 2126 agricultura:
3829 2058 3925 2111 deo

2354 2146 2365 2180 l
2397 2143 2480 2180 IIS.

2354 2128 2480 2180 itus.

2394 2198 2514 2253 Fuit
2546 2196 2729 2255 autem
2762 2197 3039 2254 exercitus
3072 2196 3402 2255 bellatorum
3433 2197 3578 2265 ejus,
3606 2196 3703 2267 qui
3735 2212 3924 2268 proce-

2312 2269 2517 2326 debant
2545 2271 2616 2326 ad
2647 2269 2855 2341 prmlia,
2887 2270 2989 2326 sub
3026 2285 3191 2341 manu
3220 2268 3358 2326 Jeiel
3383 2271 3604 2338 scribze,
3634 2270 3925 2339 absitque

2313 2343 2577 2425 duc-toris,
2612 2340 2669 2398 et
2698 2343 2801 2399 sub
2835 2356 2999 2399 manu
3026 2340 3287 2410 Ananiae,
3319 2342 3413 2413 qui
3448 2351 3571 2398 erat
3595 2341 3667 2397 de
3692 2341 3923 2397 ducibus

2314 2429 2480 2485 regis.

2384 2483 2680 2556 Omnisque
2697 2500 2956 2542 numerus
2974 2484 3278 2556 principum
3297 2501 3393 2557 per
3415 2483 3659 2542 familias
3675 2483 3923 2542 virorum

2314 2557 2557 2622 fortium,
2582 2559 2813 2616 duorum
2838 2557 3067 2613 millium
3098 2568 3503 2616 sexcentorum.

2386 2630 2453 2686 Et
2492 2629 2594 2687 sub
2636 2631 2715 2686 eis
2744 2631 3040 2685 universus
3068 2627 3098 2669 δ
3127 2631 3428 2697 exercitus,
3459 2637 3837 2685 trecentorum
3872 2639 3926 2683 et

2276 2696 2281 2703 ’
2314 2714 2527 2768 septem
2573 2701 2802 2757 millium
2852 2701 3274 2773 quingentorum
3311 2696 3452 2772 :qui
3499 2711 3669 2773 erant.
3700 2699 3819 2773 apti
3860 2701 3925 2754 ad

2314 2773 2479 2838 bella,
2510 2782 2564 2830 et
2599 2788 2697 2844 pro
2726 2787 2851 2843 rege
2877 2786 3068 2829 contra
3108 2774 3459 2832 adversarios
3486 2772 3856 2827 dimicabant.

2386 2844 2721 2912 Prmparavit
2752 2859 2967 2914 quoque
2997 2847 3078 2901 eis
3099 2845 3280 2913 Ozias,
3310 2845 3363 2901 id
3395 2857 3499 2905 est.
3532 2855 3740 2898 cuncto
3770 2858 3927 2899 03er-

2313 2916 2465 2981 citui,
2495 2919 2741 2993 clypeos,
2773 2929 2829 2993 e_t
2847 2917 3055 2993 hastas,
3081 2926 3137 2974 et
3160 2919 3368 2993 galeas,
3402 2927 3477 2993 θεν
3474 2915 3716 2982 loricas,
3739 2930 3924 2970 arcus-

2315 3004 2423 3061 que
2447 2998 2511 3061 et
2530 2986 2727 3061 {nudas
2753 2986 2818 3061 ad
2840 2987 3128 3061 jaciettdos
3160 2989 3390 3059 lapides.

2391 3061 2457 3116 Et
2490 3060 2618 3117 fecit
2658 3060 2729 3132 iu
2755 3058 3060 3116 Jerusalem
3107 3056 3310 3118 diversi
3356 3059 3579 3132 generis
3610 3056 3918 3123 machinas,

2315 3148 2467 3204 quas
2490 3131 2547 3188 in
2580 3130 2820 3188 turribus
2848 3131 3171 3199 collocavit,
3199 3140 3257 3188 et
3284 3133 3341 3188 in
3366 3130 3585 3204 angulis
3614 3146 3920 3195 murorum,

2317 3203 2378 3260 ut
2403 3203 2697 3275 mitterent
2716 3205 2943 3274 sagittas
2993 3211 3052 3260 et
3075 3219 3205 3261 saxa
3234 3203 3465 3275 grandia
3490 3219 3506 3256 ε
3533 3217 3925 3272 egressumque

2239 3275 2285 3340 C
2319 3286 2403 3331 est
2430 3291 2630 3331 nomen
2654 3274 2773 3347 ejus
2796 3275 3103 3347 procul,_eo
3125 3274 3271 3347 quod
3289 3276 3645 3332 auxiliaretur
3665 3276 3719 3329 ei
3748 3276 3925 3329 Domi-

2319 3363 2451 3416 nus,
2483 3356 2541 3404 et
2567 3345 2980 3403 corroborasset
3011 3345 3192 3405 illum.

2389 3419 2493 3475 Sed
2516 3434 2641 3475 cum
2664 3416 2954 3473 roboratus
2983 3429 3155 3485 esset,
3181 3420 3459 3476 elevatum
3484 3427 3572 3474 est
3602 3432 3703 3474 cor
3730 3416 3851 3488 ejus
3872 3420 3923 3473 in

2319 3491 2600 3561 interitum
2628 3504 2810 3554 suum,
2839 3499 2895 3545 et
2924 3490 3173 3561 neglexit
3203 3493 3492 3550 Dominum
3514 3490 3693 3546 Deum
3724 3505 3921 3546 suum:

2389 3560 2783 3633 Ingressusque
2815 3560 3080 3632 templum
3111 3563 3350 3628 Domini,
3380 3561 3608 3618 adolere
3641 3562 3812 3618 voluit
3842 3562 3923 3616 iu-

2317 3632 2541 3707 eeusum
2569 3648 2741 3707 super
2760 3633 2932 3689 altare
2958 3632 3348 3707 thymiamatis.

2387 3703 2696 3775 Statimque
2731 3703 3033 3775 ingressus”
3054 3716 3177 3775 pou
3222 3723 3348 3763 cum
3376 3707 3607 3764 Antias
3635 3703 3915 3773 sacerdos,

2320 3787 2377 3834 et
2415 3793 2537 3833 cum
2568 3774 2635 3832 eo
2664 3774 2976 3835 sacerdotes
3020 3779 3235 3834 Domini
3263 3780 3571 3849 octoginta,
3601 3778 3705 3835 viri
3739 3775 3923 3833 fortis-

2317 3849 2463 3920 simi,
2495 3850 2815 3920 reStiteruut
2834 3850 2983 3920 regi,
3009 3857 3177 3918 atque
3197 3850 3458 3907 dixerunt
3478 3867 3497 3905 :

2391 3919 2510 3975 Non
2539 3928 2626 3976 est
2655 3919 2734 3975 tui
2758 3919 2942 3988 ofﬁcii,
2973 3919 3125 3987 Ozia,
3152 3930 3209 3979 ut
3235 3921 3458 3981 adoleas
3487 3924 3773 3978 incensum
3808 3920 3914 3976 Do—

2317 3992 2499 4047 mino?
2529 3992 2623 4048 sed
2651 3991 3022 4056 sacerdotum,
3054 3992 3157 4050 hoc
3182 4006 3286 4059 eat,
3322 3994 3559 4050 ﬁliorum
3584 3997 3792 4057 Aaron,
3814 3997 3908 4061 qui

2317 4064 2632 4120 consecrati
2659 4072 2788 4119 sunt
2817 4063 2884 4119 ad
2913 4062 3288 4133 hujuscemodi
3320 4065 3690 4121 ministerium
3720 4082 3739 4118 :
3760 4078 3919 4135 egre-

2315 4136 2449 4192 dere
2476 4139 2544 4191 de
2571 4135 2903 4207 sanctuario,
2950 4152 3019 4192 ne
3046 4136 3448 4207 contempseris
3473 4155 3487 4191 :
3516 4137 3645 4207 quia
3673 4150 3787 4192 non
3824 4150 3914 4191 re-

2319 4208 2595 4278 putabitur
2626 4205 2725 4261 tibi
2748 4206 2803 4260 in
2818 4206 3053 4278 gloriam
3076 4207 3183 4264 hoc
3208 4224 3243 4262 a
3274 4205 3508 4269 Domino
3532 4205 3666 4264 Deo.

2391 4280 2779 4349 lratusqueest
2805 4276 2986 4348 Ozias,
3007 4288 3063 4336 et
3086 4292 3280 4336 tenens
3307 4280 3363 4335 in
3387 4296 3552 4336 manu
3584 4278 3917 4336 thuribulum

2317 4361 2377 4406 ut
2406 4348 2652 4407 adoleret
2681 4348 2989 4418 incensum,
3023 4351 3337 4409 minabatur
3365 4350 3773 4417 sacerdotibus.

2386 4422 2689 4493 Statimque
2740 4431 2859 4493 orta
2914 4431 2998 4479 est
3048 4424 3205 4493 ,lepra
3249 4422 3305 4480 iu
3354 4421 3540 4479 fronte
3564 4422 3686 4492 eius
3731 4437 3916 4478 coram

2315 4494 2692 4578 sacerdotibus
2738 4492 2794 4549 in
2820 4492 2989 4553 domo
3035 4492 3246 4552 Domini
3285 4510 3453 4566 super
3482 4494 3657 4551 altare
3684 4493 3915 4567 thymia-

2316 4577 2497 4622 mitts.

2390 4636 2635 4709 Cumque
2682 4638 3014 4710 respexisset
3069 4655 3217 4710 eum
3258 4637 3484 4695 Azarias
3536 4635 3818 4710 pontifex,
3865 4646 3920 4693 et

2320 4725 2515 4782 omnes
2544 4710 2734 4782 reliqui
2763 4709 3105 4777 sacerdotes,
3133 4709 3391 4768 viderunt
3415 4710 3628 4782 lepram
3660 4712 3715 4765 iu
3743 4709 3922 4765 [reme

2316 4781 2456 4853 ejus,
2484 4794 2539 4838 et
2562 4781 2818 4837 festinato
2846 4784 3170 4852 expulerunt
3191 4798 3341 4839 eum.

2386 4854 2490 4909 Sed
2514 4865 2569 4911 et
2593 4853 2710 4924 ipse
2732 4851 3076 4924 perterritus,
3098 4852 3426 4912 acceleravit
3444 4851 3657 4925 egredi,
3678 4867 3751 4910 eo
3773 4851 3919 4925 quod

2314 4926 2583 4983 sensisset
2603 4925 2750 4981 illico
2785 4926 2996 4995 pingant
3027 4925 3267 4983 Domini.
3682 4957 3687 4960 ο

2385 4997 2510 5053 Fuit
2530 4997 2690 5070 igitur
2725 4995 2895 5070 Ozias
2910 5014 3009 5070 rex
3038 4997 3287 5070 leprosus
3310 5012 3482 5068 usque
3503 4995 3573 5070 ad
3593 4995 3924 5070 diem‘mor-

2313 5071 2382 5127 tis
2412 5067 2629 5137 sutefet
2662 5067 2926 5125 habitavit
2955 5068 3009 5124 in
3042 5067 3206 5125 domo
3236 5067 3489 5138 separata
3514 5068 3712 5140 plenus
3745 5068 3920 5140 lepra,

2317 5144 2389 5201 ob
2418 5157 2581 5213 quam
2611 5140 2819 5213 eiectus
2842 5140 3016 5213 luerat
3041 5142 3111 5213 de
3131 5142 3297 5198 domo
3323 5140 3563 5213 Domitii.

2390 5211 2562 5269 Porro
2600 5211 2851 5285 Joathaut
2882 5211 3021 5268 ﬁlius
3052 5212 3170 5285 ejus
3213 5214 3357 5270 rexit
3392 5211 3613 5271 domum
3653 5211 3836 5283 regis,
3868 5218 3927 5268 et

2311 5285 2594 5359 judicabat
2615 5284 2870 5355 populum
2902 5284 3093 5341 terrae.
3200 5355 3226 5359 μ
3252 5346 3259 5355 η

2387 5356 2617 5428 Reliqua
2646 5354 2826 5428 autem
2848 5371 3158 5428 sermonum
3189 5355 3339 5413 Ozias
3362 5357 3607 5428 priorum
3630 5365 3699 5428 et
3725 5354 3921 5412 novis-

2313 5426 2605 5491 simoruin,‘
2636 5426 2856 5498 scripsit
2881 5427 3054 5485 lsaias
3086 5427 3230 5485 ﬁlius
3255 5426 3460 5499 Amos,
3487 5427 3775 5499 propheta.

2388 5499 2764 5573 Dormivitque
2800 5499 2959 5558 Ozias
2985 5516 3109 5559 cum
3148 5498 3394 5573 patribus
3430 5502 3570 5567 suis,
3596 5498 3924 5571 etsepclie-

2306 5643 2548 5698 trecentis
2604 5655 2738 5713 vero
2779 5639 2835 5697 in
2887 5641 3133 5713 margine
3176 5650 3449 5713 mactatos
3483 5650 3678 5706 notat,
3708 5648 3771 5696 et
3816 5655 3921 5707 pro

2302 5723 2497 5785 septem
2523 5712 2773 5781 millibus,
2810 5728 2901 5769 Vill
2934 5712 3124 5785 millia.
3159 5712 3291 5781 Quae
3317 5714 3592 5771 variantes
3621 5713 3919 5778 lcetioues,

2308 5784 2527 5841 errores
2572 5792 2702 5841 sunt
2741 5784 3172 5855 antiquariorum
3199 5800 3298 5845 seu
3329 5794 3575 5847 veterum
3601 5785 3918 5856 exseripto-

2301 5873 2422 5916 rutu
2449 5857 2795 5918 Latinorum.
2828 5857 3009 5915 Nam.
