4112 6354
272 388 413 447 1589

1637 392 1870 453 VERBA
1907 352 2192 459 menon.

3434 405 3573 463 I390

272 517 396 565 runt
430 522 555 582 eum
598 506 654 562 in
701 520 832 579 agro
877 507 1137 579 regalium
1182 508 1590 582 sepulcrorum,
1617 523 1700 582 eo
1731 510 1873 581 quod
1902 515 1952 574 Α
1980 511 2266 581 Ephraim,
2302 510 2523 568 Azarias
2580 511 2723 569 lilius
2769 512 3038 582 Johanan,
3090 516 3380 573 Barachias
3429 522 3571 578 lilius

273 589 420 634 esset
476 580 721 651 leprosos
767 596 781 633 :

276 666 375 723 pro
407 668 495 708 eo.

347 723 501 794 lCap.
538 722 776 794 XXVII.]
811 722 1008 794 Viginti
1041 724 1276 795 quinque
1304 740 1567 781 annorum
1603 734 1721 781 erat
1746 723 1877 780 Joa-

275 796 424 869 tham
454 811 574 869 cum
602 811 827 863 regnare
847 796 1129 868 cmpisset,
1159 808 1213 852 et
1242 798 1475 854 sedecim
1499 799 1657 853 annis
1680 812 1876 869 regna-

276 868 353 921 vit
388 869 438 921 in
470 868 765 922 Jerusalem
795 885 808 921 :

226 956 227 959 η
349 938 557 993 Nomen
589 939 777 993 matris
805 940 922 1009 ejus
947 939 1137 996 Jerusa
1170 940 1281 996 ﬁlia
1311 942 1507 997 Sadoc.

351 1010 607 1081 Fecitque
634 1010 774 1081 quod
814 1022 1018 1066 rectum
1050 1021 1167 1067 erat
1204 1028 1386 1068 coram
1434 1014 1689 1079 Domino,
1719 1010 1872 1081 juxta

276 1083 458 1138 omnia
488 1097 609 1151 qua:
641 1084 844 1137 fecerat
881 1084 1040 1139 Ozias
1070 1094 1221 1153 paler
1261 1098 1424 1149 suns,
1453 1096 1686 1155 excepto
1725 1081 1872 1155 quod

278 1172 385 1209 non
410 1164 494 1209 est
517 1155 792 1225 ingressus
824 1156 1080 1226 templum
1110 1157 1339 1224 Domini,
1366 1166 1420 1211 et
1457 1158 1635 1212 adhuc
1693 1169 1869 1226 pupu-

278 1228 362 1282 Itts
382 1226 757 1297 delinquchat.

353 1299 472 1365 Ipse
502 1296 790 1352 aedificavit
831 1308 1039 1369 portam
1082 1299 1275 1353 domus
1319 1300 1534 1356 Domini
1576 1296 1872 1363 excelsam,

279 1380 336 1426 et
367 1370 420 1424 in
447 1386 605 1425 muro
630 1369 801 1437 Opbel
830 1372 995 1424 multa
1018 1372 1341 1426 construxit.

356 1441 531 1497 Urbes
563 1457 775 1512 quoque
806 1440 1090 1497 ardilicavit
1123 1442 1173 1497 in
1206 1443 1487 1499 montibus
1511 1444 1676 1513 Jutla,
1721 1449 1775 1497 et
1818 1441 1875 1496 in

279 1514 509 1569 saltibus
528 1514 748 1569 castella
779 1522 833 1569 et
866 1526 1060 1569 turres.

353 1585 473 1653 Ipse
505 1586 759 1658 pugnavit
804 1595 990 1641 contra
1034 1600 1212 1656 regem
1247 1586 1480 1641 ﬁliorum
1529 1588 1789 1658 Ammon,
1822 1601 1877 1648 et

278 1658 413 1713 vicit
440 1673 555 1722 eos,
582 1656 959 1730 dederuntque
975 1658 1023 1713 ei
1051 1661 1142 1711 lilii
1175 1662 1402 1713 AmmOn
1430 1660 1481 1713 in
1519 1667 1760 1730 tempore
1776 1656 1875 1720 illo

278 1738 496 1803 centum
516 1729 728 1803 talenta
757 1728 1067 1803 argenti,et
1094 1730 1280 1803 decem
1308 1733 1471 1785 millia
1501 1728 1658 1788 coros
1682 1735 1869 1803 tritici,

282 1816 348 1855 ac
398 1802 617 1858 tetidem
667 1800 835 1856 coros'
880 1800 1070 1857 hordei
1116 1820 1126 1855 :
1172 1802 1285 1857 Itan
1316 1805 1363 1857 ei
1398 1804 1745 1871 praebuerunt
1778 1800 1874 1862 lilii

280 1875 539 1938 Ammon,
575 1875 626 1927 in
658 1887 801 1927 anno
830 1872 1071 1928 secundo
1093 1886 1145 1929 et
1179 1875 1361 1929 tertio.

354 1945 859 2015 Corroboratusque
886 1953 970 2000 est
997 1944 1273 2011 Joatham,
1300 1960 1367 2000 eo
1409 1944 1554 2017 quod
1585 1944 1876 2004 direxisset

285 2014 400 2071 vias
432 2032 557 2071 suas
584 2014 1020 2072 coram’Domino
1042 2017 1154 2072 Dco
1180 2032 1297 2072 suo.

356 2087 580 2161 Reliqua
633 2096 812 2142 autem
867 2102 1180 2144 sermonum
1233 2087 1522 2155 Joatham,
1588 2099 1643 2147 et
1689 2106 1880 2148 omnes

284 2175 476 2235 pugnae
504 2161 727 2235 ejus,_et
756 2174 919 2231 opera
944 2202 959 2227 ,
990 2161 1188 2232 scripta
1220 2170 1349 2217 sunt
1388 2161 1441 2216 in
1486 2162 1627 2218 libro
1671 2163 1877 2235 Regum

284 2234 446 2287 Israel
474 2231 713 2288 et’Juda.

360 2304 554 2375 Viginti
587 2304 827 2376 quinque
863 2319 1127 2360 annorum
1155 2314 1273 2359 erat
1305 2320 1469 2374 quum
1513 2321 1746 2375 regnare
1769 2320 1877 2363 cm-

282 2376 471 2447 piaSCI,
496 2386 551 2432 et
577 2375 813 2431 sedecim
841 2378 997 2431 annis
1027 2377 1267 2446 regnavit
1303 2379 1355 2429 in
1386 2376 1715 2433 Jerusalem.

357 2448 730 2517 Dormivitque
764 2448 1016 2503 Joatham
1045 2464 1167 2503 cum
1200 2449 1441 2519 patribus
1464 2450 1577 2503 suis
1596 2492 1611 2518 ,
1636 2460 1691 2506 et
1720 2464 1878 2520 sepe-

283 2520 484 2576 lierunt
513 2536 635 2576 eum
659 2522 710 2575 in
742 2521 962 2576 civitate
990 2520 1177 2589 David,
1204 2530 1257 2576 et
1288 2520 1535 2590 regnavit
1563 2523 1711 2577 Ahaz
1742 2524 1881 2578 lilius

290 2593 417 2663 ejus
440 2606 540 2661 pro
568 2607 657 2647 eo.

359 2662 510 2736 [ϐαρ.
544 2662 805 2736 XX\’III.]
840 2666 1040 2734 Viginti
1092 2679 1357 2719 annorum
1403 2672 1521 2719 erat
1562 2664 1712 2721 Abaz
1755 2682 1877 2723 cum

286 2751 517 2805 regnare
548 2737 806 2807 cmpisset
833 2753 848 2793 :
873 2746 928 2792 et
964 2737 1202 2792 sedecim
1240 2737 1396 2792 annis
1429 2740 1674 2807 regnavit
1704 2740 1753 2793 in
1784 2739 1879 2795 Je-

287 2810 522 2864 rusalem
552 2827 564 2861 :

360 2880 476 2934 Non
509 2880 637 2935 fecit
665 2892 874 2937 rectum
908 2881 961 2935 in
988 2888 1280 2949 conSpectu
1305 2880 1519 2935 Domini
1556 2882 1691 2937 sicut
1713 2882 1881 2938 David

836 583 1187 652 regnavitquc
1242 581 1491 637 Joatham
1554 581 1696 637 lilius
1753 584 1871 653 ejus

291 2964 443 3023 pater
471 2952 587 3022 ejus
614 2971 626 3005 :
651 2956 747 3017 sed
774 2954 1071 3008 ambulavit
1096 2954 1148 3007 in
1176 2952 1277 3008 viis
1298 2968 1484 3023 regum
1513 2953 1704 3023 Israel,
1735 2954 1883 3010 insu-

292 3040 389 3096 per
418 3034 471 3078 et
502 3033 706 3078 statuas
735 3026 871 3080 ludit
906 3026 1126 3079 Baalim.

366 3098 482 3166 Ipse
520 3103 627 3163 est,
670 3097 761 3166 qui
802 3098 1037 3151 adolevit
1076 3096 1361 3153 incensum
1409 3098 1459 3152 in
1504 3097 1643 3152 valle
1672 3098 1885 3154 Benen-

291 3183 441 3234 nom,
473 3178 527 3222 et
554 3169 804 3223 lustravit
849 3169 988 3223 ﬁlios
1025 3184 1153 3223 suos
1202 3169 1254 3223 in
1313 3172 1467 3239 igne,
1510 3169 1666 3239 juxta
1720 3172 1881 3225 ritum

291 3242 529 3367 gentipm
559 3255 630 3309 qu
650 3255 692 3296 is
721 3240 990 3297 interfecit
1014 3241 1275 3296 Dominus
1297 3243 1351 3296 in
1379 3242 1612 3297 adventu
1645 3244 1879 3297 liliorum

318 3327 438 3366 srae
470 3352 484 3365 .

318 3312 484 3366 srael.

364 3382 719 3457 Sacriﬁcahat
752 3399 988 3455 quoque,
1032 3392 1085 3441 et
1110 3384 1399 3457 thymiama
1438 3384 1803 3457 succendebat
1831 3386 1881 3442 in

291 3456 548 3529 exgvlsis,
576 3467 633 3529 et
666 3457 718 3510 in
750 3458 1002 3525 collibus,
1035 3471 1083 3512 et
1116 3456 1218 3512 sub
1243 3458 1390 3511 onmi
1424 3457 1569 3529 lignei
1600 3456 1882 3513 frondoso.

368 3526 718 3600 Tt'atlidilqtte
768 3544 891 3583 eum
940 3529 1202 3583 Dominus
1257 3530 1398 3585 Deus
1440 3526 1557 3600 ejus
1614 3530 1667 3584 in
1723 3545 1885 3584 manu

296 3602 441 3669 regis
470 3599 664 3670 Syriae,
693 3604 782 3668 qui
810 3602 1237 3669 percnssiteum,
1261 3599 1620 3671 magnamque
1647 3601 1885 3671 pracdam

297 3671 442 3736 cepit
471 3673 535 3723 de
560 3674 678 3739 ejus
711 3673 960 3743 imperio,
992 3682 1048 3729 et
1078 3672 1306 3728 adduxit
1336 3673 1389 3727 in
1416 3673 1735 3728 Damascum
1764 3690 1779 3729 :

371 3743 616 3816 Manibus
657 3760 873 3813 quoque
904 3746 1046 3815 regis
1075 3745 1241 3800 Israel
1271 3745 1501 3800 traditus
1530 3754 1645 3813 est,
1674 3754 1728 3801 et
1760 3760 1887 3816 per-

298 3829 488 3870 cussus
516 3815 671 3885 plaga
706 3817 919 3884 grandi.

373 3885 690 3953 Occiditqne
715 3888 923 3942 Phacce
951 3889 1091 3943 lilius
1110 3888 1397 3955 Romelire,
1420 3888 1487 3943 de
1508 3888 1647 3945 Juda
1670 3898 1886 3944 centum

301 3958 485 4028 viginti
519 3959 684 4012 millia
720 3962 772 4013 in
798 3960 887 4014 die
920 3976 1046 4028 uno,
1073 3975 1262 4015 omnes
1285 3962 1432 4015 viros
1466 3960 1757 4016 be'latores
1786 3978 1797 4012 :
1823 3976 1888 4016 eo

300 4030 445 4103 quod
478 4030 830 4103 reliquissent
862 4033 1150 4088 Dominum
1189 4033 1357 4087 Deum
1392 4040 1601 4103 patrum
1644 4048 1885 4088 suorum.

377 4102 579 4157 Eodem
632 4112 878 4174 tempore
927 4105 1129 4159 occidit
1172 4102 1401 4169 Zechri,
1444 4105 1528 4159 vir
1583 4113 1776 4174 potens
1822 4120 1890 4160 ex

303 4172 579 4248 Ephraim,
614 4172 866 4248 Mnasiam
900 4177 1067 4230 lilium
1116 4179 1277 4248 regis,
1314 4187 1365 4230 et
1408 4172 1657 4230 Ezricam
1697 4178 1890 4232 ducem

302 4245 496 4319 domus
524 4252 661 4315 ejus,
700 4247 953 4302 Eleanam
987 4245 1203 4319 quoque
1239 4248 1539 4319 secundum
1572 4262 1601 4301 a
1630 4263 1778 4318 rege.

376 4318 763 4388 Ceperuntque
795 4320 885 4374 lilii
916 4320 1081 4375 Israel
1123 4320 1191 4375 de
1223 4318 1484 4374 fratribus
1514 4321 1625 4375 suis
1660 4322 1888 4375 ducenta

304 4390 471 4443 millia
504 4390 813 4463 mulierum,
849 4407 1165 4461 puerorum,
1193 4401 1246 4447 et
1276 4392 1603 4463 puellarum,
1632 4402 1686 4447 et
1716 4394 1894 4446 inlini-

305 4469 416 4533 tam
445 4461 681 4528 pra-dam
710 4479 721 4512 ε
751 4464 1194 4533 pertuleruntque
1221 4479 1341 4518 eam
1378 4465 1430 4517 in
1457 4461 1784 4519 Samariam.

380 4531 454 4605 Ea
487 4542 808 4605 tempestate
848 4544 963 4588 erat
992 4536 1063 4588 ibi
1099 4531 1357 4605 prOpheta
1393 4536 1635 4598 Domini,
1677 4536 1892 4589 nomine

305 4601 480 4668 Oded,
513 4602 603 4673 qui
630 4617 883 4672 egressus
911 4601 1123 4660 obviam
1152 4601 1415 4660 exercitui
1446 4608 1684 4661 venienti
1710 4608 1762 4661 in
1789 4606 1891 4661 Sa-

304 4676 550 4741 mariam,
579 4674 711 4728 dixit
744 4678 821 4729 eis
845 4691 860 4731 :

381 4748 517 4800 Ecce
548 4749 715 4801 iratus
740 4746 999 4803 Dominus
1023 4747 1166 4801 Deus
1195 4757 1405 4815 patrum
1428 4757 1734 4804 vestrorum
1759 4762 1888 4804 eon-

308 4827 389 4873 tra
433 4817 567 4871 Jnda
597 4836 609 4872 :
638 4818 857 4874 tradidit
886 4835 981 4875 eos
1020 4821 1073 4874 in
1104 4822 1352 4874 manibus
1385 4823 1604 4888 vestris,
1653 4832 1703 4875 et
1749 4820 1893 4875 occi-

306 4890 463 4945 distis
501 4904 596 4943 eos
636 4892 919 4964 atrociter,
972 4893 1044 4946 ita
1090 4902 1148 4947 ut
1196 4895 1261 4947 ad
1311 4893 1509 4948 uelum
1559 4895 1891 4964 pertingeret

308 4968 487 5016 vestra
514 4963 826 5019 crudelitas.

382 5033 606 5103 Insuper
636 5036 773 5091 lllios
800 5036 936 5091 Juda
967 5045 1020 5090 et
1042 5037 1342 5093 Jerusalem
1364 5038 1529 5094 vultis
1553 5038 1707 5092 vobis
1729 5035 1895 5104 subji-

308 5118 435 5159 cere
476 5107 527 5159 in
571 5120 757 5163 servos
797 5118 852 5164 et
875 5107 1103 5183 ancillas
1137 5125 1152 5166 :
1194 5108 1357 5183 quod,
1384 5124 1721 5183 nequaquam
1751 5108 1894 5183 facto

310 5191 446 5302 opqs
491 5186 576 5233 est
607 5198 620 5236 :
654 5181 920 5250 peccastis
963 5181 1109 5238 enim
1137 5195 1303 5253 super
1346 5180 1727 5238 hoc'Doinino
1787 5180 1897 5236 Deo

311 5262 403 5302 ves
432 5262 511 5302 ro.

311 5262 511 5303 VBSII'O.

388 5320 493 5376 Sed
525 5321 708 5395 audite
739 5324 1024 5380 consilium
1058 5339 1261 5391 meum,
1289 5332 1346 5381 et
1370 5325 1612 5382 reducite
1635 5322 1899 5395 captivos,

310 5405 447 5470 quos
489 5393 791 5470 adduxistis
835 5395 903 5470 de
930 5396 1188 5470 fratribus
1230 5398 1456 5466 vestris,
1499 5399 1625 5470 quia
1673 5393 1899 5467 magnus

311 5464 463 5519 furor
492 5465 701 5520 Domini
734 5468 977 5523 imminet
1008 5469 1182 5523 vobis.

385 5535 665 5593 Steterunt
715 5539 893 5610 itaque
962 5539 1064 5595 viri
1134 5541 1203 5597 de
1262 5540 1593 5612 principibus
1666 5542 1898 5598 ﬁliorum

388 5688 417 5720 ι
446 5679 571 5757 Mss.
600 5679 778 5757 Latini
807 5689 1119 5757 constanter
1133 5681 1317 5757 legunt
1338 5681 1426 5757 hic
1448 5697 1611 5754 supra
1629 5684 1909 5757 Tlteglalh—

318 5749 597 5823 Plialasar,
629 5753 696 5807 de
730 5767 837 5823 quo
866 5754 1069 5809 dictum
1093 5763 1175 5809 est
1191 5749 1551 5813 sufﬁcienter.
1583 5749 1761 5813 Mauri

389 5822 415 5861 ι)
444 5822 615 5877 Latini
644 5824 733 5879 alii
752 5822 887 5881 libri
912 5826 1115 5881 addunt
1136 5841 1369 5881 suorum.

394 5905 415 5931 ε
450 5896 800 5950 Memmianns
836 5897 1023 5953 Canon
1060 5899 1257 5954 retincl
1292 5898 1395 5953 hoe
1436 5898 1558 5956 loco
1600 5901 1906 5957 variantem

320 5964 639 6032 lectionem:
673 5984 796 6025 nam
823 5970 877 6026 in
898 5978 1159 6029 contextu
1184 5971 1255 6029 ita
1279 5970 1466 6043 habet,
1489 5973 1545 6029 in
1570 5972 1777 6033 civitate
1793 5972 1906 6030 Da-

1903 1910 1951 1969 Β

1981 584 2381 649 Mosollamoth,
2407 584 2689 654 Ezechias,
2717 586 2859 641 ﬁlius
2879 586 3109 656 Sellum,
3131 600 3185 645 et
3213 594 3405 645 Amasa
3431 595 3570 649 lilius

1978 656 2377 731 Adali,_contra
2409 672 2503 712 eos
2543 660 2633 729 qui
2669 658 2957 715 veniebant
2985 661 3052 717 de
3089 663 3307 731 prmlio,
3339 673 3393 719 et
3421 664 3573 720 dixe-

1976 736 2107 781 runt
2130 729 2207 781 cis
2240 747 2250 782 :

2051 799 2165 854 Non
2194 799 2553 873 introducetis
2587 800 2691 855 huc
2718 803 2981 871 captivos,
3033 819 3098 859 ne
3149 822 3433 873 peccemus
3463 809 3573 864 Du-

1978 872 2147 925 mino.
2181 871 2358 937 Quare
2382 874 2810 947 vultisadjicere
2843 891 3005 943 super
3031 871 3248 946 peccata
3282 890 3576 947 nostra,'ct

1975 953 2162 998 vetera
2201 945 2492 1021 cumulare
2540 944 2791 1021 delicta?
2817 944 3261 1018 graltdequippe
3294 944 3573 1021 peccatum

1983 1016 2275 1091 cst_,_et‘ira
2311 1016 2509 1070 furoris
2540 1016 2751 1091 Domini
2774 1020 3029 1091 imminet
3060 1016 3222 1091 super
3253 1016 3437 1077 Israel.

2054 1086 2495 1158 Dimiseruntque
2549 1088 2649 1144 viri
2700 1088 2991 1145 bellatores
3045 1086 3301 1161 pia-dam,
3345 1104 3399 1150 et
3449 1095 3573 1150 uni-

1977 1173 2137 1234 versa
2184 1175 2305 1234 quia
2346 1170 2628 1231 ceperant,
2675 1175 2856 1216 coram
2912 1161 3269 1234 principibus,
3325 1175 3380 1221 et
3429 1168 3577 1223 omni

1978 1230 2349 1286 multitudine.

2050 1303 2442 1379 Steteruntque
2479 1303 2613 1379 viri,
2657 1320 2793 1371 quos
2822 1318 2985 1375 supra
3017 1309 3468 1379 memoravimus,
3515 1324 3571 1366 et

1978 1375 2447 1451 apprehendeiites
2472 1376 2735 1451 captivos,
2770 1390 3069 1450 omnesque
3098 1379 3190 1451 qui
3217 1380 3345 1437 nudi
3378 1375 3567 1451 erant,

1979 1447 2282 1501 vestierunt
2310 1445 2377 1501 de
2404 1445 2615 1516 spoliis.

2050 1519 2294 1589 Cumque.
2327 1520 2614 1575 vesﬁ~sent
2644 1534 2762 1585 eos,
2793 1527 2849 1573 et
2874 1522 3231 1586 calceassent,
3266 1532 3320 1578 ct
3358 1525 3580 1580 refecis-

1979 1591 2250 1664 sentcibo
2281 1606 2343 1645 ac
2378 1604 2527 1661 potu,
2563 1594 2958 1664 nnxissentqne
2984 1608 3209 1664 propter
3236 1597 3497 1664 laborem,
3528 1608 3582 1654 et

1982 1662 2359 1717 adhibuissent
2385 1666 2465 1718 eis
2504 1677 2688 1718 curam
2731 1682 2747 1719 :
2782 1662 3114 1734 quicumque
3153 1666 3429 1723 ambulare
3469 1662 3576 1725 non

1978 1742 2252 1804 poterant,
2285 1743 2341 1808 et
2370 1745 2526 1808 erant
2552 1735 2850 1808 _imbecillo
2900 1750 3149 1807 corpore,
3199 1739 3577 1808 imposuerunt

1980 1822 2073 1861 eos
2092 1807 2370 1879 jumentis,
2390 1816 2442 1862 et
2463 1806 2805 1879 adduxerunt
2826 1805 3048 1879 Iericho
3073 1805 3347 1865 civitatem
3372 1814 3579 1879 palma-

1980 1892 2102 1960 rum
2134 1877 2199 1931 ad
2235 1876 2428 1933 fiatres
2473 1891 2694 1945 eorum,
2739 1877 2953 1949 ipsique
2996 1887 3200 1936 reversi
3238 1876 3585 1939 suntSama-

1985 1964 2140 2004 riam.

2054 2019 2323 2097 Tempore
2345 2019 2604 2097 illo-misit
2626 2035 2720 2076 rex
2744 2018 2896 2076 Ahaz
2917 2020 2985 2076 ad
3002 2037 3183 2094 regem
3209 2008 3585 2097 Assyriorum,

1982 2090 2244 2147 auxilium
2277 2091 2578 2161 postulans.

2058 2162 2439 2233 Veneruntqne
2470 2161 2721 2229 Idumaei,
2766 2171 2821 2219 et
2861 2176 3249 2232 percusserunt
3289 2168 3488 2225 multos
3512 2184 3582 2228 ex
3662 2218 3663 2221 η

1980 2234 2147 2307 Juda,
2175 2243 2229 2289 et
2259 2243 2519 2307 ceperunt
2542 2234 2777 2307 praedam
2807 2250 3085 2307 magnam.

2057 2305 2360 2382 Philisthim
2392 2321 2608 2382 quoque
2631 2306 2814 2382 diffusi
2852 2305 2980 2363 sunt
3013 2324 3114 2379 per
3138 2309 3303 2366 urbes
3327 2326 3580 2382 campes-

1983 2385 2197 2455 tres._et
2223 2378 2289 2432 ad
2316 2378 2598 2455 meridiem
2622 2377 2759 2455 {uda
2773 2396 2785 2431 :
2805 2377 3176 2455 ceperuntque
3194 2377 3574 2455 Beth-Samcs,

1982 2461 2039 2506 et
2069 2449 2292 2523 Aialon,
2317 2460 2372 2504 et
2396 2448 2694 2523 Gaderoth,
2728 2449 2907 2523 Suebo
2929 2448 3166 2523 quoque,
3193 2462 3247 2508 et
3274 2448 3581 2523 'I'hamnan,

1981 2533 2036 2579 et
2064 2522 2289 2587 Gamzo,
2320 2534 2441 2575 cum
2474 2522 2667 2576 viculis
2697 2522 2834 2587 suis,
2866 2532 2921 2576 ct
2950 2522 3330 2579 habitaverunt
3358 2527 3410 2579 in
3439 2526 3539 2580 eis.

2058 2592 2448 2665 Ilnmiliaverat
2474 2594 2619 2648 enim
2652 2592 2915 2665 Dominus
2949 2592 3144 2649 Judam
3180 2606 3401 2665 propter
3428 2598 3576 2653 Ahaz

1982 2680 2165 2735 regem
2198 2664 2355 2730 Juda,
2390 2680 2456 2736 eo
2486 2665 2629 2732 quod
2663 2664 2919 2720 nudasset
2951 2680 3073 2721 eum
3108 2664 3332 2736 auxilio,
3365 2678 3420 2725 et
3452 2686 3583 2725 con-

1987 2737 2217 2807 temptui
2248 2735 2527 2791 habuisset
2558 2736 2871 2791 Dominum.

2057 2808 2407 2875 Adduxitque
2449 2815 2639 2862 contra
2683 2816 2885 2880 eum,Ill
2929 2807 3590 2880 Thelgath-Phalnasar,

1985 2896 2165 2947 regem
2196 2880 2563 2951 Assyriorum,
2588 2881 2676 2951 qui
2711 2888 2764 2934 et
2784 2878 2979 2935 afﬁixit
3004 2878 3126 2936 eum
3147 2890 3223 2950 et,
3249 2883 3403 2941 nullo
3428 2878 3594 2940 resis4

1983 2962 2156 3014 tente,
2177 2952 2426 3006 vastavit.

2063 3026 2225 3095 Igitur
2245 3024 2421 3098 ΔΑιιςιῑ,
2446 3022 2672 3098 spoliata
2702 3022 2863 3098 domo
2878 3023 3111 3091 Domini,
3140 3033 3194 3081 et
3216 3026 3263 3079 ὠ
3288 3040 3378 3081 ma
3401 3043 3586 3098 regum

1986 3111 2051 3152 ac
2077 3096 2413 3167 principum,
2446 3095 2593 3168 dedit
2625 3096 2735 3166 regi
2764 3098 3112 3166 Assyriorum
3144 3113 3390 3168 munera,
3426 3095 3481 3156 et
3514 3112 3593 3156 la-

1988 3166 2110 3224 men
2136 3169 2267 3222 nihil
2296 3169 2345 3223 ei
2377 3166 2597 3237 proluit.

2060 3241 2283 3311 Insuper
2305 3249 2359 3294 et
2382 3242 2432 3293 in
2459 3248 2703 3308 tempore
2732 3238 2997 3309 angustia:
3027 3253 3144 3294 suae
3175 3242 3323 3296 auxit
3346 3251 3589 3299 contem-

1910 3302 1956 3365 C
1988 3323 2134 3380 ptum
2182 3302 2237 3367 in
2281 3302 2603 3376 Dominum,
2656 3310 2769 3382 ipse
2806 3302 2913 3380 'per
2956 3324 3017 3365 se
3059 3326 3158 3367 rex
3201 3313 3351 3367 Ahaz
3392 3315 3589 3372 immo-

1985 3385 2117 3439 lavit
2147 3383 2252 3439 diis
2288 3383 2533 3439 Damasci
2579 3382 2827 3438 victimas
2867 3383 3282 3451 percussoribus
3326 3387 3441 3441 suis
3466 3429 3479 3454 ,
3537 3398 3594 3443 et

1988 3456 2157 3512 dixit:

2061 3529 2141 3584 Dii
2174 3542 2357 3599 regum
2390 3526 2564 3598 Syriae
2594 3525 2924 3599 auxiliantur
2945 3525 3043 3591 eis,
3070 3541 3208 3596 quos
3231 3541 3333 3599 ego
3366 3528 3590 3598 placabo

1989 3600 2207 3668 hostiis,
2237 3597 2293 3654 et
2320 3597 2551 3653 aderunt
2581 3597 2746 3671 mihi;
2777 3612 2910 3671 cum
2934 3600 3244 3654 econtrario
3269 3597 3376 3671 ipsi
3393 3602 3595 3658 fuerint

1988 3673 2163 3728 ruina:
2185 3674 2233 3726 ei
2266 3680 2320 3727 et
2342 3670 2595 3725 universo
2626 3669 2812 3725 Israel.

2065 3744 2299 3813 Direptis
2348 3743 2525 3809 itaque
2580 3741 2726 3795 Ahaz
2779 3740 3031 3813 omnibus
3062 3741 3204 3796 vasis
3246 3742 3442 3799 domus
3476 3744 3591 3808 Dei,

1990 3822 2151 3885 atque
2191 3812 2515 3876 confractis,
2562 3812 2759 3867 clausit
2782 3812 2981 3885 januas
3014 3815 3197 3881 templi
3224 3813 3343 3881 Dei,
3383 3825 3437 3871 et
3469 3815 3594 3871 fecit

1991 3884 2091 3941 sibi
2118 3886 2309 3941 altaria
2342 3886 2396 3939 in
2427 3887 2693 3941 universis
2716 3884 2929 3953 angulis
2956 3884 3283 3940 Jerusalem.

2063 3957 2120 4013 In
2167 3958 2419 4014 omnibus
2461 3971 2677 4027 quoque
2711 3955 2937 4010 urbibus
2974 3955 3109 4011 Iuda
3159 3959 3429 4013 exstruxit
3470 3974 3594 4014 aras

1992 4030 2059 4085 ad
2080 4030 2428 4086 crcmandnm
2461 4028 2604 4093 thus,
2635 4037 2797 4097 atque
2827 4027 2892 4081 ad
2917 4028 3251 4086 iracundiam
3278 4032 3594 4100 provocavit

1996 4102 2282 4158 Dominum
2314 4100 2483 4155 Deum
2505 4108 2715 4170 patrum
2740 4113 2983 4153 suorum.

2064 4171 2289 4244 Reliqua
2316 4181 2496 4226 autem
2524 4185 2836 4226 sermonum
2868 4170 2987 4239 ejus
3014 4180 3070 4226 ct
3100 4172 3336 4244 omnium
3360 4187 3586 4244 operum

1992 4244 2020 4285 ι)
2034 4242 2272 4318 priorum
2294 4254 2348 4300 et
2367 4244 2784 4318 novissimorum
2816 4245 2917 4297 seri
2926 4250 3013 4311 pta
3026 4244 3213 4297 suntin
3236 4243 3371 4299 libro
3388 4242 3594 4317 Regum

1992 4316 2129 4375 Juda
2160 4326 2214 4373 et
2246 4316 2431 4371 Israel.

2068 4390 2436 4457 Dormivitque
2475 4385 2622 4439 Ahaz
2668 4398 2788 4457 eum
2820 4383 3063 4457 patribus
3093 4384 3237 4450 suis,
3267 4392 3322 4441 et
3361 4389 3595 4457 sepelie-

1995 4470 2121 4517 runt
2148 4472 2170 4499 ο
2194 4476 2317 4516 eum
2346 4455 2397 4512 in
2426 4457 2645 4511 civitate
2667 4455 2970 4510 JeruSalem
2999 4473 3014 4511 :
3062 4472 3238 4527 neque
3270 4455 3594 4516 enim—rece-

1995 4543 2187 4604 perunt
2216 4546 2351 4604 eum-
2378 4528 2432 4582 in
2481 4526 2734 4604 sepulcra
2764 4540 2955 4596 regum
2996 4526 3185 4585 Israel.
3225 4529 3598 4604 Regnavitque

1993 4603 2255 4658 Ezechias
2279 4600 2419 4654 ﬁlius
2445 4600 2562 4667 ejus
2592 4614 2690 4668 pro
2719 4613 2806 4653 eo.

2067 4674 2221 4748 [βαρ.
2253 4670 2475 4748 XXIX]
2508 4670 2669 4742 Igitur
2710 4669 2965 4728 Ezechias
2994 4687 3223 4748 regnare
3250 4675 3445 4745 coepit,
3472 4689 3594 4729 cum

2006 4745 2196 4817 viginti
2222 4746 2459 4817 quinque
2484 4752 2629 4817 esset
2663 4757 2929 4817 annorum
2950 4785 2965 4811 ,
2988 4751 3043 4799 et
3066 4745 3252 4816 viginti
3275 4762 3473 4801 novem
3503 4763 3599 4801 an-

2004 4814 2088 4874 nis
2116 4814 2362 4889 regnavit
2395 4814 2773 4889 inplerusalem
2799 4831 2813 4868 :

2074 4883 2279 4945 Nomen
2310 4888 2498 4944 matris
2528 4886 2646 4956 ejus
2675 4886 2828 4951 Abia,
2865 4884 2971 4939 ﬁlia
2995 4883 3289 4943 Zachariae.

2076 4961 2335 5032 Fecitque
2379 4960 2520 5033 quod
2562 4968 2676 5033 erat
2722 4957 2973 5033 placitum
3029 4956 3084 5013 in
3143 4968 3436 5033 conspectu
3489 4960 3598 5015 Do-

2005 5034 2184 5100 mini,
2250 5029 2412 5105 juxta
2480 5031 2660 5087 omnia
2735 5044 2860 5101 quae
2929 5029 3131 5085 fecerat
3202 5030 3370 5085 David
3447 5043 3601 5103 pater

2007 5121 2145 5164 etus.

2035 5124 2196 5250 "iis:
2240 5175 2345 5250 [AL
2395 5171 2534 5250 ipso]
2582 5188 2723 5250 anno
2770 5181 2830 5250 et
2872 5186 3059 5250 mense
3109 5172 3485 5250 primo‘regni
3516 5177 3597 5231 sui

2007 5244 2436 5323 ape'ruit'valvas
2463 5244 2663 5323 domus
2681 5244 2913 5309 Domini,
2940 5252 2995 5323 e_t
3023 5244 3345 5323 instauravit
3374 5262 3489 5302 eas.

2077 5321 2422 5389 Adduxitque
2448 5318 2763 5373 sacerdotes
2785 5325 2946 5390 atque
2963 5315 3199 5384 Levitas,
3223 5325 3275 5372 et
3300 5331 3600 5390 congrega-

2008 5397 2086 5452 vit
2112 5409 2206 5451 eos
2235 5392 2287 5447 in
2316 5388 2546 5463 plateam
2576 5388 2917 5463 orientalem.

2082 5457 2333 5535 Dixitque
2358 5463 2425 5519 ad
2457 5478 2584 5535 eos:
2610 5458 2811 5514 Audite
2815 5473 2933 5535 _me,
2953 5457 3192 5535 _Levi_tat_,
3220 5466 3274 5515 et
3301 5460 3604 5515 sanctiﬁca-

2008 5540 2179 5607 mini,
2235 5530 2492 5593 inundate
2539 5532 2759 5589 domum
2812 5530 3028 5586 Domini
3080 5530 3175 5586 Dei
3221 5542 3435 5602 patrum
3484 5549 3602 5589 ves-

2013 5684 2143 5745 vid;
2174 5680 2269 5738 sed
2297 5695 2397 5752 pro
2450 5676 2618 5752 David
2670 5672 2921 5752 notatio
2959 5674 3203 5752 margine
3256 5672 3605 5729 Hierusalem.

2015 5754 2161 5811 LXX
2188 5744 2393 5824 legunt,
2425 5751 2704 5824 incivitate
2724 5744 2920 5824 Dauid,
2945 5750 3108 5824 _q_uo_d
3138 5761 3607 5824 \'crtt:tt__rutttprtt-

2017 5828 2176 5904 batur
2205 5816 2409 5882 e'vers.
2434 5822 2511 5904 ἐρ
2537 5836 2662 5904 cap.
2676 5834 2778 5904 ‘va
2809 5816 3008 5904 lib.'IV
3051 5816 3572 5904 Regurii;.llebra:us
3594 5859 3614 5887 ,

2016 5897 2324 5972 sepelierunt
2354 5911 2470 5953 eum
2494 5896 2547 5952 in
2568 5886 2794 5961 civitate,
2816 5890 2880 5965 in
2900 5886 3219 5947 Jerusalem.
3252 5889 3431 5945 Mur.

3134 6094 3187 6105 A‘
