4112 6354
617 294 753 355 1591

1615 281 1682 344 S.
1721 229 2100 346 HIERONY‘MI
2137 282 2375 344 DIVINA
2415 276 2890 343 BlBLlOTl-IECA.

3777 266 3921 332 13-92

604 426 814 472 trorum
840 455 856 483 ,
901 418 958 470 et
1009 407 1218 467 auferte
1269 419 1485 464 omnem
1541 403 1941 461 immunditiam
1981 404 2049 462 dc
2078 417 2207 462 san-
2231 403 2288 467 Α
2310 415 2472 473 super
2500 416 2628 458 eos:
2656 409 2709 457 et
2738 397 3158 483 immolaverunt
3189 393 3315 452 illos
3337 391 3665 483 Sacerdotes
3685 399 3920 483 tet-as:

611 495 1049 614 cuiilt‘ailzgaverunt
1081 561 1272 625 patres
1292 550 1518 625 nostri_,'{
1538 558 1592 625 et
1624 548 1866 625 fecerunt
1915 547 2115 606 malum
2147 547 2203 603 in

607 641 900 699 conspectu
929 623 1142 682 Domini
1181 624 1280 680 Dei
1310 623 1502 699 nostri,
1553 623 1998 699 derelinquentes
2047 636 2201 676 eum:

602 695 924 757 averterunt
944 698 1112 754 facies
1137 711 1264 752 suas
1284 711 1316 751 a
1345 695 1692 751 tabernaculo
1722 695 1933 751 Domini
1974 702 2030 749 et
2069 707 2210 764 prae-

609 777 843 830 buerunt
863 771 1106 826 dorsum.

677 845 1005 899 Clauserunt
1038 841 1210 906 ostia,
1260 854 1383 910 qua:
1424 847 1583 894 erant
1628 837 1680 893 in
1720 835 1970 910 porticu,
2016 844 2072 892 et
2109 851 2205 892 ex-

613 918 920 974 stinxcrunt
949 915 1220 980 lucernas,
1253 907 1644 982 incensumque
1675 923 1782 964 non
1811 907 2200 982 adoleverunt,

603 997 660 1043 et
708 987 1023 1042 holocausta
1089 1001 1197 1040 non
1245 981 1567 1040 obtulerunt
1613 983 1666 1037 in
1727 981 2038 1037 sanctuario
2091 982 2202 1035 Deo

604 1059 791 1115 Israel.
2183 1109 2186 1114 .

672 1129 990 1186 Concitatus
1037 1137 1121 1185 est
1156 1129 1335 1194 itaque
1368 1126 1517 1182 furor
1548 1125 1760 1181 Domini
1804 1138 1970 1193 super
2004 1121 2199 1178 Judam

599 1212 658 1259 et
701 1202 1004 1258 Jerusalem
1032 1243 1047 1267 ,
1079 1199 1411 1270 tradiditqne
1439 1213 1537 1253 eos
1567 1195 2074 1270 incommotio‘ncm
2100 1235 2116 1261 ,
2134 1203 2203 1270 _et

599 1274 656 1330 in
688 1273 990 1342 interitum,
1019 1284 1076 1329 et
1106 1273 1160 1328 in
1189 1267 1428 1339 sibilum,
1460 1270 1604 1326 sicut
1633 1269 1735 1340 ipsi
1765 1267 1992 1324 cernitis
2020 1267 2200 1323 oculis

600 1346 818 1403 vestris.

672 1417 754 1472 En
779 1458 795 1484 ,
828 1426 1154 1473 corruerunt
1201 1424 1383 1485 patres
1415 1411 1592 1470 nostri
1620 1411 1837 1482 gladiis,
1859 1410 1964 1485 ﬁlii
1995 1410 2196 1478 nostri,

601 1497 659 1545 et
702 1482 828 1544 ﬁliae
877 1498 1113 1556 nostrae,
1157 1482 1214 1544 et
1257 1487 1519 1559 conjuges
1567 1486 1804 1555 captiva:
1840 1482 2018 1540 ductae
2045 1490 2197 1552 sunt,

597 1571 823 1632 propter
850 1559 953 1616 hoc
980 1562 1180 1617 scelus.

668 1625 823 1688 Nunc
855 1647 985 1702 ergo
1026 1632 1205 1700 placet
1255 1630 1427 1699 mihi,
1461 1639 1522 1685 nt
1554 1629 1801 1702 ineamus
1835 1625 2032 1702 [tedas
2072 1641 2194 1702 eum

598 1703 831 1761 Domino
875 1698 986 1760 Deo
1021 1698 1211 1772 Israel,
1251 1711 1308 1758 et
1344 1698 1556 1758 avertet
1579 1717 1610 1756 a
1639 1699 1799 1767 nobis
1829 1698 2068 1754 furorem
2100 1700 2196 1755 irze

597 1791 734 1832 suae.

598 1927 662 1976 ut
689 1921 846 1976 stetis
870 1934 1055 1975 coram
1076 1933 1164 1984 eo,
1186 1927 1241 1974 et
1261 1915 1583 1974 miniétretis
1600 1916 1702 1985 illi,
1722 1915 2025 1985 colatisque
2047 1931 2191 1982 cum,

607 1999 663 2048 et
689 1991 944 2048 eremetis
963 1990 992 2030 ι)
1023 1992 1328 2046 incensum.

666 2062 1036 2120 Surrexerunt
1091 2077 1220 2130 ergo
1262 2061 1502 2118 Levitm:
1553 2059 1730 2115 Maath
1781 2060 1929 2115 ﬁlius
1976 2058 2196 2130 Amasai

592 2133 747 2261 ὲιέιίι
786 2131 1106 2204 Amasize],
1158 2129 1225 2190 et
1270 2135 1391 2191 Joel
1439 2133 1583 2190 ﬁlius
1635 2132 1848 2188 Azarite
1877 2174 1892 2201 ,
1945 2131 2014 2188 de
2069 2129 2196 2187 ﬁliis

638 2222 666 2260 a
751 2222 798 2260 I2

623 2205 764 2261 Iaath
783 2222 798 2259 :

661 2278 836 2334 Porro
863 2277 932 2333 de
965 2277 1090 2332 liliis
1116 2276 1337 2342 Merari,
1369 2274 1459 2332 Cis
1489 2276 1632 2331 ﬁlius
1657 2274 1796 2331 Ahdi
1830 2275 1938 2346 [Αἰ.
1971 2273 2192 2346 Abdai],

593 2356 650 2404 et
681 2350 902 2404 Azarias
935 2350 1075 2404 ﬁlius
1103 2349 1329 2404 Jaalelel
1358 2347 1465 2418 [AL
1492 2347 1762 2417 Jalaleet|.

595 2421 740 2548 flDe
763 2421 892 2547 giliis
913 2432 1094 2476 autem
1122 2419 1356 2487 Gerson,
1376 2419 1506 2475 Joaa
1523 2419 1666 2474 ﬁlius
1688 2418 1937 2488 Zemma,
1960 2427 2015 2476 et
2038 2419 2192 2476 Eden

615 2509 630 2545 i
659 2508 740 2548 ms
795 2507 917 2548 oaa.

615 2507 740 2550 llltlS
763 2507 917 2548 Joaa.

657 2566 730 2618 At
753 2579 884 2620 vero
907 2563 974 2620 de
1005 2562 1129 2619 ﬁliis
1153 2561 1472 2629 Elisaphan,
1503 2559 1702 2630 Saturi,
1729 2572 1784 2617 et
1812 2561 1975 2618 Jaiel.

656 2634 734 2691 De
759 2636 882 2690 ﬁliis
905 2650 1122 2706 quoque
1149 2634 1354 2704 Asaph,
1389 2633 1679 2706 Zacharias
1700 2643 1756 2687 et
1779 2634 2116 2701 Mathanias;

653 2706 880 2763 Necnon
907 2704 974 2763 de
1006 2704 1128 2761 ﬁliis
1155 2707 1350 2767 Eman,
1377 2705 1540 2771 Jaiel,
1569 2711 1627 2760 et
1648 2704 1868 2761 Semei:

654 2777 764 2834 Sed
792 2777 935 2834 etde
963 2778 1090 2833 ﬁliis
1123 2777 1357 2844 lditlmn,
1383 2775 1653 2841 Semeias,
1689 2783 1746 2832 et
1773 2776 1947 2833 Oziel.

653 2847 1243 2921 Congregaveruntque
1286 2849 1482 2921 lratres
1535 2863 1706 2921 suos,
1754 2856 1812 2904 et
1863 2848 2188 2906 sanctiﬁcati

581 2929 740 2986 sunt,
770 2918 823 2977 et
860 2918 1088 2993 ingressi
1127 2918 1254 2975 sunt
1284 2919 1449 2993 juxta
1491 2918 1815 2993 mandatum
1832 2922 1976 2990 regis
2005 2930 2061 2977 et
2089 2923 2192 2978 im-

583 2995 795 3065 perium
826 2991 1065 3056 Domini,
1090 3001 1147 3046 ut
1173 2991 1456 3065 expiarcnt
1486 2991 1844 3065 domumDei.

654 3065 978 3122 Sacerdotes
1011 3080 1228 3135 quoque
1275 3063 1504 3134 ingressi
1561 3063 1823 3132 templum
1871 3063 2086 3135 Domini
2132 3073 2190 3120 ut

583 3137 988 3192 sanctiﬁcarent
1009 3135 1162 3205 illud,
1183 3135 1495 3190 extulerunt
1519 3149 1736 3189 omnem
1763 3135 2184 3205 immunditiam,

2311 463 2598 544 pe'rserunt
2621 473 2939 544 sanguinem
2966 485 3155 527 eorum
3183 483 3367 526 coram
3383 468 3554 524 altare
3573 480 3671 540 pro
3698 463 3923 535 piaculo

2308 547 2547 603 universi
2579 547 2828 602 lsraelis:

2378 626 2485 682 Pro
2520 629 2669 681 omni
2715 627 2916 698 quippe
2945 623 3107 681 Israel
3132 625 3470 695 praeceperat
3495 635 3626 689 rex,
3653 627 3714 677 ut
3755 617 3922 676 holo-

2307 707 2555 755 caustum
2583 698 2765 766 ﬁeret,
2799 709 2854 755 et
2885 713 2981 768 pro
3005 705 3252 768 peccato.

2377 770 2672 826 Constituit
2699 763 2926 842 quoque
2959 763 3176 842 Levitas
3210 766 3278 842 in‘
3296 765 3460 822 domo
3504 763 3754 842 Domini,
3787 778 3914 842 cum

2305 843 2588 914 cymbalis,
2615 851 2669 898 et
2689 837 2983 914 p'salt'eriis,
3005 837 3646 914 et_eit_haris,secundum
3675 838 3917 914 disposi-

2306 907 2726 1041 ti'onelmlDavi'd
2755 957 2770 984 ,
2805 921 2862 970 et
2903 913 3019 970 Gad
3068 909 3312 968 Videntis
3359 909 3506 981 regis
3531 948 3549 977 ,
3594 916 3652 964 et
3694 907 3915 964 Nathan

2306 1000 2440 1041 nron
2461 1002 2512 1041 ie
2537 1001 2621 1041 ae:

2303 995 2586 1056 propheta:
2606 1003 2621 1041 :

2375 1065 2653 1136 Siquidem
2711 1064 2925 1122 Domini
2977 1069 3305 1136 praeceptum
3359 1060 3462 1117 fuit
3515 1074 3614 1132 per
3683 1076 3908 1117 manum

2303 1137 2690 1209 prophetarum
2721 1138 2862 1208 ejus.

2374 1221 2757 1292 Steteruntque
2784 1221 2985 1278 Levita:
3015 1227 3266 1278 tenentes
3285 1231 3487 1290 organa
3514 1215 3793 1287 David,et
3814 1217 3912 1272 Sa-

2301 1295 2557 1350 cerdotes
2587 1296 2764 1349 tubas.

2339 1374 2441 1499 llEt
2467 1374 2634 1444 jussit
2675 1373 2939 1431 Ezechias
2987 1383 3046 1429 ut
3083 1373 3348 1431 oﬂ'errent
3395 1371 3715 1428 holocausta
3745 1384 3911 1441 super

2386 1459 2512 1499 are:

2302 1453 2512 1503 altare:

2372 1525 2616 1600 Cumque
2645 1525 2972 1600 olierrentur
3006 1525 3358 1600 holocausta,
3390 1521 3909 1600 cmperunt__laudes

2299 1615 2498 1656 canere
2529 1593 2794 1666 Domino,
2825 1607 2880 1652 et
2908 1599 3160 1668 clangere
3193 1597 3366 1663 tubis,
3394 1593 3556 1666 atque
3584 1595 3638 1650 in
3673 1593 3910 1649 diversis

2301 1674 2540 1744 organis,
2563 1685 2686 1743 qua:
2719 1671 2884 1728 David
2919 1687 3019 1727 rex
3052 1669 3220 1727 Israel
3255 1679 3278 1708 ο
3311 1676 3741 1740 prmparaverat,
3776 1681 3908 1720 eon-

2301 1759 2548 1816 crepare.

666 1811 793 1904 ἓῐιίί
832 1847 961 1916 mei.
993 1857 1019 1885 η
1050 1846 1216 1902 neme
1245 1845 1555 1917 negligere:
1588 1858 1689 1917 vos
1718 1840 1884 1917 οιοείι
1912 1841 2192 1910 Dominus.
2225 1811 2274 1872 Β
2303 1825 2552 1917 .-ρεηξιὶ
2573 1832 2756 1917 ause
2805 1823 2962 1917 E‘IE‘I‘.‘
2995 1821 3625 1917 ,ξδρεξιξξεελξειηξρῑὲξ
3661 1819 3907 1917 εξὶὲἐξῗῗί

2303 1897 2558 1954 tenebant
2587 1898 2773 1962 tubas,
2805 1909 2962 1952 erant
2994 1896 3048 1952 in
3079 1894 3262 1951 ofﬁcio
3288 1907 3419 1960 suo,
3450 1893 3626 1948 donec
3662 1892 3909 1961 comple-

2299 1979 2454 2026 rctur
2477 1968 2877 2026 holocaustum.

2370 2045 2617 2129 Cumque
2645 2050 2794 2106 ﬁnita
2817 2058 2964 2106 esset
2985 2047 3226 2129 qblatio,_
3249 2047 3564 2129 incurvatus
3591 2052 3679 2102 est
3699 2059 3823 2113 rex,
3853 2054 3904 2100 et

2297 2137 2488 2180 omnes
2515 2119 2605 2194 qui
2631 2132 2789 2177 erant
2816 2136 2936 2194 cum
2962 2119 3054 2190 eo,
3086 2131 3139 2177 et
3161 2119 3542 2194 adoravernnt.

2370 2188 2747 2266 Praecépitquc
2769 2188 3113 2266 Ezechiaset
3143 2191 3414 2266 principes
3445 2189 3673 2266 Levitis,
3700 2198 3769 2266 i_i_t_
3792 2188 3902 2266 lau-

2299 2261 2802 2322 darentDominum
2834 2261 3176 2320 sermonibus
3210 2263 3470 2328 David,et
3493 2261 3676 2330 Asaph
3709 2261 3905 2315 Viden—

2298 2341 2404 2394 tis:
2435 2342 2528 2410 qui
2564 2337 2922 2394 laudaverunt
2956 2351 3079 2392 eum
3114 2349 3306 2406 magna
3345 2334 3535 2390 la-titia
3557 2375 3571 2399 ,
3599 2341 3656 2387 et
3683 2343 3904 2386 curvato

2296 2425 2439 2482 genu
2464 2410 2860 2466 adoraverunt.

2370 2489 2632 2548 Ezechias
2661 2499 2842 2546 autem
2872 2487 3035 2545 etiam
3069 2486 3187 2544 haec
3213 2483 3453 2543 addidit:
3485 2485 3758 2556 Implestis
3789 2500 3903 2542 ma-

2297 2576 2401 2619 nus
2423 2572 2631 2618 vestras
2663 2561 2916 2626 Domino,
2947 2559 3211 2628 accedite,
3237 2569 3293 2615 et
3321 2556 3515 2615 oiierte
3544 2560 3823 2627 victimas,
3848 2567 3904 2613 et

2297 2634 2486 2691 laudes
2513 2635 2566 2690 in
2593 2634 2760 2690 domo
2787 2631 3026 2688 Domini.

2365 2705 2576 2762 Obtulit
2595 2721 2726 2776 ergo
2750 2704 3006 2776 universa
3035 2700 3324 2760 multitudo
3353 2700 3582 2768 hostias,
3603 2709 3662 2757 et
3690 2700 3899 2768 laudes,

2295 2787 2352 2835 et
2381 2775 2716 2846 holocauSIa,
2747 2787 2928 2833 mente
2957 2775 3175 2832 devota.

2368 2849 2540 2905 Porro
2567 2843 2830 2906 numerus
2861 2847 3332 2914 holocaustorum,
3362 2843 3707 2918 qumobtulit
3728 2845 3902 2901 multi-

2295 2921 2458 2990 tudo,
2493 2921 2581 2996 hic
2606 2919 2738 2988 fuit,
2788 2929 2980 2976 tauros
3008 2922 3352 2993 septuaginta
3379 2916 3397 2989 ξ
3410 2916 3629 2996 yietes
3655 2926 3898 2984 centum,

2293 3008 2464 3065 agnos
2493 2993 2778 3050 ducentos.

2365 3065 2962 3138 Sanctiﬁcaveruntque
3003 3063 3237 3121 Domino
3275 3063 3444 3121 boves
3483 3069 3820 3128 sexcentos,
3846 3071 3901 3118 et

2292 3150 2425 3193 oves
2449 3138 2548 3192 tria
2575 3137 2766 3192 millia.

580 3223 746 3277 quam
781 3206 924 3263 intro
960 3214 1280 3280 repererant
1322 3208 1375 3261 in
1418 3205 1689 3262 vestibulo
1719 3205 1916 3280 domus
1947 3207 2184 3274 Domini,
2214 3209 2264 3274 C
2364 3209 2686 3265 Sacerdotes
2713 3224 2843 3266 vero
2869 3208 3028 3280 pauci
3060 3217 3216 3265 erant
3243 3222 3343 3264 nec
3370 3215 3622 3280 poterant
3644 3205 3900 3280 sufﬁcere

578 3294 741 3350 quam
766 3280 1007 3336 tulerunt
1029 3277 1249 3346 Levitaa,
1269 3287 1324 3335 et
1345 3288 1766 3350 aSportaverunt
1786 3277 1854 3333 ad
1883 3288 2182 3336 torrentem

582 3351 798 3406 Cedron
831 3350 997 3407 foras.

651 3420 946 3494 Coeperunt
968 3431 1151 3478 autem
1174 3421 1344 3491 prima
1367 3417 1457 3476 die
1478 3420 1685 3494 mensis
1710 3421 1870 3494 primi
1898 3422 2181 3490 mundare,

580 3501 638 3550 et
668 3495 719 3550 in
748 3492 837 3550 die
874 3503 1070 3552 octavo
1098 3494 1340 3562 ejusdem
1367 3493 1572 3548 mensis
1599 3492 1828 3563 ingrcssi
1855 3503 1983 3548 sunt
2015 3497 2182 3563 porti-

579 3581 703 3622 cum
729 3567 914 3637 templi
937 3566 1188 3630 Domini,
1218 3567 1684 3636 expiaveruntque
1707 3565 1966 3635 templum
1989 3566 2183 3623 diebus

580 3648 738 3703 octo,
771 3636 912 3693 etin
951 3638 1038 3710 die
1080 3649 1232 3692 sexta
1275 3637 1488 3692 decima
1529 3636 2005 3708 mensis_ejusdem
2037 3638 2181 3710 quod

583 3719 882 3778 cmperant,
912 3709 1300 3778 impleverunt.

649 3781 886 3863 Ingressi
913 3795 1128 3852 quoque
1151 3789 1278 3836 sunt
1304 3779 1371 3835 ad
1392 3779 1679 3837 Ezechiam
1710 3795 1918 3853 regem,
1941 3789 1996 3837 et
2025 3778 2181 3836 dixe-

581 3861 712 3907 runt
740 3861 826 3910 Ci:

650 3923 1118 3980 Sanctiﬁcavimus
1148 3939 1360 3980 omnem
1388 3923 1608 3980 domum
1646 3925 1882 3991 Domini,
1916 3933 1972 3980 ct
2009 3923 2180 3978 altare

576 3993 902 4064 holocausti,
933 4011 1168 4066 vasaque
1196 3996 1345 4066 ejus,
1379 4011 1587 4052 necnon
1616 4005 1670 4052 et
1700 4011 1945 4054 mensam
1975 4009 2175 4066 propo-_

576 4066 788 4122 sitionis
809 4083 932 4122 cum
968 4064 1238 4122 omnibus
1256 4068 1401 4123 vasis
1428 4070 1538 4122 suis
1556 4109 1572 4133 ,
1594 4078 1954 4138 cunctamque
1979 4064 2180 4135 templi

577 4139 994 4209 supellectilem,
1017 4155 1176 4209 quam
1202 4139 1467 4208 polluerat
1489 4155 1586 4195 rex
1610 4141 1760 4194 Ahaz
1781 4141 1834 4194 in
1859 4153 2028 4208 regno
2053 4151 2175 4203 suo,

574 4218 861 4281 postquam
917 4212 1302 4282 praevaricatus
1349 4221 1465 4279 est,
1511 4219 1568 4267 et
1609 4227 1742 4268 ecce
1772 4211 2019 4280 exposita
2051 4217 2179 4266 sunt

575 4284 759 4337 omnia
783 4281 966 4338 coram
987 4281 1158 4336 altare
1187 4282 1419 4337 Domini.

653 4354 1104 4425 Consurgensque
1157 4352 1396 4409 diluculo
1432 4352 1711 4420 Ezechias
1778 4369 1916 4420 rex,
1969 4351 2179 4425 aduna-
2255 4383 2264 4394 -

577 4426 662 4549 ait
688 4423 887 4508 omnes
908 4423 1180 4497 principes
1209 4426 1476 4493 civitatis,
1508 4433 1564 4482 et
1585 4425 1832 4483 ascendit
1865 4427 1918 4481 in
1952 4423 2175 4480 domum

625 4511 792 4549 01111111
811 4515 824 4549 1

625 4511 824 4552 011111112

645 4567 1073 4640 Obtuleruntque
1087 4568 1247 4626 simul
1267 4579 1450 4628 tauros
1466 4577 1699 4640 septem,
1714 4571 1918 4626 arietes
1935 4579 2166 4641 septem,

573 4654 742 4710 agnos
782 4651 1018 4710 septem,
1070 4653 1124 4698 et
1168 4643 1348 4699 hircos
1395 4653 1604 4712 septem
1649 4656 1749 4712 pro
1779 4650 2036 4712 peccato,
2068 4659 2166 4713 pro

569 4726 760 4781 regno,
791 4728 888 4783 pro
917 4715 1247 4779 sanctuario,
1279 4729 1378 4784 pro
1406 4714 1566 4770 Juda.

642 4784 895 4854 Dixitque
922 4783 1297 4840 sacerdotibus
1326 4785 1450 4842 ﬁliis
1478 4790 1661 4842 Aaron
1690 4793 1751 4842 ut
1779 4783 2040 4843 oil'errent
2067 4799 2162 4843 su-

563 4868 663 4923 per
688 4855 857 4911 altare
878 4855 1112 4911 Domini.

639 4927 1006 4984 Mactaverunt
1029 4929 1190 4998 igitur
1204 4937 1389 4985 tauros
1407 4937 1833 4999 etsusceperunt
1846 4931 2160 4990 sacerdotes

563 4999 908 5068 sanguinem,
933 5009 988 5054 et
1013 4999 1272 5056 fuderunt
1299 5002 1451 5057 illum
1474 5015 1638 5070 super
1660 5001 1830 5058 altare
1857 5020 1869 5057 :

634 5070 1003 5145 Mactaverunt
1027 5073 1211 5145 etiam
1239 5073 1442 5131 arietes
1462 5115 1478 5141 ,
1516 5083 1572 5130 et
1597 5072 1808 5130 illorum
1838 5075 2155 5145 sanguinem

562 5155 728 5211 super
752 5144 924 5199 altare
950 5143 1243 5211 fuderunt;

554 5217 1164 5341 8a[litantiieoéiinvcruntque
1190 5231 1383 5288 agnos,
1421 5225 1479 5275 et
1509 5217 1764 5276 fuderunt
1792 5233 1958 5289 super
1986 5219 2157 5276 altare

772 5305 783 5339 l
881 5326 896 5341 .

588 5298 896 5356 anguinem.

625 5355 1121 5438 A’pplicueruntque
1145 5361 1348 5438 __liircos
1383 5370 1756 5432 propeccato,
1806 5377 1993 5420 coram
2022 5377 2152 5434 rege

551 5436 607 5484 et
634 5432 880 5487 universa
908 5432 1273 5501 multitudine,
1289 5434 1773 5505 imposueruntque
1797 5451 1993 5494 manus
2019 5432 2148 5494 suas

622 5583 648 5611 ιι
673 5570 731 5627 1η
764 5586 894 5627 mss.
927 5569 1230 5645 codicibus,
1261 5571 1360 5642 ﬁlii
1388 5573 1481 5628 mi.
1513 5572 1928 5645 Consequenter
1975 5576 2140 5634 etiam

543 5643 930 5720 leguntiidem
948 5658 1078 5698 mss.
1115 5644 1255 5720 filius
1282 5645 1526 5720 Amesim,
1554 5656 1609 5701 et
1639 5643 1782 5716 filius
1812 5649 1999 5720 Abdai,
2031 5665 2141 5706 non

547 5717 697 5790 ﬁlius
718 5717 952 5790 ᾼηιαξᾳὶ,
985 5724 1076 5790 aut
1107 5717 1246 5783 ﬁlius
1271 5718 1425 5790 Abdi.
1455 5719 1634 5772 MART.

609 5787 638 5829 ι)
661 5787 826 5842 lidem
859 5785 945 5842 hic
972 5787 1020 5841 ei
1041 5800 1339 5855 pronomen
1369 5788 1725 5848 interserunt.

619 5870 640 5900 ο
674 5858 936 5922 llebrteus
976 5867 1140 5930 atque
1182 5858 1297 5930 ipse
1339 5859 1566 5923 Graecus
1594 5871 1777 5944 textus
1809 5872 2016 5925 tantum
2047 5866 2144 5929 hac

2194 4607 2254 4673 D

2293 3289 2353 3335 ut
2377 3282 2547 3350 pelles
2571 3278 3012 3338 holocaustorum
3035 3281 3418 3336 detraherent:
3449 3279 3594 3334 unde
3612 3289 3667 3333 et
3695 3278 3898 3334 Levila:

2291 3353 2488 3408 fratres
2508 3367 2695 3408 eorum
2713 3353 3038 3423 adjuvernnt
3057 3367 3180 3418 eos,
3197 3351 3374 3408 donec
3395 3351 3714 3422 impleretur
3734 3366 3894 3420 opus.

2288 3431 2348 3480 et
2371 3424 2840 3480 sanctiﬁcarentur
2863 3425 3176 3480 antistites:

2361 3495 2567 3622 Legit?
2603 3497 2805 3568 quippe
2842 3495 3074 3552 faciliori
3112 3497 3219 3552 ritu
3264 3493 3687 3552 sanctiﬁcantur
3733 3509 3894 3563 quam

2361 3582 2446 3622 cer
2486 3583 2519 3622 o
2544 3584 2626 3622 es.

2287 3576 2626 3625 sacerdotes.

2359 3639 2762 3712 Fueruntergo
2791 3639 3106 3697 holocausta
3137 3638 3396 3711 plurima,
3425 3637 3615 3708 adipes
3639 3635 3897 3712 paciﬁco-

2289 3725 2451 3767 rum:
2496 3721 2552 3767 et
2591 3710 2845 3769 libamina
2879 3710 3317 3769 holocaustorum
3344 3729 3358 3767 :
3387 3719 3445 3768 et
3473 3711 3781 3782 completus
3811 3719 3894 3764 est

2285 3785 2465 3840 cultus
2493 3783 2687 3840 domus
2719 3784 2952 3840 Domini.

2357 3856 2698 3926 Lmtatusque
2742 3866 2824 3912 est
2858 3856 3152 3923 Ezechias,
3198 3862 3256 3912 et
3290 3855 3470 3911 omnis
3513 3853 3785 3924 populus,
3825 3870 3892 3909 eo

2283 3927 2432 3998 quod
2480 3929 2842 3983 ministerium
2884 3929 3117 3989 .Domini
3172 3936 3324 3985 esset
3387 3927 3690 3998 expletum.
3723 3927 3892 3982 Derc-

2284 4008 2449 4069 pente
2469 4002 2672 4070 quippe
2700 3999 2804 4070 hoc
2827 4000 2945 4054 ﬁeri
2969 4001 3267 4070 placuerat.

2357 4069 2510 4143 [Capl
2540 4069 2736 4144 XXX]
2765 4069 3148 4144 Misitquoque
3177 4069 3441 4144 Ezechias
3467 4069 3535 4125 ad
3556 4084 3780 4144 omnem
3813 4069 3888 4124 ls-

2283 4141 2395 4199 raél
2439 4141 2494 4198 et
2533 4141 2733 4197 Judam
2768 4160 2782 4196 :
2824 4141 3151 4214 scripsitque
3188 4142 3451 4214 epistolas
3501 4143 3568 4196 ad
3628 4142 3884 4214 Ephraim

2282 4223 2342 4270 et
2388 4214 2714 4280 Manassen,
2775 4225 2836 4268 ut
2889 4213 3138 4271 venircnt
3180 4213 3247 4270 ad
3300 4214 3522 4268 domum
3575 4213 3793 4268 Domini
3833 4213 3886 4266 in

2283 4285 2612 4352 Jerusalem,
2652 4296 2708 4341 et
2757 4287 3202 4342 facerentl’hase
3253 4286 3488 4341 Domino
3523 4285 3633 4340 Deo
3692 4285 3883 4338 Israel.

2355 4359 2493 4413 lnito
2524 4372 2653 4429 ergo
2678 4358 2908 4414 consilio
2935 4359 3080 4428 regis
3107 4369 3164 4414 et
3190 4358 3527 4429 principum,
3559 4366 3615 4412 et
3645 4358 3881 4410 universi

2280 4428 2767 4557 cmtusdleru’salem
2777 4470 2794 4500 ,
2809 4431 3168 4487 decreverunt
3182 4438 3241 4485 ut
3252 4428 3493 4486 facerent
3507 4429 3684 4484 l’hase
3696 4442 3884 4483 mense

2280 4515 2448 4557 secun
2490 4518 2542 4557 ο.

2280 4515 2542 4558 secundo.

2353 4575 2472 4629 Non
2503 4575 2646 4630 enim
2675 4584 2967 4645 potuerant
3002 4573 3182 4630 facere
3221 4574 3274 4629 in
3307 4582 3558 4643 tempore
3589 4585 3726 4645 suo,
3758 4571 3880 4642 quia

2276 4646 2594 4703 sacerdotes
2620 4688 2636 4714 ,
2669 4643 2760 4716 qui
2811 4656 3034 4718 possent
3079 4645 3356 4712 sufﬁcere,
3401 4643 3725 4718 sanctiﬁeali
3772 4659 3879 4718 non

2270 4719 2524 4846 gueranlt,
2576 4727 2632 4774 et
2667 4715 2900 4790 papulus
2929 4719 3168 4776 nondum
3209 4723 3568 4788 congregatus
3611 4716 3795 4771 fuerat
3823 4715 3880 4769 in

2305 4805 2462 4846 erusa
2488 4805 2594 4846 cm.
3058 4800 3062 4803 '
3299 4827 3306 4834 -

2305 4805 2594 4848 erusatcm.
3299 4827 3306 4834 ·

2343 4861 2662 4937 ξιειρυὶιῳιθ
2685 4878 2873 4920 sermo
2892 4865 3005 4937 regi
3035 4872 3088 4920 et
3105 4861 3254 4919 omni
3284 4859 3643 4937 multitudini.

2343 4935 2410 4989 Et
2443 4932 2806 4991 decreverunt
2835 4946 2894 4992 ut
2924 4932 3204 4992 mitterent
3234 4934 3454 4989 nuntios
3480 4933 3536 4987 in
3560 4932 3876 4988 universum

2266 5005 2551 5080 lsraeltde
2577 5007 2855 5080 Bersabee
2878 5023 3049 5080 usque
3081 5007 3218 5080 Dan,
3242 5014 3302 5060 ut
3329 5004 3606 5080 venirent,
3641 5014 3699 5060 et
3714 5003 3878 5080 lace-

2266 5088 2392 5136 rent
2444 5073 2640 5135 'Phase
2704 5073 3117 5136 Domino'Deo
3185 5075 3354 5132 Israel
3412 5073 3468 5130 in
3515 5075 3872 5132 Jerusalem:

2262 5150 2422 5208 multi
2445 5150 2591 5207 enim
2617 5167 2726 5207 non
2757 5150 3003 5208 fecerant
3029 5151 3168 5206 sicut
3197 5147 3318 5219 lege
3345 5147 3724 5219 praescriptum
3759 5159 3871 5202 est.

2335 5223 2810 5294 Perrexeruntque
2851 5235 3104 5294 cursores
3147 5217 3275 5294 cum
3319 5217 3568 5294 epistolis
3611 5233 3681 5274 ex
3705 5219 3874 5294 regis

2260 5292 2532 5367 imperio,
2582 5305 2656 5367 et
2687 5289 3000 5367 principum
3045 5293 3163 5367 ejus
3187 5333 3204 5360 ,
3245 5291 3300 5348 in
3342 5291 3657 5367 universum
3703 5289 3874 5367 lsrael

2259 5376 2313 5425 et
2340 5361 2552 5423 'Judam
2570 5406 2590 5435 ,
2639 5361 2802 5438 juxta
2856 5361 2951 5435 id,
3000 5361 3146 5438 quod
3191 5378 3292 5420 rex
3336 5361 3616 5433 jusserat,
3671 5361 3877 5434 praedic

2255 5447 2449 5496 cantes
2481 5455 2496 5493 :

2253 5577 2387 5636 bent
2411 5623 2427 5649 ,
2459 5576 2675 5649 Organa
2706 5575 2878 5632 David
2904 5577 3038 5649 regis
3062 5573 3299 5641 Israelis,
3323 5573 3510 5632 verbis
3532 5585 3653 5649 quae
3679 5570 3873 5649 subse-

2253 5643 2516 5722 quuntur,
2536 5643 2933 5722 praeparaverat
2954 5643 3284 5722 concrepare
3305 5691 3320 5718 ,
3365 5643 3776 5722 praetermissis.
3811 5643 3868 5698 In

2253 5716 2506 5794 pluribus
2542 5716 2728 5780 autem
2755 5737 2888 5781 mss.
2917 5716 3265 5781 Martianaeus
3306 5716 3570 5794 repere-ac
3599 5716 3734 5790 legit
3767 5729 3868 5788 pro

2256 5805 2674 5867 concrepavcrat.
