4112 6354
265 369 410 431 1595

1641 373 1875 432 VERBA
1914 372 2200 434 DIERUM.

3421 382 3565 442 1594

338 487 459 543 Filii
493 485 680 566 Israel,
707 488 1043 566 revertimini
1071 487 1136 544 ad
1168 487 1456 544 Dominum
1487 487 1866 566 D_eum__Ahra-
1891 490 1941 552 Α
1971 489 2049 566 lis_
2069 505 2097 544 a
2126 490 2318 566 diebus
2348 489 2657 548 Salomonis
2686 489 2782 549 filii
2816 491 2984 550 David
3015 493 3161 566 regis
3202 494 3372 553 Israel
3402 496 3456 552 in
3499 512 3567 554 ea

266 557 415 627 ham,
444 571 496 634 et
524 560 699 631 Isaac,
733 571 790 618 et
820 562 986 618 Israel
1012 578 1024 616 :
1076 572 1131 617 et
1153 573 1455 634 revertetur
1478 562 1546 616 ad
1584 563 1861 634 reliquias,

262 647 386 706 uiue
415 631 721 702 effugerunt
749 649 970 688 manum
1002 635 1144 704 regis
1173 632 1540 706 Assyriorum.

339 703 518 759 Nolite
541 706 655 762 fieri
677 709 817 762 sicut
846 716 1031 774 patres
1052 703 1220 762 vestri
1241 703 1295 762 et
1321 705 1538 774 fratres,
1571 705 1660 775 qtti
1683 719 1863 761 reces-

262 785 520 850 seruuta
568 779 797 834 Domino
829 779 939 832 Deo
982 786 1196 850 patrum
1228 793 1474 845 suorttm,
1506 778 1598 849 qui
1642 777 1863 834 tradidit

263 848 442 920 cosio
465 849 765 917 interitum,
800 859 858 906 ut
880 848 1248 920 ipsi'ccrnitis.

337 917 516 976 Nolite
565 922 821 978 indurare
875 917 1117 978 cervices
1177 931 1388 978 vestras
1418 961 1434 988 ,
1489 921 1628 977 sicut
1676 931 1860 992 patres

261 993 429 1046 vestri
457 1010 470 1046 :
501 992 694 1048 tradite
727 1008 918 1048 manus
950 995 1200 1059 Domino,
1227 1004 1280 1049 et
1302 995 1488 1049 venite
1518 994 1583 1048 ad
1609 1004 1861 1051 sanctua-

261 1066 402 1117 riunt
430 1063 566 1133 ejus.
600 1066 744 1135 quod
767 1066 1128 1122 sanctifieavit
1151 1067 1202 1120 in
1227 1075 1488 1121 aeternum
1520 1081 1533 1117 :

336 1136 549 1192 Servite
585 1135 812 1192 Domino
838 1138 949 1192 Deo
992 1148 1207 1208 patrum
1246 1145 1577 1205 vestrorum,
1609 1147 1664 1194 et
1693 1145 1865 1195 aver-‘

267 1213 412 1262 tctur
436 1225 467 1262 a
496 1208 650 1265 vobis
684 1209 762 1264 ira
794 1210 993 1264 furoris
1022 1208 1162 1279 ejus.

339 1279 396 1332 Si
419 1279 565 1335 enim
593 1294 690 1335 vos
721 1282 925 1336 reversi
958 1279 1168 1336 fueritis
1196 1280 1263 1335 ad
1299 1280 1587 1335 Dominum
1616 1297 1628 1334 :
1656 1279 1858 1339 fratres

266 1353 440 1406 Vt'SU‘i
490 1361 546 1408 et
573 1352 665 1407 filii
694 1351 970 1407 habebunt
1001 1351 1431 1408 misericordiam
1460 1366 1644 1408 coram
1676 1353 1856 1410 domi-

268 1422 351 1496 nis
386 1422 521 1492 suis,
552 1425 642 1494 qui
672 1424 795 1479 illos
823 1425 1100 1492 duxerunt
1134 1425 1400 1496 captivos,
1429 1431 1485 1480 ct
1513 1433 1857 1482 revertentur

260 1491 316 1547 in
347 1491 545 1550 terram
572 1491 712 1551 hanc
739 1512 752 1551 :

337 1565 462 1621 Pius
485 1566 628 1621 enim
653 1579 705 1622 ct
733 1568 976 1624 clemens
1005 1575 1089 1624 est
1115 1567 1376 1624 Dominus
1407 1566 1550 1622 Deus
1577 1579 1776 1634 vester,
1802 1580 1856 1625 ct

263 1652 370 1764 tuin
400 1647 611 1695 avertet
650 1638 842 1696 facient
869 1655 1023 1697 suam
1051 1655 1083 1696 a
1114 1641 1288 1708 vobis,
1323 1641 1368 1697 si
1392 1640 1599 1696 reversi
1642 1640 1854 1698 fueritis

263 1725 290 1762 ἔι
363 1725 509 1764 cum.

261 1725 330 1764 au
363 1725 509 1766 cum.

295 1851 307 1861 .
335 1780 498 1861 Igitur
533 1797 788 1841 cursores
829 1783 1415 1861 pergebantvclociter
1450 1783 1520 1840 de
1551 1783 1768 1840 civitate
1797 1785 1850 1861 iu

259 1855 561 1926 civitatem,
595 1871 691 1924 per
720 1855 918 1912 terram
954 1857 1206 1926 Ephraim
1233 1868 1287 1912 et
1309 1855 1556 1911 Manasse
1589 1870 1756 1926 usque
1783 1855 1850 1912 ad

263 1924 537 1993 Z-ibulon,
562 1925 669 1982 illis
697 1924 1046 1984 irridentibus
1076 1937 1132 1983 et.
1160 1927 1619 1983 subsannantihus
1659 1924 1776 1982 eos.

335 1999 584 2054 Attamen
607 1999 823 2068 quidam
855 2000 961 2055 viri
1003 2016 1067 2055 ex
1094 2002 1253 2067 Aser,
1283 2007 1337 2054 et
1365 1998 1630 2064 Manasse,
1663 2007 1717 2053 et
1744 1997 1851 2055 Za-

260 2068 448 2140 buion,
481 2069 888 2140 acquiesccntes
919 2071 1150 2128 consilio
1181 2077 1447 2125 venerunt
1482 2069 1810 2126 Jerusalem.

330 2139 388 2194 In
420 2139 716 2200 Judavero
745 2141 885 2198 facta
910 2153 990 2199 est
1023 2157 1214 2199 manus
1242 2140 1476 2206 Domini,
1509 2151 1566 2194 ut
1592 2142 1748 2197 daret
1771 2144 1851 2198 eis

258 2227 354 2288 cor
400 2229 569 2288 unum
609 2231 621 2269 :
659 2224 733 2288 uti
760 2214 1200 2288 facereutjuxta
1238 2223 1569 2286 princeptum
1615 2215 1759 2284 regis
1798 2223 1854 2271 ct

262 2283 590 2355 principum,
620 2286 849 2342 verbum
881 2283 1113 2342 Domini.

331 2353 765 2430 Con—gregatique
790 2368 917 2414 sunt
949 2359 1002 2412 in
1039 2358 1340 2415 Jerusalem
1371 2357 1552 2430 populi
1581 2355 1756 2430 multi,
1791 2365 1850 2414 ut

256 2427 502 2502 facerent
523 2427 924 2502 solemnitatem
951 2446 1284 2502 azymorum,
1319 2427 1506 2502 mense
1536 2429 1808 2502 secundo;

332 2498 398 2554 Et
435 2510 718 2572 surgentes
758 2498 1151 2557 destruxcrunt
1198 2500 1388 2556 altaria
1435 2517 1557 2571 qua:
1595 2509 1752 2556 erant
1794 2501 1846 2556 in

253 2570 576 2644 Jerusalem,
591 2581 753 2643 atque
774 2577 1049 2642 universa,
1071 2575 1123 2629 in
1141 2573 1336 2644 quibus
1355 2570 1512 2628 idolis
1529 2572 1849 2628 adolebatur

251 2643 576 2769 iiiciausum,
622 2645 1038 2718 subvertentcs,
1084 2643 1513 2718 projeccruntiu
1546 2654 1847 2701 torrentem

299 2732 346 2768 t't
369 2729 488 2769 ron.

299 2729 488 2772 f'fll'Oﬂ.

332 2785 757 2862 Immolaveruut
810 2798 994 2847 autem
1041 2789 1220 2846 Phasc
1270 2798 1462 2862 quarta
1501 2787 1711 2845 decima
1757 2788 1848 2845 die

253 2861 461 2914 rncnsis
489 2862 734 2918 secundi.
1003 2892 1006 2894 ν

327 2929 654 3007 Sacerdotes
680 2949 898 3007 quoqttc
929 2945 1092 3004 atque
1119 2934 1322 3007 Levita:
1360 2933 1576 3007 tandem
1607 2933 1847 2989 sanctifi-

254 3001 363 3056 cati
391 3001 718 3061 obtulerunt
739 3001 1057 3062 holocausta
1089 3007 1143 3063 in
1163 3006 1335 3062 domo
1367 3004 1581 3060 Domini
1612 3023 1624 3059 :

323 3073 720 3148 Steteruntquc
757 3079 811 3134 in
841 3079 1031 3133 ordine
1073 3094 1196 3144 suo,
1242 3078 1391 3148 juxta
1429 3076 1845 3146 dispositionem

249 3154 306 3196 et
340 3146 512 3216 legem
548 3146 683 3204 Mosi
710 3149 946 3205 hominis
977 3149 1071 3206 Dei
1104 3169 1116 3204 :
1147 3146 1458 3205 sacerdotes
1497 3163 1632 3205 vero
1663 3149 1843 3204 susci-

252 3215 471 3282 piebant
493 3220 878 3278 effundendum
904 3223 1220 3291 sanguinem
1245 3223 1313 3276 dc
1335 3220 1585 3275 manibus
1616 3220 1837 3276 Levita.

1881 1896 1930 1957 B

1971 562 2105 618 urbe
2140 578 2251 618 non
2281 562 2475 620 fuerat.

2039 633 2404 709 Surrcxeruut
2433 644 2614 692 autem
2639 636 2950 694 sacerdotes
2979 646 3142 709 atque
3167 638 3371 695 Levitae
3396 639 3566 696 bene-

1967 704 2210 783 dicentes
2233 708 2434 783 popuio
2463 725 2479 783 :_
2501 718 2556 783 et
2578 709 2830 783 exaudita
2859 720 2943 766 est
2972 704 3076 766 vox
3105 726 3294 768 eorum
3321 727 3552 783 :pervc-

1968 777 2156 854 uit_que
2178 777 2439 854 oratiojn
2465 780 2830 854 habitaculum
2855 791 3099 854 sanctum
3131 785 3276 840 caeli.

2040 848 2207 921 [Cap.
2254 850 2484 922 XXXLI
2527 851 2771 920 Cumque
2814 853 2931 909 hzec
2984 853 3214 910 fuissent
3267 856 3370 910 rite
3413 856 3561 911 cele-

1966 919 2429 993 brata,'cgressus
2456 919 2541 979 est
2564 919 2739 979 omnis
2762 924 2952 992 Israel,
2978 926 3069 992 qui
3105 927 3358 982 inventus
3381 927 3561 982 fuerat

1966 993 2019 1046 in
2037 994 2258 1066 urbibus
2279 994 2439 1060 Juda,
2465 1005 2524 1050 et
2546 995 2826 1066 fregerunt
2842 997 3155 1062 simulacra,
3182 998 3564 1053 succiderunt-

1965 1079 2068 1134 quc
2099 1065 2270 1131 lucos,
2301 1066 2549 1122 demoliti
2581 1065 2708 1122 sunt
2739 1067 2978 1132 excelsa,
3025 1079 3078 1123 et
3118 1069 3308 1124 altaria
3350 1069 3566 1124 destru-

1963 1147 2301 1211 xeruutnon
2342 1139 2517 1195 solum
2560 1141 2628 1194 de
2671 1139 2930 1194 universo
2969 1139 3106 1196 Juda
3147 1151 3202 1196 et
3241 1140 3558 1211 Benjamin,

1961 1208 2057 1262 sed
2082 1216 2140 1264 et
2167 1210 2236 1265 de
2270 1211 2525 1278 Ephraim
2559 1224 2775 1282 quoque
2798 1219 2853 1268 et
2881 1211 3153 1284 Manassc,
3196 1208 3374 1269 donec
3402 1213 3553 1283 peni-

1963 1285 2048 1334 ttts
2078 1291 2383 1339 everterent
2415 1299 2429 1336 :

2032 1350 2368 1435 Reversique
2397 1362 2735 1412 suntomnes
2769 1353 2866 1411 filii
2899 1353 3070 1412 Israel
3095 1355 3149 1412 in
3181 1356 3558 1428 possessiones

1959 1430 2014 1478 et
2043 1427 2295 1481 civitates
2323 1441 2469 1482 suas.

2033 1495 2295 1553 Ezechias
2325 1509 2504 1554 autem
2533 1497 2815 1555 constituit
2845 1506 3050 1555 turmas
3081 1499 3463 1560 Saccrdotalcs
3492 1511 3550 1560 et

1957 1565 2228 1645 Deyitieas
2257 1585 2355 1645 per
2384 1570 2680 1627 divisiones
2701 1585 2870 1645 suas,
2913 1587 3354 1645 unumquemque
3382 1575 3436 1629 in
3469 1577 3552 1630 of-

1957 1638 2082 1694 ficio
2110 1638 2349 1712 proprio,
2383 1651 2492 1698 tam
2523 1642 2869 1698 sacerdotum
2895 1638 3149 1699 videlicet
3174 1638 3335 1714 quam
3363 1645 3557 1702 levita~

1958 1725 2110 1785 rum,
2151 1713 2217 1767 ad
2267 1714 2583 1771 holocausta
2620 1723 2676 1770 et
2710 1715 2955 1785 pacifica,
2998 1725 3058 1769 ut
3081 1713 3454 1773 ministrarent
3487 1727 3554 1772 et

1956 1784 2368 1868 confiterentur,
2399 1784 2766 1858 cauerentque
2796 1788 2851 1842 in
2890 1788 3061 1858 portis
3101 1799 3407 1844 castrorum
3444 1789 3552 1844 Do-

2028 1926 2160 2001 Pags
2190 1936 2371 2001 autem
2396 1929 2540 1998 regis
2566 1937 2706 1995 erat,
2732 1936 2791 1984 ut
2813 1928 2883 1985 de
2915 1930 3135 2000 propria
3161 1931 3283 2001 ejus
3302 1931 3553 1988 substan-

1959 1996 2043 2074 tia
2058 1997 2346 2074 offerretur
2363 1996 2763 2074 holocaustum,
2775 1996 2951 2074 imane
2981 1996 3206 2074 semper
3224 2013 3280 2058 et
3300 2018 3551 2074 vespere.

1956 2068 2206 2125 Sabbatis
2237 2085 2454 2141 quoque
2485 2080 2540 2125 et
2571 2070 2839 2138 kalendis,
2880 2081 2935 2125 et
2962 2068 3419 2129 solemnitatibus
3443 2090 3550 2131 ca:-

1957 2142 2109 2205 tcris,
2137 2141 2279 2198 sicut
2306 2144 2568 2213 scriptum
2596 2151 2682 2197 est
2704 2142 2756 2196 in
2794 2142 2913 2212 lege
2939 2143 3096 2198 Mosi.

2025 2213 2292 2286 lfrazcepit
2319 2215 2484 2270 etiam
2514 2214 2714 2284 populo
2740 2213 3107 2286 habitantium
3135 2216 3188 2270 in
3216 2217 3545 2286 Jerusalem,

1955 2293 2014 2339 tit
2043 2285 2236 2360 darent
2264 2297 2459 2360 partes
2479 2285 2877 2360 sacerdotibus,
2902 2296 2957 2342 et
2977 2286 3209 2358 Levitis,
3236 2298 3293 2344 ut
3321 2285 3552 2360 possent

1955 2371 2145 2412 vacare
2173 2359 2273 2428 legi
2309 2357 2543 2413 Domini.

2023 2427 2180 2496 Quod
2211 2427 2336 2496 cuiu
2370 2428 2772 2498 percrebuisset
2803 2429 2857 2483 in
2887 2429 3110 2485 auribus
3146 2430 3545 2499 multitudinis,

1953 2500 2212 2577 plurimas
2234 2501 2483 2577 obtulere
2507 2501 2775 2572 primitias
2798 2501 2889 2554 lilii
2912 2500 3075 2577 isracl
3104 2502 3383 2577 frumenti,
3412 2505 3543 2577 vini,

1952 2583 2004 2627 et
2049 2571 2178 2645 olei,
2221 2574 2396 2628 mellis
2427 2571 2663 2644 queque,
2697 2581 2752 2628 ct
2779 2572 3060 2643 omnium,
3094 2588 3213 2645 qua:
3241 2575 3412 2645 gignit
3438 2571 3543 2629 hu;

1952 2659 2095 2710 mus,
2126 2644 2364 2700 decimas
2393 2645 2722 2700 obtulerunt.

2022 2715 2130 2772 Sed
2162 2728 2217 2772 et
2247 2717 2341 2770 filii
2373 2716 2540 2772 Israel
2572 2723 2629 2771 et
2655 2715 2814 2782 Juda,
2849 2715 2940 2784 qui
2972 2715 3286 2772 habitabant
3310 2716 3364 2772 in
3390 2717 3542 2772 urbi-

1953 2787 2051 2843 bus
2072 2786 2231 2856 Juda,
2256 2788 2573 2843 obtulerunt
2601 2787 2841 2843 decimas
2871 2789 3031 2842 boum
3056 2797 3113 2842 et
3141 2790 3343 2854 ovium,
3389 2789 3542 2844 det-i-

1953 2875 2178 2930 masquc
2209 2868 2541 2926 sanctorum,
2573 2875 2696 2929 qua:
2724 2869 2986 2914 voverant
3014 2860 3245 2914 Domino
3267 2860 3379 2915 Deo
3401 2877 3538 2916 suo:

1951 2937 2114 3000 atque
2136 2930 2386 2985 universa
2415 2940 2715 3002 portantes,
2739 2930 2985 2986 fecerunt
3003 2946 3231 2986 acervos
3255 2931 3537 3000 plurimos.

2023 3005 2208 3058 Mense
2241 3003 2402 3058 tertio
2439 3012 2725 3072 cmperunt.
2765 3017 3082 3057 acervorum
3117 3003 3306 3072 jacere
3346 3003 3538 3059 funda-

1951 3084 2155 3142 menta,
2180 3083 2235 3130 et
2260 3089 2448 3130 mense
2473 3074 2705 3144 septimo
2735 3074 3148 3144 compleverunt
3177 3090 3294 3130 eos.

2022 3145 2265 3217 Cumque
2307 3145 2540 3217 ingressi
2585 3144 2819 3200 fuissent
2865 3144 3127 3217 Ezechias
3172 3155 3227 3200 et
3266 3145 3538 3216 principes

1951 3217 2091 3287 ejus,
2122 3216 2646 3287 viiierunt’acervos,
2679 3225 2734 3273 et
2777 3216 3174 3274 bcnedixerunt
3201 3217 3434 3273 Domino
3474 3231 3540 3272 ac

253 3303 398 3363 runt,
430 3304 498 3363 eo
527 3293 670 3363 quod
702 3293 870 3348 multa
909 3288 1063 3348 turha
1110 3292 1444 3347 sanctificata
1497 3307 1604 3346 non
1647 3299 1835 3350 esset:
1867 3292 1914 3357 C
1946 3289 2148 3363 populo
2178 3288 2365 3363 Israel.

248 3370 303 3413 ct
343 3360 555 3416 idcirco
593 3363 792 3420 Levitie
847 3365 1194 3419 intmolarent
1233 3364 1409 3420 Phasc
1456 3363 1541 3419 his
1585 3364 1676 3435 qui
1722 3378 1832 3420 non

247 3446 607 3490 occurrerant
626 3435 954 3491 sanctificari
987 3436 1239 3491 Domino.

325 3502 512 3577 Magna
534 3507 696 3561 etiam
727 3524 850 3574 pars
875 3509 1053 3577 populi
1084 3508 1152 3562 de
1183 3505 1462 3576 Ephraim,
1486 3513 1540 3562 et
1562 3506 1829 3574 Manasse,

247 3583 305 3627 et
330 3573 596 3650 Issachar,
624 3589 680 3634 et
700 3573 963 3642 Zabulon,
988 3594 1108 3648 qua:
1130 3573 1466 3634 satictiticata
1495 3593 1602 3634 non
1635 3573 1834 3650 fuerat,

246 3647 490 3721 comedit
522 3649 717 3716 Phase,
747 3666 853 3721 non
877 3647 1034 3721 juxta
1061 3650 1204 3719 quod
1236 3650 1495 3720 scriptum
1523 3659 1607 3705 est
1639 3668 1652 3704 :
1731 3669 1744 3681 ·

323 3717 390 3772 Ει
416 3722 592 3775 oravit
621 3737 718 3789 pro
753 3720 836 3778 eis
863 3717 1145 3789 Ezechias,
1175 3717 1362 3777 dicens
1395 3739 1406 3775 :
1437 3723 1694 3777 Dominus
1739 3723 1833 3778 bo-

251 3805 354 3843 nus
381 3792 767 3864 propitiabitur
802 3793 1037 3858 cunctis,
1082 3793 1173 3862 qui
1203 3792 1257 3848 in
1295 3801 1412 3848 toto
1445 3794 1612 3848 corde
1649 3794 1832 3864 requi-

246 3863 691 3936 ritntbomiitum
725 3865 894 3920 Deum
939 3873 1422 3936 patrutnsuorum
1454 3882 1466 3917 :
1502 3873 1556 3919 et
1585 3882 1693 3921 nou
1732 3863 1833 3920 im-

245 3934 459 4008 putabit
486 3935 566 3991 eis
600 3937 742 4008 quod
776 3934 953 3992 minus
981 3935 1297 4008 sanctificati
1329 3944 1476 3990 sunt.

319 4005 491 4080 Quem
523 4005 800 4064 exaudivit
827 4008 1109 4073 Dominus,
1142 4018 1205 4080 et,
1229 4007 1474 4080 placatus
1497 4017 1579 4062 est
1606 4009 1829 4080 populo.

324 4075 696 4149 [feceruntque
737 4080 828 4135 filii
858 4081 1045 4147 Israel,
1075 4079 1165 4150 qui
1194 4075 1400 4134 inventi
1428 4091 1555 4135 sunt
1585 4075 1638 4134 iii
1677 4081 1834 4135 Jeru-

243 4148 440 4222 salem,
486 4148 884 4208 solemnitatem
934 4148 1250 4222 azymorum
1293 4159 1502 4220 septem
1543 4152 1736 4207 diebus
1776 4152 1833 4208 in

246 4219 673 4294 Icciitiamagna,
702 4224 984 4279 laudantes
1002 4219 1290 4276 Dominum
1315 4219 1410 4290 per
1429 4223 1672 4293 singulos
1692 4225 1830 4278 dies:

320 4291 523 4368 Levita;
551 4291 768 4365 quoque
807 4305 862 4368 et
901 4294 1239 4363 sacerdotes,
1269 4308 1367 4365 per
1396 4291 1620 4366 organa,
1654 4303 1681 4333 α
1712 4311 1834 4368 qua:

241 4363 549 4439 suoofticio
571 4363 967 4439 congruebant.

321 4435 385 4507 Et
411 4437 618 4492 locutus
643 4435 727 4494 est
750 4439 1008 4494 Ezechias
1033 4441 1098 4497 ad
1122 4456 1218 4496 cor
1239 4437 1478 4496 omnium
1499 4437 1829 4507 Levitarum,

241 4508 358 4582 qui
368 4506 639 4565 habebant
666 4511 1080 4582 intelligentiam
1112 4513 1309 4567 bonam
1337 4525 1500 4582 super
1521 4509 1801 4582 Domino:

321 4577 387 4653 Et
423 4582 776 4638 comederunt
815 4577 1021 4653 septem
1064 4583 1258 4639 diebus
1300 4580 1682 4653 solemnitatis,
1731 4585 1833 4636 im-

247 4650 516 4725 molantes
547 4653 794 4710 victimas
828 4650 1206 4725 pacificorutn,
1237 4664 1292 4711 et
1332 4651 1616 4710 laudantes
1648 4651 1834 4708 Domi-

242 4735 371 4795 nuin
408 4723 574 4780 Deum
602 4723 1083 4795 patrum'suorum.

315 4792 628 4866 Placuitque
671 4797 938 4854 universa:
977 4797 1345 4864 multitudini,
1390 4805 1449 4852 ut
1485 4795 1833 4852 celebrarent

237 4864 403 4920 etiam
441 4864 579 4924 alios
607 4870 725 4926 dies
768 4878 976 4942 septem
1011 4889 1025 4927 :
1063 4869 1207 4943 quod
1242 4879 1298 4926 et
1321 4869 1569 4927 fecerunt
1595 4883 1719 4924 cunt
1743 4867 1829 4925 in-

237 4937 384 4996 genti
415 4940 634 4996 gaudio.

236 4941 384 5006 genti
415 4941 634 5008 gaudio.

299 5008 577 5088 .Ezeehias
622 5013 766 5068 enim
814 5027 909 5069 rex
955 5013 1114 5088 Iuda
1145 5014 1450 5088 prtebuerat
1495 5013 1826 5072 multitudini

237 5079 629 5155 ntiiletauros,
662 5093 718 5141 et
751 5095 957 5155 septem
985 5079 1163 5142 millia'
1198 5087 1378 5141 oviutn
1415 5103 1427 5139 :

311 5151 590 5228 Principes
616 5151 760 5212 vero
788 5151 1055 5212 dederunt
1097 5157 1294 5228 populo
1335 5165 1520 5213 tauros
1559 5156 1727 5222 mille,
1771 5167 1826 5214 et

237 5235 380 5306 eyes
400 5225 786 5306 decem_ruitli_a
819 5244 832 5282 :
857 5225 1192 5285 sanctificata
1219 5243 1351 5302 ergo
1372 5238 1458 5286 est
1485 5229 1828 5286 sacerdotum

238 5293 470 5364 plurima
505 5299 814 5356 multitudo.

311 5367 376 5440 Et
406 5367 681 5426 hilaritate
723 5372 938 5440 perfusa
980 5372 1158 5430 omnis
1202 5373 1364 5430 turba
1404 5372 1568 5440 Juda,
1609 5382 1720 5429 tam
1749 5390 1837 5431 sa-

237 5439 520 5496 cerdotum
551 5449 608 5497 et.
631 5439 943 5517 Levitarum
991 5461 1153 5516 quam
1187 5447 1454 5502 universae
1489 5439 1834 5517 frequentite,

235 5525 360 5594 qua:
382 5523 698 5594 veneratex
721 5513 886 5594 Israel
905 5533 919 5571 :
943 5513 1339 5594 proseiytorum
1361 5513 1673 5594 quoquejde
1696 5529 1838 5574 terra

235 5583 428 5654 Israel,
462 5594 516 5641 et
545 5585 910 5644 habitantium
943 5583 995 5644 in
1026 5583 1182 5646 Iuda.

309 5655 584 5730 Factaque
606 5669 691 5718 est
717 5660 940 5734 grandis
961 5661 1256 5720 celebritas
1276 5661 1331 5718 in
1354 5661 1682 5732 Jerusalem,
1711 5679 1838 5737 qua-

310 5855 335 5882 «ι
376 5845 433 5901 In
465 5846 698 5904 Hebrteo
724 5853 832 5913 est,
858 5847 910 5901 in
933 5848 1163 5920 organis,
1192 5860 1311 5916 seu,
1339 5850 1471 5904 vasis
1507 5851 1828 5919 fortitudinis

240 5937 455 5997 Domini
483 5955 500 5996 :
528 5947 648 6006 ξιτψ
682 5948 759 6005 vv
786 5923 911 6003 '53:
939 5955 954 5998 ἑ
980 5941 1220 6004 strictius
1253 5940 1432 6003 adhuc
1462 5942 1521 6004 in
1545 5941 1755 6014 Graeco,
1782 5945 1829 6000 ἐν

1857 4691 1914 4754 D

2017 3361 2482 3432 luterrogavitque
2522 3359 2782 3417 Ezechias
2831 3359 3150 3417 sacerdotes
3188 3367 3244 3417 et
3285 3359 3529 3427 Levitas,

1939 3449 2038 3489 cur
2064 3434 2135 3488 ita
2159 3433 2407 3503 iacerent
2432 3433 2634 3490 acervi.
3081 3502 3087 3503 γ
3126 3439 3135 3449 ’

2011 3502 2313 3576 Respondit
2344 3504 2422 3560 illi
2459 3505 2684 3561 Azarias
2715 3503 2972 3562 sacerdos
3011 3502 3215 3574 primus
3253 3504 3321 3559 dc
3359 3503 3534 3576 stirpe

1940 3576 2140 3644 Sadoc,
2171 3575 2360 3631 dicens
2390 3593 2406 3633 :

2010 3649 2087 3704 Ex
2113 3663 2219 3731 quo
2245 3657 2532 3731 coeperunt
2552 3644 2739 3730 ofl‘erri
2763 3646 3012 3718 primitiae
3030 3647 3083 3702 in
3105 3647 3528 3731 donio‘Domiui,

1938 3719 2296 3787 comedimus,
2328 3730 2382 3776 et
2410 3721 2638 3775 saturati
2663 3734 2870 3785 sumus,
2901 3727 3391 3789 rentanscruutquc
3420 3719 3531 3787 plu-

1939 3792 2076 3848 rima
2101 3835 2116 3856 .
2166 3806 2233 3848 eo
2278 3792 2419 3862 quod
2456 3791 2796 3847 benedixerit
2832 3791 3095 3846 Dominus
3151 3793 3348 3861 pepulo
3386 3805 3487 3845 suo
3517 3807 3531 3844 :

1939 3865 2292 3935 reliquiarum
2321 3874 2501 3919 autem
2529 3863 2686 3933 copia
2715 3871 2802 3918 est
2831 3863 2958 3928 ista,
2990 3877 3150 3932 quam
3181 3863 3384 3935 cernis.

2008 3932 2281 4019 lfraacepit
2323 3936 2485 4019 igitur
2520 3932 2805 4011 Ezechias,
2842 3942 2903 3990 ut
2930 3945 3306 4004 praepararent
3332 3932 3530 3989 horrea

1937 4007 1993 4063 in
2020 4008 2183 4062 domo
2215 4006 2452 4063 Domini.

2008 4078 2162 4146 Quod
2224 4095 2346 4133 cum
2393 4078 2682 4146 fecissent,
2729 4077 3028 4133 intulerunt
3072 4084 3181 4131 tam
3231 4076 3526 4142 primitias,

1942 4166 2105 4222 quam
2139 4149 2406 4218 decimas,
2437 4161 2491 4205 et
2517 4165 2877 4221 quaecumque
2905 4158 3198 4222 voverant,
3225 4148 3494 4222 fideliter:

2011 4221 2136 4277 Fuit
2169 4231 2350 4277 autem
2391 4219 2678 4292 prmfectus
2726 4219 2914 4276 eorum
2955 4219 3265 4275 Chonenias
3310 4219 3530 4287 Levila,

1938 4301 1994 4350 et
2016 4293 2196 4348 Scmci
2223 4295 2387 4349 frater
2412 4294 2554 4363 ejus,
2584 4292 2880 4348 secundus.

2014 4366 2139 4420 Post
2165 4381 2326 4435 quem
2350 4360 2507 4433 Jaiel,
2531 4363 2859 4434 et_Azarias,
2885 4360 3152 4430 ctNaath,
3179 4368 3235 4417 et
3257 4361 3442 4430 Asael,
3473 4369 3532 4418 et

1935 4437 2199 4495 Jcriinoth
2229 4454 2247 4492 :

2009 4509 2242 4563 Jazabatl
2267 4523 2502 4579 quoque,
2527 4515 2582 4579 et
2602 4506 2761 4572 Elicl,
2787 4504 3297 4579 ctdesmachias,et
3321 4504 3523 4579 Maath,

1935 4588 1993 4636 ct
2011 4580 2261 4644 Baiiaias,
2285 4574 2568 4650 praepositi
2596 4579 2697 4634 sub
2720 4574 3314 4650 manibusChonenim,
3349 4587 3404 4631 et
3426 4578 3527 4650 Sie-

1937 4653 2042 4707 mci
2069 4650 2253 4706 fratris
2276 4647 2422 4720 ejus,
2445 4666 2511 4706 ex
2535 4651 2765 4720 imperio
2788 4648 3036 4703 Ezechiae
3065 4649 3211 4720 regis
3239 4661 3291 4702 ct
3313 4647 3526 4703 Azariae

1940 4723 2211 4796 pontificis
2237 4722 2431 4796 domus
2471 4722 2568 4796 Dei
2598 4721 2666 4775 ad
2698 4736 2833 4796 quos
2863 4721 3043 4796 omnia
3080 4720 3448 4796 pertinebant.

2009 4793 2152 4851 Core
2181 4809 2312 4850 vero
2351 4794 2497 4848 filius
2533 4791 2727 4849 Jemna
2767 4791 2985 4847 Levites
3019 4800 3072 4846 et
3101 4791 3312 4861 janitor
3339 4792 3522 4846 orien-

1939 4869 2064 4924 talis
2096 4875 2294 4939 portae,
2328 4865 2658 4939 praepositus
2684 4873 2804 4919 crat
2842 4864 2906 4918 iis
2949 4879 3068 4933 quas
3091 4870 3285 4939 sponte
3323 4861 3523 4917 offere-

1934 4933 2132 4997 bantur
2156 4933 2410 5008 Domitio,
2437 4933 2799 5010 primitiisque
2820 4943 2875 4991 et
2898 4935 3232 4992 consecratis
3253 4933 3308 4990 in
3335 4942 3524 4990 sancta

1932 5023 2266 5070 δαιιοῑοτυῐη.
3311 5061 3313 5064 ⁴

2004 5087 2074 5141 Et
2092 5085 2193 5142 sub
2223 5099 2352 5140 cura
2380 5081 2498 5154 ejus
2518 5080 2690 5147 Eden,
2721 5076 3110 5154 et_Benjamin,
3131 5077 3322 5154 _Jesuc_,
3355 5075 3523 5154 ct__Se-

1937 5162 2126 5222 meias,
2161 5148 2655 5225 Amarias'quoque
2689 5162 2742 5225 ei
2769 5149 3087 5225 seclienias,
3116 5148 3182 5225 in
3210 5148 3525 5225 civitatibus

1936 5219 2305 5295 sacerdotum,
2338 5236 2396 5281 ut
2426 5219 2660 5280 fideli—ter
2689 5221 3076 5295 distribuerent
3110 5219 3367 5295 fratribus
3408 5221 3524 5295 suis

1936 5310 2144 5372 partes,
2177 5292 2479 5372 mineribus
2509 5306 2669 5364 atque
2697 5293 2992 5362 majoribus
3018 5309 3032 5372 ε
3062 5294 3304 5372 exceptis
3341 5292 3522 5372 .mari-

1938 5363 2039 5430 bus
2070 5363 2137 5426 ah
2163 5371 2318 5426 annis
2341 5369 2514 5424 tribus
2547 5363 2602 5422 et
2630 5382 2814 5434 supra,
2849 5364 3172 5432 cunctisque
3215 5363 3308 5433 qui
3341 5363 3526 5433 ingrc-

1941 5447 2228 5502 diebautur
2249 5441 2512 5515 templum
2536 5439 2853 5515 Domini,_et
2872 5435 3132 5515 quidquid
3161 5451 3256 5505 per
3286 5435 3526 5515 singulos

1941 5518 2055 5573 dies
2083 5507 2420 5573 conducebat
2441 5513 2494 5567 in
2520 5509 2846 5573 ministerio,
2875 5516 3036 5578 atque
3057 5507 3526 5578 observationibus

1939 5591 2092 5659 juxta
2120 5587 2418 5659 divisiones
2447 5599 2596 5649 suas,
2642 5577 3016 5636 sacerdotibUs
3048 5593 3144 5650 per
3189 5577 3442 5659 familias,
3472 5583 3529 5659 et

1946 5651 2150 5718 Levitis
2194 5676 2223 5714 a
2253 5658 2516 5729 vigesimo
2556 5669 2699 5710 anno
2747 5660 2802 5708 et
2827 5667 3014 5725 supra,
3071 5667 3169 5722 per
3218 5651 3438 5706 ordines
3474 5654 3531 5703 et

1938 5853 2171 5927 ὀργάνος
2196 5852 2476 5927 τ-ῷ-ιξρρίῳ.
2505 5844 2730 5902 Videtur
2751 5851 2934 5904 autem
2954 5839 3186 5913 aliterjn
3207 5853 3306 5897 suo
3333 5839 3529 5910 legisse

1940 5921 2250 5993 exemplari
2276 5921 2661 5991 llicronytnus.
