4112 6354
345 214 481 275 I397

1711 213 1938 272 VERBA
1981 215 2265 275 DIERUM.

3491 226 3632 284 1598

411 332 968 409 Ediﬁeavitquoque
994 331 1186 409 altaria
1211 331 1264 409 i_n
1285 330 1451 409 domo
1479 332 1717 400 Domini,
1743 335 1808 387 de
1831 348 1935 403 qua
1962 337 2010 393 A
2113 336 2306 409 Etnon
2334 344 2419 392 est
2439 337 2704 393 reveritus
2726 337 2919 394 faciem
2943 339 3180 409 Domini,
3206 340 3632 403 sicutrcveritus

339 405 554 461 dixerat
595 405 894 461 Dominus:
942 404 998 459 In
1026 404 1332 461 JeruSaIem
1374 404 1480 459 erit
1527 421 1724 461 nomen
1755 420 1935 460 meum

340 477 394 533 in
427 489 713 536 :etetnum.

411 549 723 605 fEdiIicavit
742 557 920 604 autem
949 563 1010 604 ea
1034 555 1230 603 cuncto
1257 548 1524 605 exercitui
1556 548 1702 618 cmli,
1729 550 1781 604 in
1805 547 1940 604 duo-

339 622 440 678 bus
467 622 625 678 atriis
651 621 844 676 domus
875 620 1108 676 Domini.

411 693 774 766 Transireque
820 693 948 748 fecit
978 693 1116 748 ﬁlios
1165 707 1298 750 suos
1337 708 1433 764 per
1484 693 1664 765 ignem
1694 693 1748 748 in
1799 693 1936 749 valle

341 767 616 821 Benenom
639 784 655 822 :

409 837 746 893 Observabat
779 838 1011 902 somnia,
1035 837 1348 892 sectabatur
1388 837 1637 908 auguria,
1670 835 1934 894 maleﬁcis

339 909 549 964 artibus
572 910 926 978 inserviebat,
959 909 1194 965 habebat
1233 924 1420 966 secum
1444 924 1634 980 magos
1665 920 1721 964 et
1751 911 1937 965 incan-

339 989 544 1036 tatores
576 999 591 1036 2

411 1054 688 1126 Multaque
718 1054 859 1109 mala
907 1063 1162 1125 operatus
1203 1061 1289 1108 est
1331 1067 1514 1110 coram
1567 1052 1814 1119 Domino,
1871 1061 1936 1110 ut

338 1124 580 1180 irritaret
601 1124 747 1180 eum.
947 1124 958 1125 ί
1033 1137 1045 1147 ’

410 1196 670 1270 Sculptile
713 1213 930 1270 quoque
975 1207 1031 1254 et
1070 1197 1346 1270 eonﬁatile
1385 1198 1598 1270 signum
1657 1197 1837 1267 posuit
1877 1197 1931 1270 in

337 1267 501 1341 domo
529 1269 649 1334 Dei,
677 1267 745 1325 de
775 1267 880 1341 qua
913 1272 1124 1326 locutus
1155 1281 1238 1326 est
1283 1267 1519 1326 Deus'ad
1564 1270 1753 1336 David,
1785 1279 1840 1326 et
1863 1267 1932 1326 ad

337 1340 682 1398 Salomonem
712 1340 877 1397 ﬁlium
923 1345 1061 1409 ejus,
1095 1343 1320 1398 dicens:

408 1411 472 1486 In
499 1413 660 1486 domo
707 1413 809 1468 hac
851 1423 906 1469 et
935 1414 1042 1486 [Αι.
1067 1424 1169 1469 lac.
1202 1412 1278 1486 et]
1309 1417 1362 1469 in
1393 1413 1722 1480 Jerusalem,
1768 1427 1928 1484 quam

335 1483 473 1566 elegi
501 1482 1063 1570 decunctistribubus
1092 1482 1280 1554 Israel,
1309 1501 1506 1559 ponam
1529 1501 1725 1541 nomen
1747 1482 1927 1541 meum

335 1572 389 1610 tn
420 1569 838 1628 sempiternum.

407 1628 473 1700 Et
497 1631 700 1684 moveri
732 1646 837 1684 non
865 1629 1053 1684 faciam
1083 1629 1273 1700 pedem
1304 1629 1465 1686 Israel
1493 1628 1562 1683 de
1597 1638 1738 1684 terra
1764 1644 1925 1700 quam

337 1699 535 1785 tradidi
567 1702 811 1770 patribus
837 1716 1023 1784 eorum
1061 1699 1175 1756 :ita
1201 1701 1540 1785 dumtaxatsi
1569 1701 1925 1785 custodierint
1953 1721 2005 1785 Β

334 1771 513 1844 facere
542 1788 664 1844 quae
691 1775 920 1842 praecepi
948 1774 1050 1838 eis,
1081 1785 1440 1843 cunctamque
1467 1773 1640 1842 legem
1672 1782 1725 1828 et
1755 1787 1924 1829 caere-

335 1843 738 1914 monias'atque
765 1845 966 1914 judicia
998 1860 1094 1914 per
1124 1861 1339 1900 manum
1374 1844 1526 1900 Mosi.
1670 1913 1673 1914 ν
1821 1895 1828 1900 .

407 1914 572 1982 Igitur
609 1913 885 1972 ManaSses
919 1913 1140 1972 seduxit
1184 1919 1378 1973 Jndam
1413 1959 1427 1982 ,
1480 1925 1536 1971 et
1592 1913 1927 1970 habitatores

334 1986 658 2052 Jerusalem,
697 1998 754 2043 ut
788 1988 1031 2044 Iacerent
1075 1990 1272 2043 malum
1306 2005 1471 2055 super
1511 2003 1700 2041 omnes
1733 1995 1926 2057 gentes

333 2073 468 2130 quas
490 2060 833 2116 subverterat
861 2061 1123 2115 Dominus
1147 2076 1176 2114 a
1205 2061 1344 2116 facie
1368 2061 1601 2114 ﬁliorum
1630 2058 1818 2112 Israel.

408 2130 751 2201 Locutusque
787 2142 873 2188 est
905 2132 1169 2187 Dominus
1193 2134 1257 2186 ad
1290 2147 1447 2200 eum,
1482 2140 1536 2186 et
1568 2131 1633 2184 ad
1666 2130 1926 2201 pepulum

335 2201 499 2268 illius,
529 2213 582 2257 et
608 2205 892 2259 attendere
921 2205 1233 2258 noluerunt.

404 2271 609 2346 Idcirco
632 2277 1014 2346 superinduxit
1042 2277 1121 2330 eis
1167 2276 1436 2345 principes
1464 2273 1736 2329 exercitus
1782 2273 1928 2343 regis

334 2345 680 2418 Assyriorum
704 2345 729 2401 7:
759 2356 1124 2418 ceperuntque
1154 2348 1460 2409 Manassen,
1490 2356 1544 2418 et
1572 2349 1813 2399 vinctum
1836 2360 1928 2400 ca-

335 2417 476 2490 tenis
496 2428 663 2490 atque
687 2417 1051 2490 compedibus
1067 2419 1344 2474 duxerunt
1367 2420 1419 2470 in
1452 2417 1805 2490 Babylonem.

401 2488 502 2555 Qui
537 2488 827 2561 postquam
852 2500 1261 2561 ‘coangustatus
1289 2500 1390 2552 est,
1423 2488 1599 2543 oravit
1639 2489 1925 2543 Dominum

335 2561 503 2615 Deum
535 2578 726 2617 suum:
760 2571 816 2618 et
849 2564 960 2634 egit
995 2562 1376 2634 pmnitentiam
1420 2561 1578 2617 valde
1600 2575 1786 2616 coram
1814 2563 1926 2617 Deo

332 2641 544 2704 patrum
573 2648 814 2690 suorum.

407 2704 840 2776 Deprceatusque
870 2714 955 2763 est
980 2721 1130 2775 eum,
1161 2717 1216 2763 et
1260 2703 1570 2763 obsecravit
1602 2703 1831 2769 intente,
1873 2714 1926 2760 et

333 2777 609 2831 exaudivit
637 2781 935 2833 orationem
961 2780 1100 2848 ejus.

407 2848 748 2920 Iieduxitque
775 2866 899 2906 eum
955 2851 1259 2906 Jerusalem
1298 2851 1350 2904 in
1379 2863 1604 2919 regnum
1646 2862 1827 2912 suum,
1873 2855 1929 2920 et

331 2922 586 3046 Bognovit
606 2918 882 2978 Manasscs
913 2923 1052 2994 quod
1081 2923 1344 2977 Dominus
1372 2918 1488 2991 ipse
1513 2931 1598 2975 est
1622 2921 1730 2993 [AL
1756 2918 1925 2993 esset]

379 3006 496 3046 eus.

379 3006 496 3047 eus.

404 3063 532 3118 Post
556 3064 670 3120 lure
688 3064 1204 3121 acdiﬁeavitmurum
1235 3073 1386 3120 extra
1416 3063 1700 3120 civitatem
1725 3062 1916 3129 David,

331 3137 399 3207 ad
423 3137 760 3193 occidentem
786 3139 922 3193 Gion
958 3140 1010 3207 in
1055 3138 1306 3194 convalle
1349 3136 1416 3192 ab
1473 3134 1698 3191 introitu
1751 3144 1920 3204 porta:

334 3205 563 3282 pisoium
591 3225 716 3282 per
753 3205 1038 3264 circuitum
1071 3225 1241 3282 usque
1267 3207 1335 3264 ad
1361 3207 1555 3279 Uphel,
1583 3215 1638 3262 et
1667 3207 1924 3262 exaltavit

335 3280 486 3333 illum
519 3280 893 3337 vehementer.
1155 3280 1164 3282 7
1888 3308 1902 3324 ‘

401 3351 797 3425 Constituitqne
821 3353 1090 3425 principes
1119 3353 1386 3408 exercitus
1418 3352 1470 3405 in
1496 3351 1704 3406 cunctis
1726 3349 1919 3406 civita-

333 3423 473 3478 tibus
497 3423 635 3478 Juda
667 3423 890 3479 munitis
923 3441 937 3478 :

329 3565 372 3619 Ι)
404 3497 717 3579 Etabsmlit
753 3497 886 3552 deos
928 3496 1156 3562 alienos,
1190 3506 1242 3552 et
1272 3495 1619 3551 simulacrum
1651 3495 1719 3551 de
1759 3495 1921 3550 domo

376 3581 540 3619 omtm
572 3583 586 3619 Ξ

376 3581 540 3622 01111111
572 3583 586 3621 Ξ

399 3639 537 3692 Aras
565 3655 798 3709 quoque,
831 3654 968 3710 quas
997 3639 1199 3695 fecerat
1251 3641 1303 3694 in
1356 3649 1539 3694 monte
1588 3638 1783 3692 domus
1812 3638 1918 3692 Do-

329 3709 482 3777 mini,
515 3712 640 3766 etin
667 3709 992 3781 Jerusalem,
1011 3723 1064 3768 et
1089 3711 1313 3782 proiecit
1331 3714 1507 3766 otttnia
1533 3719 1682 3764 extra
1705 3712 1916 3765 urbem.

399 3782 569 3837 Porro
597 3783 916 3837 instauravit
944 3788 1114 3838 altare
1141 3783 1380 3848 Domini,
1419 3792 1475 3837 ct
1499 3782 1795 3837 immolavit
1827 3796 1919 3836 su-

328 3867 421 3926 per
449 3853 581 3908 illud
611 3855 875 3919 victimas,
906 3863 960 3910 et
993 3854 1237 3926 paciﬁca.
1263 3865 1316 3908 et
1347 3855 1585 3908 laudem.

397 3925 768 3998 Praecepitque
797 3926 970 3994 Judm,
995 3923 1050 3983 ut
1080 3926 1308 3982 serviret
1339 3925 1568 3980 Domino
1585 3925 1701 3998 Deo
1730 3923 1913 3998 Israel.

395 3996 648 4071 Attamen
674 3996 850 4054 adhuc
876 4001 1106 4071 populus
1129 3998 1446 4054 immolabat
1471 3999 1522 4054 in
1555 3996 1788 4053 excelsis
1817 3999 1917 4051 Do-

325 4067 476 4122 mino
505 4069 617 4126 Deo
647 4085 768 4127 suo.

397 4141 620 4214 lteliqua
651 4151 833 4198 autem
882 4152 1158 4214 gestorum
1209 4143 1564 4214 Manasse,re_t
1606 4140 1916 4214 obsecratio

324 4210 440 4284 ejus
471 4212 537 4284 ad
571 4212 737 4268 Deum
768 4210 926 4269 suum
969 4234 983 4276 ε,
1016 4217 1180 4272 verba
1211 4229 1430 4284 quoque
1461 4212 1796 4279 Videntium,
1825 4213 1914 4282 qui

324 4281 682 4352 loquebantur
724 4284 790 4339 ad
835 4301 958 4341 eum
1002 4287 1053 4342 in
1087 4281 1305 4343 nomine
1344 4281 1566 4340 Domini
1594 4284 1691 4340 Dei
1725 4285 1911 4353 Israel,

322 4354 671 4411 continentur
691 4356 744 4410 in
770 4358 1115 4413 sermonibus
1140 4373 1328 4426 regum
1357 4357 1542 4412 Israel.

393 4428 578 4480 Oratio
608 4442 824 4496 quoque
845 4431 962 4496 ejus
993 4439 1046 4484 et
1067 4431 1363 4494 exauditio,
1388 4437 1445 4483 et
1465 4438 1656 4483 cuncta
1691 4438 1912 4498 peccata

2042 408 2430 486 est_Manasses
2470 419 2623 486 pater
2650 410 2766 479 ejus
2803 429 2816 464 :
2843 420 2913 486 ‘et
2945 412 3112 466 multo
3143 408 3348 482 majora
3379 413 3627 486 deliquit.

2111 480 2354 553 Cumque
2384 483 2761 550 conjurassent
2791 482 3048 538 adversus
3080 499 3205 538 eum
3233 480 3379 540 servi
3413 480 3520 553 sui,
3553 488 3636 543 in-

2041 552 2379 608 terfecerunt
2409 569 2534 608 eum
2569 555 2620 608 in
2652 554 2813 608 domo
2842 571 2958 608 sua.

2112 623 2283 680 Porro
2319 625 2519 695 reliqua
2563 627 2747 694 populi
2792 626 3117 692 multitudo,
3173 628 3331 682 cmsis
3387 629 3481 691 iis,
3540 631 3630 698 qui

2039 698 2211 778 Anton
2263 706 2663 768 percusserant,
2692 698 2975 754 constituit
3001 713 3184 770 regem
3226 699 3424 754 .losiam
3457 701 3629 758 ﬁlium

2038 783 2156 838 ejus
2195 785 2290 835 pro
2320 785 2406 822 eo.

2110 839 2260 911 [Cap.
2293 838 2560 912 XXXIV.]
2587 839 2722 896 Octo
2753 856 3017 896 annorum
3040 852 3154 896 erat
3181 841 3358 898 Josias
3391 858 3510 899 cum
3544 861 3632 900 rc-

2035 925 2206 987 guare
2234 915 2512 987 cmpisset,
2539 923 2592 968 et
2625 912 2851 984 triginta
2880 922 2934 969 et
2971 929 3080 968 uno
3111 929 3252 969 anno
3297 916 3540 987 regnavit
3572 917 3629 973 in

2036 985 2359 1039 Jerusalem.

2107 1055 2368 1123 Fecitque
2399 1056 2538 1127 quod
2570 1065 2687 1128 erat
2727 1065 2935 1112 rectum
2967 1058 3018 1114 in
3053 1069 3350 1128 conspecm
3383 1058 3621 1127 Domini,

2036 1137 2089 1182 et
2110 1130 2402 1183 ambulavit
2432 1130 2484 1182 in
2516 1130 2617 1182 viis
2649 1127 2817 1183 David
2847 1131 3018 1198 patris
3043 1131 3126 1185 sui
3155 1127 3304 1185 zenon
3334 1131 3630 1188 declinavit

2035 1213 2211 1266 neque
2238 1199 2304 1255 ad
2338 1200 2608 1264 dextram,
2641 1215 2818 1270 neque
2850 1201 2916 1254 ad
2937 1201 3231 1258 sinistram.

2108 1272 2308 1326 Octavo
2339 1281 2518 1327 autem
2572 1287 2714 1325 anno
2748 1272 2896 1342 regni
2937 1274 3042 1339 sui,
3092 1289 3214 1328 cum
3260 1271 3436 1328 adhuc
3483 1281 3632 1330 esset

2034 1356 2188 1414 puer,
2215 1343 2374 1411 cmpit
2407 1358 2648 1414 σηιξηῐοτο
2676 1343 2844 1398 Deum
2873 1342 3040 1413 patris
3065 1345 3149 1398 sui
3176 1343 3338 1400 David
3367 1362 3379 1397 :

2106 1413 2173 1468 Et
2202 1413 2522 1470 duodecimo
2550 1429 2713 1482 anno,
2745 1427 3026 1484 postquam
3059 1425 3082 1452 λ
3105 1425 3367 1486 εωρεηιι,
3399 1416 3629 1473 munda-

2033 1486 2110 1556 vit
2146 1486 2336 1541 Jndam
2369 1497 2422 1543 et
2448 1487 2748 1542 Jerusnlcm
2777 1487 2844 1542 ab
2873 1487 3126 1556 excelsis,
3160 1501 3215 1543 et
3259 1487 3414 1555 lueis,
3449 1489 3620 1543 simu-

2033 1556 2300 1629 laerisque
2328 1568 2383 1613 et
2411 1558 2768 1627 sculptilibn‘s.

2107 1629 2611 1698 Drst'ruxeruntque
2641 1645 2822 1703 coram
2852 1644 2918 1685 co
2939 1644 3061 1703 aras
3093 1629 3294 1703 Baalim
3329 1647 3342 1684 :
3376 1638 3428 1684 et
3459 1632 3629 1686 simu-

2037 1700 2202 1766 lacra,
2234 1718 2354 1772 qua:
2386 1700 2721 1770 superposita
2746 1701 2992 1766 fuerant,
3028 1701 3278 1758 demoliti
3310 1712 3435 1757 sunt
3465 1719 3477 1756 :

2102 1772 2278 1855 lucos
2306 1774 2490 1840 etiam,
2523 1784 2577 1828 et
2614 1774 2884 1844 sculptilia
2927 1773 3157 1830 succidit
3192 1783 3354 1846 atque
3398 1773 3628 1830 commi-

2028 1853 2145 1899 nuit
2176 1863 2188 1899 :

2103 1915 2168 1969 Et
2201 1931 2365 1984 super
2412 1916 2646 1971 tumulos
2692 1916 3026 1986 eorum,qui
3057 1916 3136 1972 eis
3167 1917 3448 1973 immolare
3489 1931 3623 1974 con-

2028 1980 2342 2052 sueverant,
2369 1987 2669 2055 fragmenta
2697 1980 2973 2056 dispersit.

2101 2059 2234 2137 sta
2259 2069 2519 2137 praeterea
2546 2059 2886 2137 sacerdotum
2918 2058 3217 2137 combussit
3263 2059 3317 2137 i_n
3359 2058 3623 2116 altaribus

2030 2129 2322 2198 idolorum,
2357 2132 2743 2199 mundavitque
2771 2129 2962 2184 Judam
2990 2137 3045 2185 et
3082 2131 3405 2185 Jerusalem.

2093 2203 2206 2258 Sed
2236 2213 2291 2258 et
2321 2205 2373 2257 in
2405 2202 2630 2257 urbibus
2660 2202 2922 2268 Manassc,
2949 2201 3297 2272 etEphraim,
3328 2202 3623 2261 etSimeon

2033 2287 2203 2344 usque
2235 2273 2521 2344 Ncpbthali
2543 2315 2558 2338 ,
2589 2283 2780 2346 cuncta
2815 2273 3098 2346 subvertit.

2098 2347 2340 2413 Cumque
2389 2346 2576 2399 altaria
2606 2345 2942 2415 dissipasset,
2977 2355 3029 2399 et
3057 2345 3238 2411 lucos,
3264 2355 3318 2400 et
3347 2345 3621 2415 sculptilia

2030 2417 2376 2472 contrivisset
2407 2418 2459 2472 in
2509 2415 2680 2470 frusta
2704 2458 2718 2481 ,
2751 2425 3051 2487 cunctaque
3075 2415 3295 2471 delubra
3328 2416 3620 2473 demolitus

2027 2499 2170 2545 esset
2197 2489 2266 2544 (10
2313 2489 2560 2545 universa
2609 2495 2754 2544 terra
2803 2488 3010 2556 Israel,
3054 2502 3307 2544 reversus
3341 2500 3425 2544 est
3465 2489 3622 2544 Jeru-

2026 2562 2216 2617 salem.

2103 2633 2272 2703 Igitur
2293 2647 2436 2688 anno
2454 2641 2646 2688 octavo
2669 2631 2882 2687 decimo
2907 2631 3058 2702 regni
3089 2634 3194 2697 sui,
3224 2631 3479 2686 mundata
3504 2631 3618 2702 jam

2029 2702 2193 2770 terra,
2224 2715 2276 2760 et
2307 2705 2508 2775 templo
2541 2705 2945 2770 Domini,misit
2972 2704 3185 2775 Saphan
3211 2702 3376 2775 ﬁlium
3404 2703 3616 2775 Eselim,

2027 2783 2082 2830 et
2111 2777 2361 2831 Maasiam
2391 2773 2687 2846 principem
2713 2775 2969 2847 civitatis,
3001 2773 3061 2832 et
3091 2774 3184 2830 Joa
3218 2774 3386 2847 ﬁlium
3417 2773 3618 2847 .Ioaba;

2026 2862 2054 2901 a
2086 2844 2514 2932 commentariis,
2547 2844 2604 2902 ut
2636 2844 3009 2904 instaurarent
3038 2847 3256 2903 domum
3282 2845 3492 2901 Domini
3518 2844 3616 2902 Dei

2025 2932 2129 2974 8111.

2097 2991 2197 3059 Qui
2220 3000 2486 3047 venerunt
2517 2991 2581 3046 ad
2613 2990 2850 3047 llelciam
2879 2990 3217 3046 sacerdotem
3240 3003 3492 3061 magnum
3527 3007 3540 3042 :

2097 3067 2497 3134 Aeeeptamque
2526 3064 2594 3117 ab
2638 3080 2704 3120 eo
2731 3062 3037 3134 pecuniam,
3087 3078 3205 3130 quae
3246 3062 3407 3134 illata_
3445 3061 3623 3115 fuerat

2026 3135 2078 3190 in
2110 3132 2332 3191 domum
2361 3132 2594 3200 Domini,
2630 3143 2686 3190 et
2711 3132 2868 3206 quam
2891 3143 3357 3205 congregaverant
3384 3132 3615 3206 Levita},

2025 3208 2368 3277 etjanitoros
2399 3207 2464 3262 de
2493 3203 2759 3270 Manasse,
2815 3216 2869 3261 et
2917 3203 3196 3276 Ephraim,
3249 3214 3318 3277 et
3347 3203 3618 3277 universis

2027 3275 2269 3346 reliquiis
2297 3279 2479 3344 Israel,
2510 3279 2578 3332 ab
2605 3279 2753 3332 omni
2783 3275 2996 3348 quoque
3021 3278 3194 3338 iJuda,
3227 3287 3283 3330 et
3307 3275 3612 3348 Benjamin,

2025 3361 2078 3406 et
2107 3350 2500 3405 habitatoribus
2535 3346 2866 3419 Jerusalem,
2898 3346 3234 3404 tradiderunt
3262 3347 3316 3402 in
3366 3346 3617 3419 manibus

2024 3437 2211 3480 eorum
2269 3424 2357 3493 qui
2406 3429 2681 3492 prmerant
2722 3417 2985 3492 operariis
3013 3421 3064 3475 in
3097 3421 3258 3474 domo
3289 3417 3528 3493 Domini,
3559 3425 3624 3471 ut

2025 3490 2710 3565 instaurarenttemplum,
2739 3490 2792 3548 et
2819 3493 3029 3547 inﬁrma
3058 3505 3283 3562 qumque
3323 3490 3613 3565 sarcircnt.

2097 3568 2165 3621 At
2191 3566 2264 3620 illi
2296 3561 2558 3621 dederunt
2611 3581 2731 3620 eam
2781 3561 3098 3630 artiﬁcibus,
3132 3573 3185 3616 et
3228 3561 3616 3627 emmentariis,

2025 3637 2050 3676 ιι
2081 3646 2138 3692 nt
2166 3649 2410 3692 emerent
2437 3637 2643 3706 lapides
2674 3637 2741 3691 de
2765 3635 3094 3705 lapicidinis,
3121 3643 3174 3687 et
3199 3635 3334 3706 ligna
3367 3634 3431 3686 ad
3465 3647 3615 3686 com-

2024 3709 2284 3765 mis:uras
2315 3705 2551 3772 :cdiﬁcii,
2581 3719 2636 3762 et
2678 3708 2743 3763 ad
2790 3707 3249 3777 contignationem
3284 3705 3610 3777 domorum,

2021 3797 2154 3851 quas
2185 3783 2567 3836 destruxerant
2614 3795 2768 3850 reges
2809 3775 3105 3849 JudalQui
3153 3775 3384 3831 ﬁdeliter
3415 3787 3614 3830 cuneta

2020 3854 2306 3909 faciebant.

2094 3929 2259 3981 Erant
2285 3935 2462 3998 autem
2494 3922 3160 3998 prmrpositioperantium,
3208 3917 3365 3998 J‘aath
3407 3930 3466 3998 _et

2020 3999 2138 4053 dias
2169 3998 2236 4053 de
2265 3998 2388 4051 ﬁliis
2418 3989 2639 4063 Morari,
2672 3989 2962 4051 Zacharias
2994 4005 3047 4049 et
3081 3991 3358 4047 Mosellam
3389 3990 3456 4063 de
3487 3989 3611 4042 ﬁliis

2019 4069 2210 4134 Caath,
2245 4070 2333 4140 qui
2379 4061 2642 4138 urgebant
2670 4083 2805 4139 Opus
2839 4085 2851 4123 :
2906 4079 3094 4123 omnes
3125 4064 3327 4120 Levita:
3375 4061 3612 4117 scientes

2018 4145 2234 4214 organis
2264 4156 2479 4197 canere.

2091 4210 2266 4284 Super
2295 4230 2390 4269 eos
2421 4227 2572 4286 vero,
2602 4213 2689 4282 qui
2720 4211 2786 4266 ad
2814 4210 3012 4286 varios
3040 4221 3166 4286 usus
3205 4220 3376 4286 onera
3419 4212 3614 4286 porta--

2021 4279 2351 4352 bank-erant
2379 4285 2591 4357 scribto,
2621 4279 2676 4339 et
2708 4281 2951 4357 magistri
2984 4281 3050 4334 de
3092 4279 3295 4357 Levitis
3318 4279 3607 4357 janitorcs.

2091 4347 2332 4427 cumque
2363 4356 2620 4412 elt'errent
2650 4347 2955 4427 pecuniam,
2980 4363 3127 4427 qua:
3173 4349 3321 4427 illata
3353 4347 3528 4427 fuerat
3558 4347 3612 4400 in

2022 4419 2278 4495 templum
2314 4427 2550 4492 Domini,
2597 4419 2796 4495 reperit
2841 4419 3058 4479 llelcia’s
3102 4422 3364 4476 "sacerdos
3411 4419 3610 4474 librum

323 4506 482 4570 omne
522 4507 902 4570 contemptus,
937 4500 1052 4554 loca
1083 4500 1246 4556 etiam
1295 4501 1349 4555 in
1401 4500 1598 4569 quibus
1629 4497 1914 4553 aediﬁcavit
1941 4505 1992 4565 Ι)
2019 4501 2175 4570 Legis
2209 4499 2416 4570 Domini
2460 4513 2556 4570 p‘er
2586 4513 2802 4570 manum
2838 4497 2994 4570 Μοεῄ

322 4569 555 4637 excelsa,
594 4577 649 4624 et
696 4569 824 4625 fecit
853 4570 1008 4626 lucos
1034 4579 1091 4626 et
1129 4579 1354 4638 statuas,
1404 4580 1700 4641 antequam
1724 4577 1914 4641 ageret

321 4642 716 4709 ptenitemiam,
741 4642 944 4713 scripta
967 4643 1171 4698 suntin
1205 4641 1546 4698 sermonibus
1575 4640 1725 4696 Ozai.

397 4713 656 4768 Dormivit
679 4729 811 4784 ergo
841 4714 1114 4769 Manasses
1143 4729 1264 4769 cum
1301 4715 1546 4784 patribus
1575 4714 1710 4776 suis,
1743 4722 1796 4766 et
1825 4726 1912 4768 sc-

320 4785 591 4856 pelierunt
617 4799 741 4840 eum
785 4785 841 4842 in
895 4786 1060 4842 domo
1106 4799 1206 4842 sua
1248 4803 1264 4843 :
1308 4785 1660 4856 regnavitquc
1707 4797 1806 4856 pro
1844 4798 1912 4840 co

319 4854 464 4912 ﬁlius
491 4857 606 4926 ejus
634 4857 831 4913 Anton.

395 4927 594 5000 Viginti
620 4929 849 5002 duorum
877 4945 1144 5002 annorum
1169 4937 1288 4986 erat
1327 4932 1503 5002 Anton
1525 4943 1650 4983 cum
1683 4944 1915 5002 regnare

323 5002 598 5072 coepisset,
623 5011 678 5057 et
699 5001 909 5056 duobus
939 5001 1102 5057 armis
1129 5002 1375 5072 regnavit
1401 5002 1453 5055 in
1479 5001 1806 5058 Jerusalem.

392 5071 655 5143 Fecitque
689 5075 891 5128 malum
929 5075 978 5128 in
1007 5071 1306 5145 conspectu
1344 5073 1582 5140 Domini,
1607 5073 1749 5130 sicut
1775 5073 1916 5132 I'eee-

321 5145 706 5216 ratlI-Ianasscs
734 5156 890 5215 pater
918 5147 1034 5216 ejus
1069 5165 1081 5200 :

392 5213 462 5269 Et
489 5216 702 5290 cunctis
726 5213 909 5282 idolis,
934 5213 1054 5288 qua-
1082 5218 1361 5274 Manasses
1392 5216 1569 5273 fuerat
1594 5217 1914 5290 fabricatus,

318 5286 622 5343 immolavit
653 5297 815 5358 atque
845 5286 1090 5344 servivit.

389 5439 414 5467 τι
450 5428 662 5499 Vulgati
702 5429 1061 5501 interserunt,
1091 5427 1233 5498 quod
1264 5435 1319 5482 et
1345 5426 1907 5501 subaudiendum'est,

318 5498 572 5567 verbum,
597 5498 961 5574 regnaretnd‘
1005 5509 1246 5574 veterum
1279 5509 1458 5554 tamen
1497 5515 1630 5556 mss.
1661 5512 1715 5556 et
1745 5498 1908 5559 llcbr.

317 5583 606 5630 eontexlus
636 5569 796 5628 Iidem
831 5569 964 5624 illud
1005 5569 1349 5626 Martianmus
1391 5575 1672 5640 expunxil.
1709 5574 1912 5630 Verum

323 5643 583 5699 llebrmus
615 5661 720 5699 non
766 5642 898 5696 illud
931 5641 1094 5696 modo
1139 5643 1364 5698 verbum
1422 5647 1655 5704 reticet:
1715 5646 1807 5702 sed
1862 5658 1918 5702 et

322 5717 633 5781 przccedens
660 5724 952 5786 postquam,
996 5716 1158 5784 atque
1199 5716 1309 5786 alio
1353 5715 1464 5772 fere
1509 5731 1670 5770 sensu
1725 5720 1914 5784 habet,

324 5785 640 5843 Duodecimo
662 5785 798 5844 anno
827 5787 976 5855 cupit
1006 5786 1260 5843 mundare
1283 5785 1504 5856 Jutlam,
1555 5800 1663 5846 etc.
1699 5790 1919 5847 Videtur

2092 4561 2158 4627 Fit
2182 4571 2256 4625 ait
2286 4573 2348 4623 ad
2382 4561 2597 4639 Saphan
2629 4569 2862 4623 scribam
2895 4584 2908 4622 :
2943 4565 3167 4622 Librum
3228 4563 3386 4634 Legis
3427 4561 3611 4618 inveni

2018 4644 2072 4699 in
2101 4645 2262 4716 domo
2295 4642 2506 4716 Domini
2535 4657 2550 4695 :
2583 4649 2636 4716 et
2660 4641 2881 4716 tradidit
2899 4639 2972 4695 ei.
3032 4709 3034 4712 ν
3369 4706 3398 4716 Α,
3475 4705 3508 4716 ,Α
3597 4645 3610 4716 ζ

2091 4717 2159 4770 At
2187 4714 2274 4769 ille
2302 4713 2484 4768 intulit
2513 4714 2762 4767 volumen
2795 4713 2860 4765 ad
2904 4709 3087 4781 regem
3114 4751 3128 4777 ,
3163 4716 3217 4764 et
3241 4705 3516 4762 nuntiavit
3560 4705 3614 4760 ei

2020 4787 2203 4843 dicens
2237 4802 2252 4841 :
2279 4783 2471 4840 Omnia
2500 4799 2621 4855 qua:
2650 4784 2845 4839 dedisti
2893 4783 2946 4838 in
2979 4795 3141 4836 manu
3173 4793 3455 4836 servorum
3496 4787 3616 4832 tuo-

2019 4876 2161 4931 rum,
2197 4872 2324 4914 eece
2355 4859 2716 4931 complentur.
3050 4923 3064 4931 ,
3170 4922 3182 4931 _
3353 4922 3389 4931 _
3495 4921 3505 4931 ,
3553 4919 3566 4931 ,

2091 4922 2387 5000 Argentum
2416 4922 2559 5000 quod
2606 4936 2878 4997 repertum
2934 4935 3017 4981 est
3050 4923 3105 5000 in
3153 4922 3614 5000 dotno‘pomin‘i,

2022 4993 2394 5060 conﬂaverunt
2420 4993 2448 5054 ε’
2481 4993 2773 5069 datumque
2816 5009 2903 5054 est
2931 4994 3206 5069 p‘rtcfectis
3238 4993 3621 5061 artiﬁcum,‘et

2021 5075 2237 5131 diversa
2269 5083 2432 5142 "opera
2465 5071 2868 5147 fabricantium:
2903 5141 2915 5147 _
2958 5141 2968 5147 _
3256 5138 3269 5147 _
3379 5136 3393 5147 ,
3552 5134 3585 5147 ..

2095 5136 2362 5204 Prmterca
2397 5142 2616 5199 tradidit
2658 5143 2789 5199 mihi
2818 5141 3037 5198 Helcias
3081 5138 3338 5196 sacerdos
3379 5136 3522 5193 hunc
3552 5136 3617 5191 li-

2092 5237 2198 5274 um.

2092 5237 2118 5271 11
2186 5261 2198 5274 .

2023 5219 2262 5360 ὺΓρἮριη
2295 5304 2437 5357 cum,
2465 5303 2595 5360 rege
2611 5295 2903 5361 prmsente,
2931 5285 3240 5354 recitasset,
3265 5281 3618 5352 audissetque

2016 5430 2177 5496 adeo,
2211 5438 2268 5484 ut
2299 5437 2448 5484 recte
2471 5434 2688 5482 constet
2722 5437 2773 5482 et
2808 5426 2860 5480 in
2888 5426 3100 5496 Latino,
3127 5433 3220 5479 aut
3248 5422 3377 5480 illud
3403 5437 3619 5494 quoque

2016 5504 2243 5559 verbum
2273 5500 2620 5556 retinendum
2649 5513 2768 5553 cum
2797 5497 3040 5569 angatis
3063 5508 3112 5554 et
3137 5497 3456 5564 Graeco,aut
3477 5511 3616 5550 neu-

2022 5586 2161 5630 trmn
2191 5589 2311 5628 cum
2341 5572 2590 5629 Hebra-o.

2092 5645 2120 5684 δ
2157 5646 2252 5700 llic
2268 5654 2586 5700 conetanter
2617 5643 2888 5715 legituriin
2916 5659 3044 5698 mss.
3071 5637 3625 5715 exempla_rilmslapi-

2024 5718 2250 5770 (liciut's:
2283 5728 2334 5772 et
2383 5727 2566 5788 postea
2609 5710 2750 5773 vers.
2803 5714 2997 5784 22,0(1
3060 5715 3250 5769 Oldam
3295 5710 3616 5781 Propheten.

2027 5789 2210 5846 MART.
