4062 6348
455 317 596 377 1405

1457 311 1518 372 S.
1563 311 1943 371 HIERONYMI
1982 310 2218 371 DIVINA
2254 311 2733 372 BIBLIOTHECA.

3617 314 3758 375 HM

455 437 635 509 lingua
663 434 848 491 dolosa
874 432 1052 508 (Psat.
1077 446 1224 499 cur,
1245 432 1325 503 Ξ).
1361 428 1580 486 Tertius
1601 444 1778 486 annus
1798 438 1884 487 est
1903 426 2048 503 quod
2076 431 2126 494 Α
2153 444 2341 486 eversa
2388 430 2725 486 demonstrat
2776 427 2900 503 (uec
2930 436 3109 503 potest
3142 430 3328 502 utique
3354 443 3546 486 verum
3579 431 3753 489 asseri

455 543 672 600 semper
714 526 952 583 scribitis
982 535 1141 595 atque
1173 521 1494 588 rescribitis,
1521 530 1581 578 ut
1604 521 1762 578 Ezrre
1800 520 1997 579 librum
2026 530 2055 562 ιι

455 621 615 678 vobis
662 620 730 677 de
756 619 997 676 ’llebrzeo
1048 616 1415 674 transferam:
1463 615 1619 688 quasi
1659 630 1768 671 non
1809 614 2057 672 habeatis

459 715 647 771 Graeca
681 723 735 770 et
773 712 960 769 Latina
1008 710 1282 766 volumina
1314 728 1328 766 :
1365 719 1461 765 aut
1497 706 1762 781 quidquid
1808 706 1943 765 illud
1970 715 2060 765 est

463 805 606 879 quod
656 821 685 862 a
736 804 893 862 nobis
946 804 1179 860 vertitur
1208 846 1224 871 ,
1286 792 1407 859 non
1455 802 1755 881 statimyab
1804 802 2059 859 omnibus

465 900 574 973 [ΑΙ.
618 894 953 969 hominibus]
1003 894 1418 968 conSpuendum
1465 895 1556 951 sit.
1598 892 1821 951 Frustra
1847 903 2053 964 autem,

462 1001 524 1048 ut
565 992 642 1048 ait
682 992 710 1032 δ
757 991 1004 1063 quidam,
1052 991 1188 1059 niti,
1237 1004 1417 1060 neque
1457 987 1606 1045 aliud
1646 987 1921 1061 fatigando
1954 987 2061 1046 nisi

461 1084 646 1140 odium
687 1099 956 1156 qtuerere,
988 1091 1249 1140 extrema:
1293 1082 1584 1139 dementiae
1611 1091 1712 1138 est.
1745 1080 1933 1155 Itaque
1962 1082 2061 1139 ob-

461 1160 618 1234 secro
644 1193 761 1245 vos,
794 1178 867 1235 mi
902 1177 1171 1234 Domnion
1201 1184 1257 1234 et
1294 1174 1597 1249 Rogatiane
1623 1174 1950 1243 charissimi,
1999 1181 2062 1231 ut

461 1271 671 1342 privata
714 1270 947 1327 lectione
994 1268 1263 1335 contenti,
1320 1268 1517 1324 librum
1570 1282 1677 1325 non
1712 1267 1954 1325 elferatis
2001 1266 2058 1324 in

461 1365 735 1438 publicum
760 1406 776 1433 ,
808 1379 912 1421 nec
942 1363 1240 1421 tastidiosis
1264 1363 1528 1435 ingeratis
1555 1361 1730 1431 cibos,
1764 1361 2062 1433 vitetisque

462 1474 656 1515 eorum
688 1456 1069 1530 supercilium,
1099 1459 1193 1529 qui
1220 1456 1471 1528 judicare
1497 1462 1707 1512 tantum
1735 1454 1805 1512 de
1833 1454 1978 1521 aliis,
2007 1462 2064 1511 et

464 1549 567 1622 ipsi
612 1547 800 1607 facere
837 1550 973 1606 nihil
1032 1559 1319 1607 noverunt.
1370 1549 1427 1607 Si
1472 1549 1563 1619 qui
1612 1559 1793 1605 autem
1836 1547 2061 1605 fratrum

462 1653 607 1712 sunt,
659 1645 857 1715 quibus
906 1642 1091 1700 nostra
1150 1659 1262 1701 non
1307 1642 1631 1715 displicent,
1680 1641 1769 1698 his
1809 1641 2063 1697 tribuatis

461 1737 741 1810 exemplar
764 1783 780 1810 ,
806 1738 1160 1796 admonentes
1190 1748 1246 1794 ut
1279 1737 1505 1795 Hebraea
1538 1736 1759 1793 nomina
1781 1778 1798 1805 ,
1828 1750 2061 1808 quorum

2158 522 2302 597 quod
2332 522 2611 580 diversum
2664 522 2795 595 est),
2821 523 3025 581 mittite
3059 538 3185 580 eum
3213 523 3280 581 ad
3326 523 3621 598 Evangelia
3652 542 3668 579 :
3700 525 3759 582 in

2159 620 2357 692 quibus
2386 620 2552 677 multa
2582 629 2861 692 ponuntur
2883 622 3038 693 quasi
3067 621 3138 678 de
3167 620 3354 679 Veteri
3378 622 3757 694 Testamento,

2159 728 2281 784 qua:
2296 714 2436 782 apud
2467 712 2820 783 Septuaginta
2845 713 3181 784 lnterpretes
3201 728 3310 769 non
3340 714 3633 785 habentur,
3665 730 3760 771 ve-

2162 802 2240 859 lut
2291 802 2453 875 illud,
2509 804 2770 873 Quoniam
2819 804 3113 862 Nazarretts
3170 806 3433 862 vocabitur
3462 826 3481 863 :
3528 816 3624 876 et,
3679 807 3764 865 Ea;

2161 895 2398 968 Egypto
2441 896 2615 952 vocari
2642 896 2812 968 ﬁlium
2838 914 3011 954 meum
3044 914 3064 955 :
3109 906 3186 964 et,
3225 897 3483 955 Videbunt
3519 900 3575 955 in
3606 917 3761 972 quem

2160 999 2604 1061 comparuerant;
2656 987 2939 1059 multaque
2987 987 3113 1056 alia,
3154 1006 3278 1061 qua:
3320 990 3502 1048 latiori
3551 989 3571 1030 ι
3604 992 3764 1062 operi

2163 1095 2553 1138 reservamus:
2599 1090 2655 1139 et
2707 1082 2941 1153 quaerite
2990 1082 3060 1138 ab
3098 1098 3166 1141 eo
3215 1083 3310 1140 ubi
3372 1085 3575 1157 scripta
3628 1086 3764 1142 sint.

2160 1166 2402 1248 Cumque
2459 1175 2702 1247 proferre
2758 1192 2865 1233 non
2914 1178 3172 1247 potuerit,
3213 1193 3311 1235 vos
3351 1178 3521 1249 legite
3563 1179 3634 1236 de
3678 1179 3769 1239 bis

2166 1270 2570 1341 exemplaribus
2599 1286 2720 1343 qua:
2750 1281 2776 1321 ε
2820 1286 2997 1343 nuper
3023 1287 3054 1328 a
3081 1272 3238 1329 nobis
3262 1272 3408 1331 edita
3426 1315 3444 1342 ,
3472 1275 3770 1333 maledico-

2163 1379 2285 1419 rum
2332 1362 2578 1434 quotidie
2606 1365 2805 1437 linguis
2847 1365 3259 1422 confodiuntnr.
3306 1367 3416 1425 Sed
3438 1378 3500 1425 ut
3524 1369 3594 1425 ad
3616 1384 3771 1426 com-

2165 1457 2423 1530 pendium
2454 1459 2693 1525 vcniam,
2726 1467 2877 1517 certe
2906 1460 3047 1532 quod
3074 1460 3328 1518 illaturus
3353 1477 3495 1525 sum.
3516 1463 3770 1533 aequissi-

2165 1567 2311 1609 mum
2343 1560 2444 1608 est.
2478 1552 2634 1609 Edidi
2659 1553 2864 1626 aliquid
2887 1555 3030 1626 quod
3060 1571 3165 1611 non
3199 1555 3432 1613 habetur
3462 1557 3515 1614 in
3545 1558 3767 1627 (ἵε-ποθ,

2163 1648 2250 1705 vel
2297 1648 2456 1705 aliter
2502 1628 2732 1706 habetur
2754 1665 2919 1721 quam
2948 1665 2978 1705 a
3010 1667 3100 1708 me
3128 1667 3344 1708 versum
3374 1652 3503 1710 est?
3546 1653 3690 1721 Quid
3736 1651 3768 1693 ιι

2166 1741 2521 1811 interpretem
2552 1741 2806 1797 lanianti
2837 1744 3175 1817 interrogent
3204 1743 3467 1801 Hebrzeos
3500 1763 3516 1801 :
3548 1754 3607 1802 et
3632 1745 3771 1815 ipsis

464 1830 686 1902 grandis
736 1830 790 1888 in
822 1826 935 1888 hoc
974 1831 1250 1888 volumine
1277 1832 1569 1904 copiaest,
1596 1828 1855 1887 distincte
1878 1831 1936 1888 et
1968 1844 2065 1900 per
2094 1839 2142 1901 Β
2168 1835 2505 1905 auctoribus,
2535 1836 2882 1893 translationi
2914 1852 3052 1895 mete
3080 1837 3165 1894 vel
3192 1847 3454 1909 arrogcut
3485 1838 3575 1895 vel
3603 1838 3772 1896 dero-

463 1922 744 1979 intervalla
797 1924 1183 1981 transcribunt.
1215 1922 1362 1980 Nihil
1407 1922 1550 1979 enim
1586 1922 1835 1994 proderit
1872 1937 2060 1978 emen-

465 2016 622 2073 dasse
643 2017 867 2086 librum,
892 2016 995 2073 nisi
1023 2016 1337 2074 emendatio
1384 2014 1736 2075 librariOrum
1777 2015 2060 2089 diligentia

463 2112 843 2168 conservetur.
898 2110 1009 2168 Nec
1051 2112 1381 2183 quemquam
1431 2119 1648 2167 moveat
1676 2109 1819 2183 quod
1863 2126 2001 2166 unus
2029 2125 2061 2167 a

466 2202 624 2259 nobis
646 2203 827 2260 alitus
865 2204 1006 2262 liber
1046 2211 1175 2262 est:
1208 2219 1311 2262 nec
1348 2204 1790 2277 apocryphorum
1832 2204 1974 2260 tertii
2005 2213 2063 2262 et

464 2296 643 2367 quarti
672 2294 718 2335 ὀ
746 2297 972 2353 somniis
1003 2295 1305 2354 delectetur
1332 2313 1349 2352 :
1378 2297 1505 2370 quia
1533 2306 1588 2353 et
1622 2296 1765 2369 apud
1800 2296 2063 2354 llebrtcos

467 2388 619 2445 Ezrsc
647 2388 994 2462 Neentizequc
1019 2404 1303 2447 sermones
1342 2389 1396 2447 in
1426 2405 1591 2447 unum
1622 2390 1878 2447 volumen
1908 2405 2061 2447 coar-

464 2490 680 2537 ctantur
711 2499 725 2536 :
752 2491 810 2539 et
832 2498 956 2554 quae
981 2497 1088 2541 non
1116 2482 1387 2547 habentur,
1404 2482 1548 2554 apud
1576 2483 1723 2549 illos,
1755 2497 1858 2539 nec
1886 2480 1957 2539 de
1980 2483 2065 2538 vi-

464 2572 594 2644 ginti
624 2585 855 2646 quatuor
883 2575 1107 2632 senibus
1143 2573 1171 2613 ιι
1218 2584 1365 2644 sunt,
1408 2574 1602 2646 procul
1643 2575 1973 2645 abiicienda.
2004 2574 2061 2633 Si

465 2664 587 2737 quis
613 2678 796 2724 autem
813 2666 1169 2740 Septuaginta
1190 2667 1345 2724 vobis
1370 2666 1683 2739 opposuerit
1705 2667 2056 2740 Interpretes,

465 2774 695 2831 quorum
741 2760 1082 2831 exemplaria
1158 2764 1393 2818 varietas
1448 2761 1588 2833 ipsa,
1646 2759 1884 2818 lacerata
1932 2771 1988 2817 et
2033 2769 2057 2799 ε

542 2957 569 2985 ιι
604 2948 819 3002 Addunt
836 2946 968 3003 editi
982 2946 1110 3003 libri
1134 2962 1253 3002 cum
1270 2946 1470 3017 aliquot
1486 2947 1879 3005 recentioribus
1898 2963 2053 3018 mss.,

468 3029 515 3073 et
550 3019 772 3075 Esther:
802 3019 953 3090 quasi
984 3032 1093 3075 non
1123 3020 1296 3073 solum
1330 3034 1429 3089 pro
1472 3019 1625 3073 Ezra:
1652 3021 1927 3076 volumine
1949 3020 2057 3077 La-

473 3094 583 3145 tine
619 3090 922 3156 reddendo,
960 3091 1055 3146 sed
1086 3093 1247 3145 etiam
1275 3105 1373 3159 pro
1420 3091 1564 3145 libro
1613 3091 1810 3147 Esmer
1856 3095 2058 3150 scribe.

472 3172 812 3235 reut_atque
862 3162 1219 3235 rescriberem
1270 3162 1549 3235 Domnion
1607 3174 1661 3219 et
1707 3164 2055 3235 Itogatianus.

473 3233 626 3302 Quod
645 3233 823 3289 tamen
855 3233 1048 3288 falsum
1078 3247 1198 3289 esse
1220 3234 1670 3303 deprehenditur,
1700 3233 1812 3290 tum
1836 3251 1899 3291 ex
1927 3246 2062 3292 tem-

475 3321 605 3375 pore
634 3322 740 3376 quo
773 3306 911 3361 liber
943 3304 1212 3370 Esther-is,
1237 3308 1395 3376 longe
1429 3320 1548 3375 p051
1582 3306 1800 3370 Ezraiu,
1832 3308 1884 3363 in
1913 3309 2059 3364 Lati-

473 3364 598 3432 num
621 3364 927 3451 sermonem
957 3377 1025 3431 ab
1044 3364 1380 3451 lliero'nyni'u
1408 3364 1700 3451 translatus
1723 3364 1827 3447 est,
1850 3391 1961 3434 tum
1988 3395 2057 3436 ex
2089 3364 2135 3428 C

474 3448 727 3519 persoois
770 3450 837 3503 ad
864 3463 996 3517 quas
1040 3448 1185 3505 infra
1229 3448 1472 3516 p'ru'l'atio
1505 3450 1557 3504 in
1609 3450 1807 3506 librum
1865 3450 2064 3508 Esther

480 3521 799 3589 perhibetur
827 3522 1030 3590 scripta
1060 3540 1074 3579 :
1124 3520 1309 3576 Paula.
1337 3534 1571 3591 namque
1613 3522 1821 3591 iuniori
1863 3538 1926 3579 ac
1953 3525 2064 3578 Eu-

471 3591 684 3648 stochio
716 3592 908 3663 Virgini
940 3592 1250 3648 dedicatum
1296 3605 1423 3648 esse
1450 3600 1701 3662 conSIat,
1757 3610 1865 3651 non
1897 3595 2065 3652 Dom-

473 3664 621 3720 uioni
641 3674 696 3721 et
721 3665 1042 3733 negatiauo.
1073 3665 1250 3733 MART.

540 3766 612 3808 -+
657 3732 926 3792 Domuion
974 3744 1027 3790 et
1070 3732 1423 3808 Rogatianus,
1462 3735 1675 3808 quibus
1722 3735 2060 3794 inscribitur.

472 3805 641 3880 Paulo
667 3816 812 3875 ante,
848 3808 1021 3880 verba
1041 3818 1191 3875 atque
1214 3805 1749 3880 rescribitis‘itegime
1781 3823 1882 3864 ms.
1916 3824 2063 3880 pra:-

472 3879 743 3952 termittit,
772 3878 960 3952 quiet;
979 3876 1195 3952 Esdrant
1217 3892 1329 3952 pro
1353 3877 1542 3952 Ezram
1571 3876 1887 3952 constanter
1910 3876 2061 3952 legit.

540 3948 569 3989 ³³
592 3948 831 4024 Crispus
850 3950 1144 4024 Sallustius
1174 3948 1278 4024 hic_
1292 3960 1413 4024 est;
1433 3951 1527 4019 qui
1553 3965 1677 4007 eam
1707 3950 1912 4024 promit
1938 3948 2067 4009 scn-

470 4022 697 4076 tcntiam
732 4023 787 4078 in
808 4021 1074 4092 Jugurtha
1098 4037 1224 4089 cap.
1247 4021 1282 4075 '5
1314 4037 1329 4075 :
1365 4019 1590 4076 Frustra
1624 4019 1796 4079 autem
1825 4024 1939 4090 niti,
1972 4041 2065 4080 ne-

468 4109 566 4161 que
594 4095 744 4176 aliud
757 4095 1059 4176 fatigando,
1091 4093 1193 4149 nisi
1222 4093 1403 4147 odium
1423 4109 1670 4164 quaerere,
1694 4107 1938 4151 extremae
1962 4098 2060 4151 de-

467 4175 670 4220 mentite
689 4175 783 4221 est.

466 4236 762 4362 l‘bﬂAddit
806 4238 1026 4311 Regium
1068 4252 1174 4295 ms.
1222 4250 1347 4295 cum
1403 4237 1799 4295 vetustioribus
1853 4238 2018 4296 editis
2045 4283 2059 4311 ,

489 4326 503 4359 1
542 4326 605 4362 η.

489 4326 605 4362 ιυνι.

539 4378 567 4420 (ι
588 4381 782 4439 Libros
797 4381 1020 4440 Canone
1048 4383 1334 4440 Hebraicas
1358 4383 1606 4439 veritatis
1632 4382 2063 4453 comprehensos

468 4453 755 4528 intelligit,
796 4456 875 4528 uti
908 4455 1073 4512 iidem
1125 4456 1256 4511 facit
1282 4455 1607 4526 principium
1651 4456 2061 4528 Scripturarum

467 4525 752 4654 galerum
800 4527 958 4586 libr's
1002 4525 1294 4586 Samuelis
1321 4542 1385 4582 ac
1419 4528 1708 4584 Malachim
1755 4525 2057 4598 praeﬁxum.

524 4614 591 4654 an
636 4641 648 4654 .
1268 4632 1275 4637 ι
1570 4632 1575 4639 -
1968 4628 1971 4635 ·

524 4612 648 4654 Ακτ.
1268 4632 1275 4637 ι
1570 4632 1575 4639 ι
1968 4628 1971 4635 ·

538 4699 609 4711 -
640 4669 842 4729 Mavult
870 4671 1143 4730 Victorius
1181 4670 1404 4727 verbum
1445 4671 1703 4726 habentur
1757 4670 1846 4727 hic
1889 4670 2060 4741 repeti

469 4742 755 4827 hocqmndo
780 4759 933 4827 aqua
954 4761 1056 4827 non
1083 4744 1330 4800 habentur
1351 4743 1495 4827 apud
1514 4744 1663 4827 illos,
1681 4760 1774 4827 nec
1798 4743 2061 4827 de‘oigjttti
2086 4763 2142 4827 ι)
2164 4746 2313 4827 getio_
2323 4761 2350 4827 _:
2377 4742 2461 4802 Ex
2485 4745 2721 4820 ngypte
2742 4742 2917 4801 uocaui

464 4825 689 4888 quatuor
711 4816 918 4871 senibus
947 4815 1223 4880 habentur,
1252 4826 1371 4888 sunt
1401 4816 1582 4888 procul
1610 4814 2053 4888 abiicienda.’Ms.

466 4885 685 4957 Regina!
718 4887 1196 4944 seniortbmz'Vide
1220 4885 1509 4959 prologum
1530 4886 1845 4959 Gaicatum,
1873 4887 1962 4943 ubi
1978 4902 2055 4944 ex

464 4959 693 5032 aliorum
722 4962 1015 5032 sententia,
1038 4976 1146 5016 non
1177 4974 1295 5028 sua,
1327 4974 1452 5014 xxtv
1480 4958 1703 5015 senibus
1734 4959 1959 5032 Apoeal.
1992 4959 2057 5017 li-

465 5029 1010 5107 broru_m__Scriptur:e
1039 5032 1660 5107 numerumc‘otnparat.

540 5111 564 5139 °
592 5102 775 5159 Malim
805 5104 1055 5177 equidem
1088 5102 1291 5159 inversa
1336 5102 1436 5173 legi
1462 5102 1776 5177 [siquidem
1801 5118 2051 5174 comper-

467 5183 580 5230 tum
606 5176 1084 5245 est,exemplaria
1111 5176 1321 5239 Graeca,
1352 5186 1404 5229 et
1446 5192 1567 5245 qua:
1590 5191 1657 5232 ex
1690 5176 1758 5229 iis
1779 5186 1906 5231 sunt
1934 5191 2052 5233 om-

463 5245 609 5318 nium
631 5244 1006 5318 antiquissima
1031 5264 1093 5303 ac
1113 5244 1579 5318 pratstantiSSima,
1606 5246 2049 5318 Alexandrinum.

464 5316 608 5386 quod
635 5314 890 5383 dicimus,
910 5330 966 5374 ct
997 5314 1325 5382 Romanum,
1359 5314 1640 5376 nedunrin
1657 5317 2051 5377 Canonicorum

462 5389 725 5462 librorum
754 5390 953 5447 seriem
979 5392 1194 5448 tertium
1216 5406 1432 5462 quoque
1463 5391 1652 5448 Esdm
1671 5392 1939 5462 recipere,
1957 5393 2053 5450 sed

461 5471 516 5537 et
543 5461 767 5537 caeteris
788 5477 1127 5537 prmpOuere,
1155 5461 1373 5519 inverso
1399 5462 1612 5537 ordine,
1642 5472 1698 5519 ut
1718 5461 1808 5537 qui
1837 5465 1903 5537 ab
1938 5464 2039 5521 Ec-

459 5535 625 5590 clesia
657 5531 841 5590 Latina
889 5531 1027 5590 inter
1054 5538 1396 5605 apocryphos
1423 5531 1696 5605 rejicit'ur,
1732 5531 1804 5591 ita
1834 5535 2038 5594 Graecis

458 5606 738 5675 probetur,
770 5607 906 5662 utin
939 5620 1124 5663 eorum
1157 5607 1437 5663 codicibus
1463 5609 1699 5678 priorem
1744 5607 1920 5663 locum
1942 5608 2040 5664 ob-

458 5679 650 5735 tiueat.
677 5678 789 5737 Hoc
824 5692 954 5735 vero
973 5688 1059 5735 est
1076 5680 1220 5749 quod
1242 5678 1478 5742 maxime
1499 5687 1751 5735 causatur
1779 5680 1835 5735 S.
1856 5680 2039 5748 Pater,

457 5750 547 5820 qui
602 5752 865 5820 genuinos
914 5751 1099 5806 Esdra:
1144 5749 1312 5805 libros
1361 5750 1427 5805 ad
1461 5750 1744 5806 llebrmum
1776 5766 2039 5807 canouem

456 5822 704 5894 exigens.
726 5823 955 5892 primus,
979 5832 1037 5877 ut
1058 5821 1298 5885 videtur,
1320 5823 1562 5877 omnium
1578 5823 1749 5894 etiam
1776 5823 1917 5894 apud
1940 5823 2044 5879 La-

456 5892 618 5958 tinos,
651 5895 866 5950 tertium
899 5896 1097 5952 librum
1125 5894 1216 5966 qui
1266 5896 1450 5972 Ἱερεύς
1490 5894 1537 5951 α’
1562 5892 1752 5951 Graece
1783 5892 2039 5952 inscribi-

2166 1937 2294 1999 gent
2340 1928 2524 1986 fidem.
2553 1929 2723 1986 Porro
2747 1930 2897 1986 aliud
2923 1938 3026 1999 est,
3065 1931 3082 1969 ί
3125 1932 3172 1989 si
3202 1931 3428 2002 clausis,
3453 1932 3601 2002 quod
3626 1931 3771 1988 dici-

2164 2029 2274 2088 tur,
2305 2020 2479 2079 oculis
2508 2020 2640 2077 mibi
2672 2022 2857 2078 volunt
2884 2022 3234 2090 maledicere,
3261 2031 3319 2079 et
3343 2041 3450 2078 non
3483 2025 3769 2079 imitantur

2164 2110 2480 2171 Graecorum
2501 2114 2738 2170 studium
2771 2129 2835 2171 ac
2865 2115 3332 2183 benevolentiam,
3359 2116 3449 2186 qui
3480 2124 3609 2185 post
3628 2116 3763 2186 Sep-

2167 2206 2408 2278 tuaginta
2437 2207 2837 2277 Translatorcs,
2867 2208 2978 2279 jam
3007 2206 3208 2263 Christi
3243 2208 3540 2279 Evangelio
3569 2224 3770 2265 corus—

2165 2310 2346 2363 Caute,
2369 2299 2587 2356 Judzeos
2610 2308 2666 2356 et
2688 2300 2974 2355 Ebiouitas
3008 2299 3164 2371 Legis
3187 2301 3387 2356 veteris
3409 2300 3769 2371 interpretes.

2167 2392 2419 2463 Aquilam
2461 2392 2742 2461 videlicet,
2782 2401 2838 2449 et
2882 2390 3291 2466 Symmachum,
3347 2400 3404 2448 et
3436 2393 3771 2449 Thcodotio-

2167 2503 2291 2543 nem
2319 2529 2335 2555 ,
2380 2494 2436 2544 et
2463 2488 2681 2545 curiose
2709 2489 2916 2559 legunt,
2947 2496 3005 2544 et
3035 2504 3130 2556 per
3150 2488 3406 2558 Origeuis
3436 2488 3681 2543 laborem
3711 2490 3768 2544 in

2164 2582 2455 2649 Ἐξαπλοῖς,
2485 2580 2752 2638 Ecclesiis
2774 2581 3119 2638 dedicarunt.
3151 2580 3364 2650 Quanto
3394 2582 3567 2651 magis
3587 2579 3769 2637 Latini

2164 2676 2307 2747 grati
2353 2692 2476 2733 esse
2523 2660 2808 2745 deberent,
2849 2674 2996 2749 quod
3044 2676 3413 2731 exsultantem
3474 2679 3772 2731 cernereht

2168 2767 2438 2826 Grzeciam
2470 2769 2485 2821 ἱ
2523 2784 2557 2826 a
2586 2784 2646 2827 se
2674 2767 2880 2842 aliquid
2909 2768 3179 2825 mutuari?
3207 2767 3448 2824 Primum
3473 2768 3622 2824 enim
3651 2782 3770 2823 tua-

2163 2963 2284 3020 tur,
2314 2962 2502 3024 utpote
2531 2954 2774 3012 llcbrteis
2816 2954 3179 3024 repudiatum,
3205 2967 3310 3009 nec
3347 2967 3539 3010 eorum
3578 2950 3769 3021 lingua

2166 3028 2563 3097 conscriptum,
2620 3026 2716 3082 sed
2763 3026 2976 3093 Graeca,
3027 3027 3213 3082 docuit
3259 3040 3383 3081 cum
3432 3024 3769 3095 apocrypbis

2163 3112 2284 3154 esse
2334 3096 2723 3169 obiiciendum.
2782 3096 2925 3154 Nihil
2967 3098 3079 3168 jam
3137 3097 3370 3152 dicimus
3414 3097 3490 3169 de
3529 3104 3765 3169 quarto,

2164 3184 2323 3237 quem
2352 3167 2745 3226 acrioriadhuc
2765 3167 2995 3225 censura
3030 3172 3088 3226 S.
3113 3169 3276 3223 Pater
3298 3167 3611 3237 perstringit
3640 3181 3765 3222 cum

2165 3240 2275 3309 hic,
2299 3254 2463 3308 atque
2489 3243 2639 3313 alibi,
2674 3252 2785 3297 tum
2815 3242 3095 3311 praecipue
3123 3241 3260 3295 libro
3291 3250 3479 3295 contra
3517 3240 3766 3313 Vigilan-

2169 3313 2327 3367 tium.
2371 3310 2655 3369 Falluntui‘
2705 3310 2848 3368 enim
2891 3314 2982 3380 qui
3016 3328 3137 3367 eum
3190 3318 3379 3380 putant
3424 3310 3768 3365 auctoritatis

2164 3384 2367 3457 aliquid
2396 3386 2447 3441 ei
2472 3386 2611 3441 libro
2643 3385 2918 3457 tribuisse,
2942 3398 3064 3439 eum
3092 3386 3340 3457 scribens
3364 3392 3552 3438 contra
3576 3382 3768 3457 l_lclvi-

2167 3452 2313 3512 dium
2341 3476 2354 3513 :
2383 3457 2524 3525 Sive,
2558 3456 2755 3526 inquit,
2791 3455 2989 3511 Mosam
3016 3455 3243 3511 volueris
3273 3464 3537 3510 auctorem
3571 3452 3767 3509 Penta-

2168 3529 2492 3602 teucbi,__sive
2536 3528 2759 3602 Estlram
2806 3529 3488 3602 ejusdem‘instauratorern,
3529 3542 3635 3580 non
3669 3541 3763 3602 re-

2167 3615 2311 3654 cuso.
2360 3599 2491 3656 Nam
2536 3601 2639 3658 etsi
2673 3600 2764 3655 illa
2812 3597 2879 3654 de
2923 3600 3094 3655 sacris
3133 3599 3417 3654 codicibus
3445 3597 3766 3653 instauratis

2167 3672 2392 3734 mentio,
2426 3672 2493 3726 ab
2526 3672 2627 3728 hoc
2659 3671 2846 3727 Esdrae
2877 3670 3017 3725 libro
3049 3673 3218 3742 repeti
3246 3670 3494 3726 rideatur
3523 3688 3536 3725 :
3570 3670 3757 3738 vulga—
3817 3679 3821 3683 '

2167 3744 2242 3797 ris
2265 3754 2441 3799 tamen
2462 3744 2598 3799 adeo
2622 3754 2737 3799 erat
2760 3759 2821 3799 ac
2839 3741 3371 3803 ,tralatitia'omuium
3398 3750 3655 3796 sermone
3678 3741 3764 3794 ta-

2167 3812 2288 3868 bula
2311 3857 2325 3879 ,
2360 3824 2420 3870 ut
2446 3816 2580 3871 nihil
2613 3818 2682 3871 ah
2707 3830 2773 3871 eo
2802 3814 2976 3883 repeti
3007 3824 3230 3869 auctore
3258 3827 3395 3880 opus
3422 3822 3592 3868 esset.
3622 3813 3762 3867 Cum

2166 3900 2296 3960 vero
2342 3887 2775 3960 ilierouymiana;
2800 3884 3085 3942 sententias
3125 3886 3456 3960 accesserint
3480 3886 3765 3960 universa:

2171 3956 2428 4014 Ecclesia:
2471 3955 2711 4023 decreta,
2741 3958 2962 4028 duoque
2991 3965 3196 4012 tantum
3241 3957 3451 4026 priores
3480 3956 3667 4010 Esdrtu
3690 3955 3764 4009 li-

2165 4027 2247 4083 bri
2280 4032 2333 4084 in
2361 4045 2625 4086 cauonem
2650 4030 2854 4099 recepti
2876 4027 3023 4099 sint.
3042 4028 3303 4097 proici-ta:
3323 4028 3389 4082 ad
3425 4042 3589 4083 omne
3608 4042 3765 4081 mesa-

2166 4099 2382 4156 daeittm
2421 4103 2661 4158 audacia:
2692 4098 2795 4167 est,
2826 4100 2970 4171 quod
3000 4098 3246 4155 Clericus
3282 4099 3348 4154 ad
3376 4099 3525 4154 hunc
3572 4100 3762 4153 Hiero-

2167 4175 2311 4243 nymi
2365 4175 2580 4237 locum,
2640 4174 3011 4228 Erasmiauam
3066 4172 3396 4227 calumniam
3450 4173 3764 4243 instaurans

2164 4241 2352 4299 contra
2399 4244 2727 4311 Catholicns,
2786 4244 3035 4307 blaterat,
3089 4244 3225 4297 citra
3271 4243 3548 4297 discrimen
3592 4241 3765 4295 ullum

2166 4316 2371 4370 tertium
2400 4327 2446 4369 et
2474 4326 2711 4383 quartum
2742 4314 2923 4370 Esdrte
2947 4315 3135 4369 librum
3159 4317 3369 4385 aAnobt's
3399 4328 3538 4368 nunc
3563 4314 3687 4385 legi.

2241 4385 2262 4425 ί
2296 4388 2447 4456 Opus
2463 4388 2605 4469 illud
2639 4388 2798 4442 latius
2822 4386 3069 4469 liber-cst
3082 4386 3167 4469 ρο
3191 4383 3412 4469 thitun
3436 4383 3641 4469 genere
3671 4385 3758 4469 i3-

2167 4458 2522 4529 tcrpretandi,
2553 4460 2623 4514 de
2665 4474 2774 4530 qtto
2793 4458 3047 4530 superius
3082 4458 3406 4514 Praefatione
3440 4456 3500 4530 in
3547 4456 3760 4530 Parali-

2167 4528 2397 4601 pomena
2445 4528 2753 4587 sermonem
2795 4528 3020 4594 habuit,
3066 4529 3155 4583 ubi
3200 4530 3422 4584 easdem
3461 4528 3760 4596 Scriptura;

2165 4600 2468 4658 sententias
2490 4604 2737 4673 replicat.
2763 4602 2989 4658 dicens:
3034 4600 3244 4673 Scripsi
3273 4614 3435 4673 nuper
3464 4600 3656 4673 libran
3693 4601 3761 4655 de

2170 4673 2380 4740 Optimo
2390 4670 2592 4746 genere
2620 4674 3033 4746 interpretandi,
3064 4670 3462 4727 ostendetrs'illa
3484 4672 3554 4746 tie
3578 4670 3757 4725 Em-

2946 4744 3114 4814 ﬁtium
3138 4760 3327 4807 meum,
3356 4752 3462 4799 etc.
3496 4743 3679 4814 Mser.

2196 4846 2269 4858 —-
2299 4816 2424 4873 Htcc
2440 4828 2521 4874 est
2550 4813 2708 4888 quam
2737 4813 2976 4872 exaravit
3002 4814 3141 4871 haud
3165 4814 3347 4888 multo,
3362 4824 3484 4888 post
3505 4814 3573 4869 ad
3596 4813 3754 4888 Pam-

2158 4889 2432 4945 machium
2450 4884 2687 4959 epistota
2702 4890 2762 4944 in
2780 4897 2968 4944 nostra
2993 4888 3314 4944 recensione
3332 4885 3517 4959 bide
3530 4884 3753 4954 Optimo

2158 4975 2361 5032 genere
2388 4956 2815 5032 interpretandi.
2841 4959 2979 5032 Vide
3008 4974 3127 5029 quae
3147 4959 3215 5013 de
3242 4973 3305 5014 ea
3326 4956 3565 5013 diximus
3588 4959 3751 5028 paulo

2156 5029 2415 5106 superius
2436 5032 2503 5088 ad
2532 5029 2695 5106 Prml‘.
2721 5032 2779 5088 in
2802 5029 3239 5106 Paralipomena.

2228 5100 2254 5153 ῐς
2283 5105 2359 5160 De
2389 5103 2805 5175 Prophetarum,
2835 5100 3048 5175 o'piuor,
3081 5100 3334 5156 versione
3361 5100 3603 5175 loquitur
3625 5115 3656 5156 a
3686 5115 3746 5158 se

2150 5190 2335 5247 nuper
2353 5172 2634 5232 adornata.
2666 5174 2803 5233 Vide
2836 5172 3211 5246 praefationem
3241 5187 3401 5244 quam
3443 5173 3571 5229 huic
3600 5181 3745 5229 tomo

2195 5249 2507 5304 ra-tiximus.

2157 5265 2607 5392 militantium
2624 5332 2790 5375 sensu
2818 5316 2872 5373 in
2898 5316 3118 5390 Regium
3138 5330 3270 5385 ms.,
3294 5314 3401 5382 Qui
3417 5313 3748 5385 interpretem

2157 5392 2361 5465 laniant
2383 5392 2720 5465 interrogent,
2748 5400 2857 5465 etc.

2224 5463 2350 5519 iDe
2402 5463 2508 5519 hoc
2560 5454 2849 5534 proverbio
2907 5461 3031 5518 ride
3087 5457 3362 5534 Chiliadas
3420 5454 3635 5534 ξηεῐηί
3688 5456 3746 5513 in

2150 5552 2283 5592 voce
2315 5531 2614 5591 suanm.
2650 5535 2765 5591 Huc
2808 5534 2952 5591 enim
2989 5531 3241 5588 amaudat
3276 5532 3395 5602 ipse
3435 5531 3747 5587 Lectorem.

2147 5610 2328 5667 Mser.
2478 5613 2485 5619 '
2948 5621 2953 5625 ‘

2226 5684 2239 5732 t
2280 5680 2378 5734 Hic
2411 5689 2591 5735 autem
2635 5689 2762 5749 puto
2792 5679 2939 5735 inuui
2972 5676 3294 5734 Psalterium
3333 5684 3389 5749 et
3416 5672 3753 5749 Prophetas.

2147 5769 2266 5818 qua:
2285 5768 2349 5805 ex
2371 5751 2598 5805 Hebrum
2621 5745 2787 5806 fuerat
2812 5751 3225 5821 interpretatus,
3250 5756 3305 5803 et
3325 5745 3670 5821 Sopltronitts
3693 5746 3750 5801 in

2147 5823 2394 5879 Cnet-tun
2424 5838 2488 5875 ex
2534 5822 2722 5878 L'ttittu
2761 5818 2984 5880 refudit.
3020 5820 3152 5877 Vide
3194 5834 3315 5892 cap.
3355 5819 3455 5875 154
3503 5818 3628 5873 libri
3681 5822 3750 5874 de
3788 5880 3794 5887 ,

2155 5894 2290 5952 Viris
2322 5893 2649 5961 lllustribus.
