4112 6354
316 301 454 361 1405

1716 305 1919 363 LIBER
1962 305 2189 364 EZRZE.

3472 320 3609 379 “06

313 439 544 494 gnorum
569 429 880 495 sumptuum
895 432 1051 482 estet
1079 424 1302 481 inﬁnita)
1330 423 1684 493 difﬁcultatis,
1711 441 1897 480 exein—
1927 428 1974 487 Α
2005 437 2057 481 ct
2097 427 2163 483 dc
2192 426 2312 484 aliis
2343 428 2511 499 magis
2541 442 2828 499 possumus
2869 428 3114 500 judicare
3137 478 3150 499 ,
3197 440 3251 489 et
3276 447 3336 490 ea
3362 450 3480 505 qua:
3504 437 3605 505 ipsi

314 518 484 586 plaria
509 532 670 589 posse
693 519 893 574 habere
925 524 1103 574 omnia
1134 536 1147 574 :
1179 519 1377 574 deinde
1400 518 1565 575 etiam
1589 520 1677 589 qui
1706 519 1910 573 habue-

314 610 445 677 rint,
470 619 524 666 et
551 611 765 667 llebrmi
796 612 1062 667 sermonis
1086 611 1422 682 ignarisunt,
1440 611 1613 682 magis
1626 612 1905 678 errabunt,

316 702 636 771 ignorantes
657 703 775 775 quis
802 719 832 759 e
860 703 1045 759 multis
1062 706 1242 760 verius
1272 704 1491 760 dixerit.
1522 704 1672 772 Quod
1697 704 1856 757 etiam
1883 713 1910 741 ει

314 795 716 865 sapientissimo
735 796 951 851 cuidam
987 812 1161 867 nuper
1188 796 1329 865 apud
1360 796 1581 852 Grmcos
1605 795 1821 861 accidit,
1854 803 1915 849 ut

325 886 601 951 interdum
636 888 936 958 Scripturm
960 904 1180 944 sensum
1212 887 1238 928 δ
1269 889 1581 958 relinquens
1610 929 1623 952 ,
1654 890 1914 943 uniuscu-

310 978 509 1049 jusque
556 980 871 1050 interpretis
919 990 1241 1051 sequeretur
1272 996 1540 1038 errorem.
1583 980 1696 1039 Nos
1730 993 1915 1039 autem

316 1072 408 1141 qui
434 1070 681 1128 llebrwm
730 1072 929 1141 lingua:
959 1075 1153 1129 saltem
1188 1089 1409 1144 parvam
1442 1074 1703 1130 habemus
1734 1079 1914 1131 scien-

318 1165 468 1230 tiam,
498 1174 552 1219 et
581 1164 802 1221 Latinus
832 1167 989 1223 nobis
1031 1177 1321 1239 utcumque
1352 1182 1532 1223 sermo
1562 1184 1671 1224 non
1714 1168 1865 1225 deest
1890 1186 1905 1225 :

392 1312 418 1340 ι
440 1303 540 1358 llic
570 1303 897 1376 Apollinaris
920 1305 1254 1361 Laodiecnus
1276 1315 1379 1375 est,
1400 1323 1558 1376 quem
1590 1307 1656 1360 de
1689 1306 1907 1362 nomine

320 1376 577 1449 appellat,
611 1375 749 1449 libro
802 1378 1042 1449 secundo
1086 1380 1361 1449 Apologia:
1416 1375 1601 1433 contra
1663 1378 1918 1433 Rufinum

320 1462 471 1523 num.
671 1447 1049 1523 Prester-mitto.
1102 1447 1368 1520 inquiens,
1402 1451 1807 1523 Apollinarium,
1833 1452 1920 1523 qui

321 1518 451 1572 bono
476 1518 683 1589 quidem
710 1522 902 1585 studio,
936 1522 1027 1573 sed
1066 1518 1485 1575 non'serundum
1523 1523 1789 1575 scientiam
1812 1565 1825 1587 ,
1846 1518 1920 1576 Vde

324 1590 553 1643 omnium
577 1592 1002 1646 translationibus
1034 1594 1083 1645 in
1115 1611 1269 1646 unum
1320 1596 1673 1647 vestimentum
1717 1609 1918 1663 pannos

321 1673 781 1737 assuereconntus
821 1674 927 1727 est,
968 1673 1013 1737 et
1042 1667 1455 1733 consequentium
1492 1665 1779 1737 Scriptura:
1820 1682 1920 1721 non

319 1747 383 1785 ex
405 1732 583 1802 regula
600 1736 853 1795 veritatis,
886 1736 974 1788 sed
1004 1752 1067 1789 ea:
1107 1753 1201 1789 suo
1222 1736 1426 1802 judicio
1454 1732 1703 1799 retexere.
1735 1748 1841 1791 etc.

396 1802 422 1841 ι’
452 1805 641 1880 Plures
663 1820 797 1880 ‘tnss.
834 1809 987 1880 unius
1017 1802 1291 1880 cujuslibet
1322 1807 1643 1880 Interpretis.
1673 1808 1846 1863 MART.

399 1886 426 1950 εξ
450 1876 792 1950 Excntplaria
822 1876 1085 1933 Canouis'
1107 1881 1292 1950 legunt
1323 1880 1431 1941 hic,
1458 1876 1661 1933 excetra
1689 1923 1703 1947 ,
1735 1881 1919 1948 sicque

2013 521 2396 591 intelligimus,
2441 523 2495 577 in
2524 532 2706 579 nostra
2750 523 2927 593 lingua
2963 539 3234 593 promere.
3269 524 3453 597 Itaque
3479 528 3607 584 licet

2013 622 2067 667 et
2108 621 2326 669 excetra
2357 624 2378 653 ο
2403 615 2603 682 sibilet,
2648 617 2904 685 victorque
2934 616 3104 674 Sinon
3124 614 3150 655 ά
3170 618 3412 673 incendia
3440 620 3607 690 jactet

2016 703 2259 776 (.Eneid.
2294 706 2384 760 lib.
2429 706 2489 777 ιι)
2522 723 2535 761 :
2566 722 2855 775 numquam
2884 723 3088 775 meum,
3114 709 3336 778 iuvante
3365 710 3606 779 Christo,

2015 797 2198 852 silebit
2238 797 2511 869 eloquium
2548 817 2560 853 :
2604 800 2765 854 etiam
2814 801 3039 869 prmcisa
3092 801 3271 872 lingua
3318 802 3607 860 balbutict.

2026 893 2229 963 Legant
2273 896 2363 965 qui
2394 896 2582 953 volunt
2612 915 2624 952 :
2655 898 2747 969 qui
2775 898 2967 957 nolunt
2993 899 3269 970 abjiciaut.
3303 901 3620 959 Eveutilcnt

2017 987 2219 1056 apices,
2268 987 2479 1044 litteras
2519 990 2968 1049 ealumnientur:
3008 992 3179 1061 magis
3208 1003 3391 1049 chtra
3437 995 3617 1053 chari-

2020 1087 2127 1133 tate
2158 1081 2495 1150 provocabor
2524 1082 2590 1137 ad
2636 1082 2905 1151 studium,
2941 1098 3102 1154 quam
3136 1084 3353 1141 illorum
3390 1088 3609 1146 detrac-

2025 1173 2171 1228 tione
2199 1183 2252 1229 et
2279 1173 2405 1229 odio
2430 1175 2770 1234 deterrebor.

2018 1307 2341 1378 Vaticanus,
2421 1320 2475 1367 et
2518 1313 2656 1369 alter
2706 1314 2909 1371 Domus
2964 1318 3407 1375 Cartusianorum
3461 1335 3620 1375 secus

2030 1381 2364 1461 At'ettioiiem
2418 1384 2486 1437 ita
2558 1387 2824 1461 retinent,
2868 1398 2915 1443 et
2958 1388 3127 1461 hydra
3171 1391 3359 1445 sibilet.
3411 1392 3621 1447 Eodem

2028 1467 2191 1529 sensu
2218 1452 2573 1529 Bibliasaera
2603 1474 2733 1513 mss.
2768 1452 3429 1529 (Iollcgii'Avenionensis
3458 1479 3489 1516 e
3520 1463 3622 1518 So-

2024 1524 2222 1605 cietate
2246 1526 2602 1605 JeSttlegttttl,
2632 1532 2752 1605 licet
2775 1524 2981 1602 serpens
3000 1534 3189 1588 sibilet.
3223 1536 3278 1587 In
3313 1551 3420 1587 uno
3447 1550 3477 1588 e
3506 1551 3623 1587 nia-

2030 1598 2763 1676 tittscriptis_Silvietnajuris
2788 1598 3070 1676 ridiculam
3102 1606 3285 1675 posuit
3309 1622 3457 1661 esset
3474 1605 3619 1671 iptor

2029 1665 2339 1791 InlltljllSIIIOdl
2408 1665 2697 1728 lectionem
2740 1692 2753 1729 :
2796 1674 2915 1731 licet
2980 1665 3129 1732 exiri;
3189 1678 3372 1732 ciltara
3429 1665 3621 1732 sibilet.

2082 1755 2207 1791 aur.

2082 1755 2207 1793 ART.

2098 1808 2708 1891 ‘1lletnistichiumistud
2727 1828 2807 1870 est
2828 1817 3210 1889 Virgiliauum,
3237 1835 3342 1891 quo
3362 1818 3615 1891 Ruﬁnum

2029 1896 2254 1963 carpere
2292 1884 2947 1963 _v_idelur_lliermiytnus:
2967 1891 3042 1944 De
3090 1884 3296 1947 Sinone
3341 1889 3627 1963 proditore

322 1946 581 2016 scriptum
608 1946 1184 2022 habentquamplurcs
1210 1967 1343 2006 mss.
1375 1951 1464 2005 alii
1493 1946 1733 2006 codices.
1772 1946 1919 2005 Ullus
1951 1946 1993 2006 Β
2026 1946 2221 2022 insigni
2255 1954 2379 2010 vide
2411 1972 2469 2011 ut
2526 1956 2621 2013 ιιι).
2675 1946 2896 2016 IEdeid.
2930 1963 3116 2017 Μλιιτ.

1080 2090 3251 2114 *ι--Ψ--ῄ-ῃ,

3277 2101 3618 2115 α--α-ι-

1755 2211 2200 2297 INCIPIT

1287 2389 1886 2534 LIBER
2007 2391 2635 2551 EZR/E.

404 2728 555 2801 [ϐαρ.
590 2729 653 2803 1.]
684 2729 741 2786 In
773 2746 917 2786 anno
948 2729 1122 2801 primo
1158 2729 1281 2803 Cyri
1314 2730 1495 2803 regis}
1530 2730 1839 2796 Persarum,
1868 2738 1929 2785 ut

334 2802 698 2871 compleretur
733 2806 957 2859 verbum
993 2802 1213 2857 Domini
1230 2818 1294 2856 ex
1329 2818 1423 2856 ore
1450 2802 1722 2871 Jeremite,
1756 2804 1927 2856 susci-

336 2874 469 2927 lavit.
506 2873 775 2946 Dominus
822 2875 1071 2945 spiritum
1125 2873 1252 2946 Cyri
1299 2874 1442 2944 regis
1491 2875 1823 2930 Persarum:
1874 2882 1929 2928 et

336 2944 639 3000 transiliuit
682 2962 873 3001 vocem
917 2948 966 3001 in
999 2944 1255 3002 universo
1287 2962 1455 3018 regno
1485 2960 1606 3013 suo,
1640 2947 1801 3003 etiam
1833 2961 1929 3016 per

333 3018 682 3083 scripturam,
714 3018 899 3074 dicens
927 3038 940 3074 :

409 3088 532 3161 Hau:
555 3089 683 3142 dicit
704 3090 876 3161 Cyrus
903 3107 994 3146 rex
1016 3090 1303 3144 Persarum
1328 3108 1339 3143 :
1366 3090 1555 3145 Omnia
1580 3105 1743 3157 regna
1770 3099 1928 3144 terra:

335 3159 483 3213 dedit
512 3161 643 3214 mihi
674 3159 932 3216 Dominus
959 3165 1101 3215 lleus
1122 3163 1270 3228 caeli,
1291 3174 1341 3218 et
1376 3162 1492 3230 ipse
1513 3163 1763 3231 pra‘eepit
1798 3162 1927 3215 mihi

337 3244 394 3285 ut
426 3231 760 3303 mililicarem
793 3235 842 3289 ei
881 3234 1100 3289 domum
1149 3238 1200 3287 in
1242 3236 1727 3303 Jerusalem,~qu.c
1767 3242 1851 3287 est
1877 3234 1928 3286 in

335 3302 540 3359 Judtea.
570 3303 708 3372 Quis
736 3317 821 3360 est
852 3306 903 3360 in
949 3305 1105 3359 vobis
1132 3306 1199 3359 de
1238 3307 1494 3361 universo
1547 3306 1743 3375 popqu
1772 3305 1931 3374 ejus?

336 3375 419 3430 Sit
450 3364 779 3448 Deusillius
808 3394 930 3431 eum
978 3379 1115 3448 ipso.
1152 3378 1419 3432 Asecndat
1457 3364 1777 3441 Jerusalem,
1800 3364 1931 3444 qua:
1959 3364 2005 3429 C

337 3456 420 3501 est
446 3447 497 3500 in
536 3448 744 3517 Jttdma,
779 3462 829 3504 et
861 3447 1089 3503 {cdiﬁt'et
1117 3450 1335 3504 domum
1370 3449 1582 3502 Domini
1615 3448 1707 3502 Dei
1740 3448 1921 3511 Israel,

339 3518 454 3584 ipse
476 3530 558 3572 est
593 3522 732 3574 lleus
756 3521 845 3584 qui
875 3528 960 3576 est
988 3522 1040 3573 in
1071 3521 1392 3575 Jerusalem.
1427 3522 1489 3575 Et
1518 3536 1705 3574 omnes
1739 3520 1926 3586 reliqui

340 3589 394 3643 in
436 3590 646 3663 cunctis
690 3592 824 3647 locis
869 3592 1195 3663 ubicumque
1228 3593 1492 3657 habitant,
1524 3592 1777 3660 adiuvent
1805 3606 1927 3645 euut

338 3663 439 3716 viri
473 3662 539 3735 de
585 3663 703 3717 loco
730 3678 852 3731 suo,
894 3662 1121 3735 argento
1147 3674 1201 3719 et
1227 3680 1390 3731 auro,
1424 3672 1477 3718 et
1513 3662 1835 3728 substantia,
1876 3672 1930 3735 et

338 3733 651 3806 pecoribus,
700 3748 931 3806 excepto
959 3733 1103 3806 quod
1135 3736 1438 3791 voluntarie.
1474 3735 1707 3789 ollerunt
1730 3734 1931 3803 templo

340 3804 460 3869 Dei,
492 3806 633 3875 quod
664 3818 745 3860 est
778 3804 1181 3863 infleru'salem.

414 3878 477 3931 Et
504 3890 860 3931 surrexerunt
886 3878 1157 3949 principes
1188 3887 1397 3947 patrum
1425 3878 1492 3934 de
1521 3878 1681 3941 Juda,
1710 3886 1763 3933 et
1794 3877 1931 3931 Ben-

338 3946 529 4015 jatnin,
569 3958 624 4001 et
669 3946 1018 4013 sacerdotes,
1066 3946 1126 4004 et
1178 3946 1398 4017 Levitzc,
1450 3961 1503 4005 et
1553 3951 1732 4004 omnis
1779 3949 1933 4017 cuius

344 4020 482 4074 lletts
506 4019 791 4092 suscitavit
819 4022 843 4060 δ
873 4023 1119 4092 spiritum
1142 4067 1155 4089 ,
1189 4032 1246 4076 ut
1281 4023 1638 4077 asccuderent
1685 4021 1750 4075 ad
1798 4022 1928 4075 aedi-

345 4091 610 4162 licandutn
636 4091 1162 4161 templumDoniini,
1195 4094 1337 4162 quod
1369 4102 1488 4148 erat
1520 4094 1572 4147 in
1606 4094 1929 4148 Jerusalem.

352 4161 709 4235 Universique
733 4164 823 4232 qui
851 4176 1006 4219 erant
1032 4166 1083 4220 in
1108 4161 1330 4221 circuitu
1354 4209 1367 4233 ,
1398 4166 1721 4235 adjuverunt
1744 4178 1936 4218 manus

344 4250 531 4288 eorum
575 4234 628 4288 in
657 4238 797 4290 vasis
822 4240 1096 4306 argenteis
1122 4246 1177 4291 et
1204 4240 1408 4301 aureis,
1440 4238 1491 4291 in
1515 4237 1841 4296 substantia,
1881 4238 1933 4290 in

339 4306 636 4373 juntentis,
670 4308 720 4362 in
773 4310 1092 4377 supellectili
1124 4351 1137 4371 ,
1174 4312 1421 4377 exceptis
1472 4310 1556 4363 his
1584 4324 1704 4377 qua:
1741 4317 1935 4377 sponte

345 4378 669 4452 obtulerant.
717 4378 831 4434 Rex
862 4396 1074 4450 quoque
1103 4382 1278 4452 Cyrus
1308 4381 1533 4450 pretulit
1572 4396 1699 4452 vasa
1750 4380 1935 4450 templi

348 4448 579 4511 lloinini,
609 4466 731 4518 qua:
766 4448 966 4506 tulerat
989 4448 1485 4507 Nabuchodonosor
1514 4453 1581 4507 de
1611 4448 1933 4517 Jerusalem,

345 4531 395 4575 et
429 4531 679 4589 posuerat
708 4538 769 4577 ea
794 4524 845 4577 in
871 4527 1073 4590 templo
1104 4526 1195 4578 tlei
1224 4524 1325 4579 sui.

416 4592 649 4666 Protulit
673 4603 854 4666 autem
882 4610 944 4649 ea
968 4597 1139 4666 Cyrus
1161 4611 1253 4651 rex
1284 4596 1567 4649 Persarum
1599 4610 1695 4663 per
1718 4608 1934 4649 manum

349 4662 670 4718 Mithridatis
703 4666 799 4722 ﬁlii
830 4662 1073 4721 Gazabar
1094 4708 1107 4728 .
1137 4676 1190 4721 et
1232 4662 1615 4721 annumeravit
1660 4683 1720 4722 ea
1750 4667 1939 4720 Sassa-

346 4734 505 4807 basar
536 4737 763 4807 principi
815 4737 987 4793 Judm.
1046 4739 1112 4793 Et
1156 4738 1244 4793 hic
1284 4748 1369 4793 est
1398 4752 1653 4793 numerus
1701 4751 1932 4792 eorum:

2034 2731 2284 2787 universa
2316 2729 2437 2784 tulit
2464 2728 2829 2797 Sassabasar,
2868 2744 2987 2784 cum
3020 2728 3106 2784 his
3136 2731 3227 2799 qui
3261 2728 3631 2785 ascendebant

2035 2805 2101 2858 de
2133 2803 2605 2872 transmigratioue
2635 2801 2921 2872 Babylonis
2952 2801 3005 2855 in
3034 2803 3359 2870 Jerusalem.

2106 2874 2268 2947 lCap.
2301 2873 2388 2945 ll.j
2423 2873 2483 2947 Ili
2514 2881 2637 2947 sunt
2671 2882 2853 2929 autem
2882 2873 2976 2928 lilii
3004 2873 3408 2947 provinciasqui
3438 2888 3631 2947 ascen.

2035 2944 2232 3001 derunt
2260 2947 2326 2999 de
2348 2945 2681 3014 captivitate,
2711 2961 2869 3014 quam
2896 2947 3251 3000 transtulerat
3272 2944 3633 3001 Nabuchodo-

2039 3034 2203 3073 nosor
2234 3033 2322 3071 rex
2358 3017 2647 3089 Babylonis
2673 3016 2725 3089 in
2758 3017 3111 3088 Babylonem,
3137 3026 3193 3072 et
3242 3017 3447 3072 reversi
3503 3027 3630 3072 sunt

2037 3091 2089 3146 itt
2144 3089 2445 3145 Jerusalem
2478 3088 2544 3143 et
2595 3088 2811 3151 Judam,
2869 3090 3240 3156 unusquisque
3270 3089 3322 3143 iu
3354 3090 3629 3144 civitatem

2036 3178 2213 3217 suam.
2243 3161 2343 3228 Qui
2367 3169 2635 3215 venerunt
2657 3176 2780 3214 cum
2810 3159 3132 3228 Zorobabel,
3163 3159 3358 3217 lesua:
3385 3160 3630 3230 Nccmia,

2036 3234 2246 3296 Saraia,
2289 3232 2531 3297 Raelaia,
2558 3230 2888 3295 Mai-dochai,
2922 3242 2945 3271 ο
2978 3231 3190 3301 Bclsan,
3228 3233 3497 3302 Mesphar,
3526 3232 3631 3287 Be-

2037 3307 2181 3376 guai.
2217 3304 2409 3376 Reum,
2443 3305 2643 3359 Baana.
2674 3302 2938 3376 Numerus
2962 3303 3199 3357 virorum
3226 3305 3406 3373 pepuli
3436 3304 3629 3359 Israel:

2110 3377 2230 3432 Filii
2254 3374 2279 3413 ά
2303 3376 2527 3441 Pharos,
2552 3376 2660 3430 duo
2685 3374 2849 3429 millia
2875 3387 3089 3430 centum
3120 3376 3462 3444 septuaginta
3488 3376 3627 3440 duo;

2036 3448 2129 3502 lilii
2184 3448 2462 3518 Scphetia,
2520 3446 2748 3501 trecenti
2779 3446 3118 3516 septuaginta
3168 3447 3304 3511 duo;
3338 3448 3428 3501 lilii
3463 3450 3625 3511 Area,

2032 3521 2359 3591 Septingenti
2394 3521 2733 3591 septuaginta
2763 3522 3027 3589 quinque;
3062 3520 3155 3573 lilii
3214 3518 3627 3591 Phaetbltloab,

2035 3590 2267 3645 ﬁliorum
2291 3590 2455 3647 Iosue
2481 3591 2640 3658 Joab,
2664 3590 2773 3643 duo
2802 3592 2965 3644 millia
2986 3592 3283 3660 Octingenti
3309 3590 3629 3651 duodecim;

2039 3664 2133 3717 ﬁlii
2162 3664 2338 3730 Elam,
2391 3663 2538 3717 mille
2568 3663 2787 3715 ducenti
2826 3663 3211 3733 quinquaginta
3244 3673 3502 3731 quatuor;
3539 3661 3631 3714 lilii

2034 3736 2259 3799 Zetbua,
2286 3735 2544 3803 nongenti
2573 3734 2928 3803 quadraginta
2957 3736 3233 3804 quinque;
3284 3733 3376 3786 lilii
3406 3733 3625 3799 Zachai,

2035 3807 2359 3875 septingenti
2383 3808 2656 3876 sexaginti
2678 3820 2691 3869 ;
2715 3804 2804 3859 lilii
2838 3806 2985 3876 Bani,
3013 3806 3252 3860 sexcenti
3273 3804 3629 3874 quadraginta

2035 3879 2172 3945 duo;
2208 3879 2299 3933 lilii
2331 3875 2794 3943 Bebai,’si-xcenti
2829 3875 3014 3946 viginti
3076 3886 3216 3941 tres;
3278 3877 3371 3929 lilii
3424 3876 3627 3946 Azgad,

2036 3951 2185 4006 mille
2208 3950 2427 4004 ducenti
2469 3950 2654 4014 viginti
2689 3948 2828 4013 duo;
2882 3950 2973 4002 lilii
3023 3948 3345 4011 Adonicam,
3392 3947 3633 4002 sexcenti

2037 4023 2313 4091 sexaginta
2345 4038 2478 4085 sex;
2524 4021 2617 4075 ﬁlii
2644 4020 2861 4089 Beguai.
2898 4020 3005 4074 duo
3045 4021 3210 4075 millia
3243 4019 3630 4088 quinquaginta

2037 4109 2162 4158 Sex;
2200 4094 2289 4147 lilii
2321 4094 2481 4159 Adiit,
2516 4091 2897 4162 quadringenti
2929 4092 3317 4161 quinquaginta
3359 4100 3628 4159 quatuor;

2040 4164 2132 4218 lilii
2190 4165 2361 4220 Atlter
2404 4169 2492 4235 qui
2528 4174 2683 4219 erant
2713 4179 2778 4218 ex
2818 4175 2841 4202 ο
2875 4164 3127 4228 Ezechia,
3161 4162 3449 4235 nonaginta
3480 4172 3633 4235 octo;

2041 4237 2134 4290 lilii
2160 4237 2339 4301 Bezai,
2371 4233 2598 4291 trecenti
2642 4234 2829 4306 viginti
2861 4247 3007 4301 trcs;
3067 4235 3157 4288 lilii
3207 4233 3386 4306 lerat
3418 4244 3635 4306 centum

2041 4308 2358 4372 duodecim;
2393 4310 2484 4362 lilii
2511 4303 2951 4371 Asom,'ducenti
2980 4306 3165 4375 viginti
3192 4317 3333 4367 tres;
3361 4303 3456 4358 ﬁlii
3487 4303 3631 4375 Gob-

2040 4380 2160 4443 bar,
2190 4380 2475 4449 nonaginta
2508 4380 2775 4450 quinque;
2810 4379 2902 4433 lilii
2934 4374 3521 4450 Beth-Leem,ceututn
3550 4374 3632 4428 vi-

2039 4452 2171 4520 ginti
2203 4460 2345 4515 tres;
2377 4452 2478 4504 viri
2499 4448 2765 4521 Netuplta,
2798 4452 3181 4521 qttinquaginta
3207 4464 3331 4503 sex:
3362 4448 3463 4502 viri
3492 4448 3638 4521 Aba—

2040 4518 2217 4588 thotb,
2249 4532 2467 4576 centum
2510 4518 2695 4591 viginti
2720 4529 2886 4588 octo;
2920 4518 3012 4577 lilii
3044 4518 3363 4587 Aziiiavetlt,
3396 4518 3635 4591 quadra-

2040 4594 2186 4663 ginta
2217 4597 2355 4659 duo;
2395 4592 2487 4647 ﬁlii
2517 4589 2942 4659 Cairiath-Arim,
2995 4593 3250 4664 Cepbira,
3308 4602 3364 4648 et
3411 4589 3636 4664 Beiroth,

2043 4666 2373 4743 septingenti
2405 4665 2928 4743 quadragintatres;
2965 4663 3305 4743 lilii'Arama
3353 4672 3407 4719 et
3459 4663 3635 4743 (laba,

2042 4737 2285 4791 sexcenti
2314 4736 2497 4805 viginti
2532 4752 2700 4801 unus;
2736 4738 2831 4792 viri
2865 4736 3157 4797 Machmas,
3191 4744 3407 4790 centum
3451 4736 3639 4805 viginti

348 4802 549 4880 phialie‘
571 4802 749 4864 aurea:
778 4810 994 4880 triginta
1018 4850 1030 4869 .
1058 4810 1253 4880 phialae
1280 4820 1549 4880 argentea:
1578 4809 1747 4873 mille.
1771 4807 1933 4862 cultri
1966 4803 2013 4863 ἰ)
2040 4808 2147 4880 duo
2171 4826 2186 4867 :
2213 4809 2312 4864 viri
2344 4802 2569 4863 Belli-El
2599 4817 2655 4863 et
2684 4807 2700 4847 ί
2738 4810 2824 4875 Ai,
2856 4809 3077 4865 ducenti
3126 4806 3313 4879 viginti
3362 4802 3639 4880 tres;’ﬁ|ii

349 4877 548 4954 viginti
560 4895 779 4954 novem,
815 4877 1002 4954 scyphi
1028 4877 1184 4937 aurei
1214 4877 1455 4952 triginta,
1480 4881 1671 4952 scyphi
1691 4881 1931 4954 argentei

349 4952 570 5005 secundi
601 4952 978 5023 quadringenti
1008 4954 1195 5008 decem
1221 4971 1235 5007 :
1262 4969 1387 5008 vasa
1411 4954 1512 5007 alia
1544 4954 1711 5007 mille.
1737 4952 1929 5007 Omnia

351 5036 476 5077 vasa
504 5038 666 5079 aurea
690 5033 743 5079 et
763 5036 1017 5096 argentea
1040 5027 1279 5097 quinque
1302 5026 1469 5082 millia
1493 5024 1885 5096 quadringenta
1915 5042 1930 5081 :

424 5238 449 5267 ἰ
482 5228 681 5299 Regius
709 5229 895 5304 codex
933 5247 947 5284 :
980 5229 1047 5284 Et
1090 5231 1333 5304 prazcepit
1372 5249 1462 5302 per
1512 5240 1672 5287 totum
1726 5248 1941 5304 regnum

351 5318 502 5357 suum
527 5319 591 5359 ex
617 5302 809 5371 scripto
837 5303 1033 5370 dicens,
1066 5302 1173 5359 etc.
1199 5302 1377 5359 MART.

422 5373 449 5411 ι)
482 5372 607 5429 Plus
638 5374 797 5428 habet
829 5374 1042 5443 Reginae
1074 5390 1178 5430 ms.
1210 5378 1455 5443 spiritum
1485 5384 1717 5430 sanctum
1742 5391 1760 5430 :
1784 5375 1944 5446 paulo

350 5460 565 5517 quoque
590 5453 711 5514 post
732 5448 1037 5517 adiuvarent
1069 5462 1166 5515 pro
1188 5448 1509 5517 adjuvarunt
1541 5450 1663 5517 legi.

430 5528 452 5557 ε
514 5516 735 5587 Regina:
772 5532 902 5583 ms.,
935 5516 1127 5572 Belrau
1172 5529 1227 5574 et
1256 5516 1518 5595 Beguiai,
1564 5516 1739 5576 minus
1770 5530 1949 5574 tamen

353 5600 523 5645 recte.

426 5659 453 5698 ά
480 5660 625 5735 Idem
656 5675 783 5735 ms.,
808 5659 1026 5735 _Pltores
1056 5676 1152 5735 pro
1184 5661 1411 5730 Pharos,
1462 5675 1571 5719 tum
1606 5663 1952 5735 Thcssrsfctia

356 5748 457 5803 pro
489 5733 757 5807 Sep/tellit,
788 5733 1017 5807 denique
1049 5731 1145 5789 Fet
1182 5734 1338 5789 Moab
1388 5752 1487 5807 pro
1535 5736 1703 5791 Pltaet
1765 5731 1943 5802 Moab,

358 5814 519 5874 atque
552 5805 653 5859 alia
684 5804 947 5880 ejusmodi
971 5808 1254 5874 scriptura:
1283 5804 1435 5879 vitia,
1472 5823 1591 5880 qua:
1633 5808 1948 5879 singillatim

362 5884 623 5932 annotarc
658 5877 745 5933 vix
774 5891 954 5949 Opera:
983 5880 1213 5948 pretium
1241 5889 1343 5936 est.

2038 4879 2214 4955 Nebo.
2244 4882 2637 4955 quinquaginta
2651 4881 2801 4955 duo;
2832 4880 2924 4935 ﬁlii
2955 4876 3430 4955 Megbirs,'centum
3450 4950 3460 4955 _
3481 4876 3641 4955 quin-

2041 4950 2295 5030 ψιθείιιιὲι
2326 4950 2451 5018 θεὶς
2479 4950 2574 5008 lilii
2600 4951 2756 5030 Elam
2786 4950 3463 5030 alterius,'mille_duceuti
3492 4950 3669 5030 quius

2042 5028 2297 5097 quaginta
2342 5035 2610 5096 quatuor:
2646 5025 2741 5081 ﬁlii
2782 5027 2956 5094 Arim,
3010 5024 3242 5082 trecenti
3273 5024 3492 5095 viginti;
3543 5023 3640 5075 lilii

2126 5232 2271 5304 ellic
2297 5232 2461 5303 paulo
2491 5233 2733 5304 pressius
2787 5234 2852 5288 ad
2900 5233 3184 5289 Hebramm
3237 5231 3366 5302 legit
3422 5226 3647 5304 Regina:

2053 5318 2154 5360 ms.
2207 5302 2447 5360 chechia
2529 5316 2583 5361 et
2629 5322 2751 5361 mox
2794 5306 3001 5362 Gobbar
3025 5322 3119 5374 pro
3143 5304 3363 5365 Gebbur,
3389 5302 3648 5374 ethepte

2052 5392 2155 5449 pro
2184 5376 2710 5449 NetuphaCep/eiara,
2736 5395 2833 5447 pro
2867 5371 3111 5445 Ceiiltiro,
3134 5371 3648 5449 deniqueGabasses-

2059 5446 2156 5520 pro
2184 5446 2395 5513 Gabua,
2422 5446 2543 5519 qua:
2571 5446 2822 5505 videntur
2848 5450 3147 5506 scribarum
3177 5446 3395 5501 menda.

2137 5519 2154 5558 ί
2188 5512 2460 5593 (δυηὶίεὶηἱ
2483 5530 2538 5575 et
2568 5522 2758 5585 nostri,
2802 5532 2856 5593 et
2888 5536 3022 5593 quos
3061 5520 3405 5593 Martianzeus
3436 5512 3643 5593 laudat,

2061 5607 2189 5647 mss.
2230 5592 2349 5646 libri
2374 5593 2465 5665 qtti
2494 5593 2783 5666 prml’erant
2813 5588 2918 5649 Gai
2938 5608 3035 5666 pro
3076 5592 3161 5666 Αἱ,
3194 5606 3301 5645 non
3343 5588 3649 5666 scribarum

2062 5680 2180 5719 eam
2204 5679 2322 5719 esse
2352 5662 2590 5734 culpam,
2623 5666 2715 5720 sed
2744 5662 2957 5722 doctam
2987 5664 3157 5734 ipsius
3205 5665 3435 5734 fortasse
3477 5662 3648 5714 inter-

2055 5735 2223 5813 Ρὶθῑίδ
2252 5733 2761 5813 ειιτίιηιίῐιιιιίιιιάιιιιι
2788 5750 2890 5804 est,
2922 5733 3043 5793 cum
3068 5746 3121 5792 ct
3150 5736 3200 5789 in
3226 5733 3457 5813 Hebraeo
3481 5743 3579 5813 per
3612 5738 3659 5806 ν,

2056 5807 2311 5862 eliciatur
2337 5816 2455 5882 tua,
2484 5825 2643 5882 quam
2678 5810 2910 5868 litteram
2946 5824 3041 5882 per
3070 5826 3100 5879 g
3126 5808 3455 5864 vetustiores
3485 5807 3653 5858 inter-

2059 5889 2239 5950 pretes
2266 5881 2470 5952 passim
2501 5880 2751 5939 reddunt.
