4062 6348
377 326 401 387 Ι
412 325 515 386 407

1405 316 1463 376 S.
1505 313 1884 374 HIERONYMI
1923 314 2156 375 DIVINA
2197 312 2676 375 BlDLIOTHECA.

3533 312 3672 374 “08

385 443 525 506 Lud,
555 440 714 511 Adid,
749 450 805 498 et
823 437 964 507 Dno,
993 434 1323 511 septingenti
1362 433 1850 511 vigintiquinque;
1884 433 1980 511 ﬁlii
2007 437 2055 498 Α
2086 444 2139 511 et
2171 435 2473 511 Zurobabcl
2501 436 2646 511 filius
2675 432 2960 511 Salathiel,
2994 444 3047 493 et
3068 434 3266 511 fratres
3291 431 3430 511 ejus,
3463 434 3672 511 etaedi-

383 516 590 579 Jeriho,
614 506 839 570 trecenti
864 506 1217 583 quadraginta
1236 507 1501 581 quinque;
1533 506 1629 562 lilii
1651 506 1849 576 Senaa,
1874 507 1975 561 tria

393 588 561 642 millia
592 585 831 643 sexcenti
855 583 1093 652 triginta.

463 658 783 715 Sacerdotes
811 675 822 708 :
849 665 875 694 ιι
909 650 1005 710 lilii
1032 653 1176 709 Idaia
1208 651 1260 707 iu
1292 652 1456 708 domo
1486 650 1684 719 Jesuze,
1716 650 1977 722 nongenti

393 731 733 799 Septuaginta
782 737 930 799 tres;
973 725 1071 781 lilii
1101 724 1343 799 Emmer,
1394 724 1538 799 mille
1591 724 1979 799 quinquaginta

391 793 704 866 dumb-lilii
739 798 1005 856 Pheshur.
1055 795 1201 852 mille
1244 796 1459 851 ducenti
1512 793 1860 867 quadraginta
1887 810 1978 852 sc-

397 883 576 943 plem;
608 871 701 927 lilii
730 870 902 943 Arim,
926 869 1074 925 mille
1102 867 1297 943 decem
1321 875 1377 943 et
1405 876 1636 943 septem.

465 943 666 999 Levita;
693 961 706 998 :
733 943 828 998 lilii
857 941 1058 1010 Jesnae,
1078 954 1082 957 ‘
1105 951 1160 994 et
1188 939 1432 995 Cedmiel
1464 939 1700 1010 filiorum
1744 937 1975 1002 Odevia,

402 1013 743 1086 septuaginta
775 1009 1484 1086 quatuorqCantoresililii
1516 1009 1978 1086 _A‘saph,_eentutn

389 1081 576 1153 viginti
600 1081 749 1141 octo.
790 1085 910 1141 Filii
935 1083 1239 1140 Janitoruin
1269 1101 1279 1137 :
1317 1081 1412 1138 lilii
1442 1081 1670 1153 Selium,
1705 1081 1797 1136 lilii
1823 1081 1981 1153 Ater,

395 1152 486 1212 lilii
514 1158 767 1222 Telmon,
792 1157 885 1212 lilii
911 1157 1115 1220 Accub,
1145 1153 1240 1210 lilii
1270 1154 1468 1214 Hatita,
1498 1152 1592 1206 filii
1615 1153 1776 1208 Sobai
1809 1170 1822 1208 :
1858 1152 1984 1206 uui-

401 1230 541 1284 versi
562 1237 778 1285 centum
810 1229 1023 1299 triginta
1055 1241 1272 1299 novem.
1310 1225 1577 1299 Nalhimci
1601 1225 1782 1299 “ﬁlii
1833 1223 1984 1299 Silia,

406 1300 499 1356 lilii
532 1300 772 1371 Asupha,
806 1292 906 1354 lilii
928 1299 1230 1371 Tebbaoth,
1252 1295 1681 1371 ﬁliichroshfiIi/i
1712 1296 1863 1371 Siaa,

405 1354 1041 1437 l’liadan,'liliiLebana,
1087 1370 1184 1424 lilii
1218 1354 1443 1440 'Agaba,
1497 1354 1588 1440 alii
1622 1354 1862 1440 accep;
1894 1363 1989 1420 mn

403 1445 576 1510 Agah,
601 1444 692 1498 lilii
717 1443 941 1510 Semlai,
972 1441 1065 1496 lilii
1095 1443 1272 1510 Anan,
1290 1437 1398 1495 'lilii
1430 1438 1656 1510 Gadtlel,
1695 1438 1792 1492 lilii
1819 1437 1983 1510 Gaer,

405 1484 1065 1583 lilii'iia'iiiﬂiiii'iiiéiiﬁ
1095 1484 1990 1583 ἤι’ί’ἶ1ί1ρὲ’ὸ’ἁειῖ“ῶῖί“1ιὲὶέυῇξῇίᾶ

401 1590 529 1651 Aza,
585 1586 678 1641 lilii
701 1581 948 1648 ‘Phasea,
981 1585 1073 1639 lilii
1102 1585 1287 1650 Besce,
1323 1582 1416 1638 lilii
1441 1584 1716 1647 Asennaa,
1745 1581 1838 1636 lilii
1869 1581 1987 1635 Mu-

403 1659 537 1724 niin,
563 1657 655 1712 lilii
683 1656 998 1726 Nephusim,
1029 1657 1122 1711 lilii
1154 1656 1384 1714 Becbuc.
1410 1653 1538 1726 lilii
1588 1653 1834 1726 Acupha,
1893 1651 1989 1726 lilii

401 1729 565 1794 Arur,
588 1729 686 1785 lilii
707 1725 950 1790 Besluth,
982 1728 1079 1782 lilii
1107 1726 1301 1792 Maida,
1327 1725 1423 1782 lilii
1453 1725 1612 1791 Arsa,
1644 1725 1736 1779 lilii
1764 1725 1986 1791 Bercos’,

403 1801 497 1854 lilii
531 1801 732 1866 Sisara,
761 1800 854 1855 filii
882 1799 1106 1866 Thema,
1138 1798 1229 1853 lilii
1253 1797 1434 1863 Nasia,
1480 1796 1573 1851 lilii
1602 1795 1874 1866 Athupha.

474 1870 596 1928 Filii
623 1865 909 1926 servorum
940 1865 1267 1935 Salomonis,
1303 1869 1398 1924 filii
1425 1868 1596 1933 Sotei,
1641 1865 1990 1936 lilii'Sopbe-

404 1952 508 2006 ret,
534 1943 628 1998 lilii
652 1942 924 2008 Pharuda,
954 1942 1052 1997 lilii
1081 1941 1214 2007 lala,
1239 1941 1332 1995 lilii
1363 1941 1593 2005 Dercon,
1629 1938 1725 1993 lilii
1757 1937 1989 2002 Geddel,

406 2014 498 2069 lilii
525 2015 804 2084 Saphatia,
838 2013 929 2068 lilii
959 2015 1090 2082 Atil,
1117 2014 1209 2068 lilii
1231 2012 1602 2084 Phoehereth,
1624 2011 1900 2084 quierant
1924 2007 1992 2065 de

404 2082 680 2152 Asebaim,
715 2086 812 2139 lilii
843 2085 1018 2139 Ammi
1055 2101 1068 2138 :
1097 2098 1288 2139 omnes
1321 2082 1611 2148 Nathinrei,
1639 2091 1694 2137 et
1721 2082 1816 2136 lilii
1870 2095 1991 2136 ser-

403 2171 593 2228 vorum
624 2156 959 2228 Salomonis,
981 2156 1208 2228 trecenti
1237 2155 1525 2228 nonaginta
1553 2154 1681 2228 duo.

463 2227 620 2300 _Eti_hi
650 2230 743 2300 qui
768 2227 1128 2300 ascenderunt
1148 2222 1556 2300 de_Thelinelaa
1589 2226 1697 2299 [AL
1728 2222 1990 2279 'I'heltna-

407 2298 502 2369 la],
527 2297 810 2366 Thelarsa,
843 2297 1080 2364 Cherub,
1111 2310 1133 2340 ο
1165 2297 1375 2367 Eddon,
1413 2297 1655 2365 Emmer,
1684 2306 1739 2352 ct
1762 2311 1866 2352 non
1899 2311 1995 2364 po-

404 2379 628 2425 tuerunt
653 2370 891 2426 indicare
925 2371 1144 2426 domum
1176 2379 1387 2442 patrum
1418 2383 1649 2442 suorum
1700 2377 1992 2442 (ιι-Περικλεῖ]

404 2457 581 2504 suum,
615 2452 795 2497 utrum
823 2457 890 2496 ex
917 2442 1085 2498 Israel
1115 2439 1318 2498 essent.
1350 2440 1470 2496 Filii
1505 2440 1706 2506 Dalaia,
1744 2439 1842 2496 lilii
1886 2440 1995 2496 To-

407 2512 518 2576 lia,
551 2513 646 2567 filii
675 2513 914 2582 Necoda,
947 2515 1189 2570 sexcenti
1215 2511 1600 2585 quinquaginta
1625 2513 1755 2585 duo.

480 2586 544 2638 Et
573 2585 641 2641 de
671 2585 796 2640 filiis
826 2585 1169 2642 sacerdotum
1205 2583 1590 2650 :‘Filii’llobia,
1644 2583 1738 2638 lilii
1793 2583 1988 2651 Accos,

409 2655 500 2728 lilii
529 2655 920 2728 Berzellai,qui
952 2656 1160 2728 accepit
1187 2656 1254 2713 de
1275 2656 1489 2711 ﬁliabus
1513 2655 1776 2712 Berzellai
1803 2657 1994 2712 Galaa-

405 2726 534 2782 ditis
566 2743 814 2795 uxorem,
837 2726 892 2784 et
917 2726 1139 2785 vocatus
1165 2738 1248 2785 est
1273 2728 1494 2783 nomine
1517 2742 1704 2782 eorum
1728 2745 1741 2782 :
1768 2729 1820 2784 hi
1847 2741 1995 2798 qua:-

408 2799 619 2855 sierunt
642 2800 968 2870 scripturam
999 2800 1326 2871 geuealogia:
1348 2814 1482 2864 sure,
1515 2810 1568 2854 ct
1614 2815 1722 2855 non
1773 2801 1996 2856 iuvene-

407 2881 554 2942 runt,
588 2879 643 2926 et
663 2871 821 2942 ejecti
851 2880 978 2927 sunt
1007 2870 1075 2928 de
1104 2870 1430 2928 sacerdotio.

478 2941 546 2997 Et
572 2941 708 2998 dixit
736 2942 1065 3000 Athersatha
1085 2944 1165 2999 eis
1192 2952 1252 2999 ut
1277 2958 1384 2998 non
1407 2941 1760 3000 comederent
1785 2942 1852 2998 de
1876 2957 1998 2997 san-

412 3021 504 3068 eto
518 3025 860 3086 sanctorum,
877 3015 1311 3086 donecsurgeret
1332 3014 1586 3070 sacerdos
1612 3015 1806 3071 ductus
1832 3025 1996 3084 atque

411 3084 700 3159 perfectus.
727 3085 916 3142 Omnis
945 3084 1234 3159 multitudo
1261 3088 1415 3159 quasi
1447 3102 1610 3159 unus,
1641 3087 1995 3159 quadraginta

405 3156 514 3212 duo
545 3156 716 3230 millia
745 3157 973 3214 trecenti
1000 3156 1302 3230 sexaginta,
1324 3157 1572 3228 exceptis
1602 3158 1776 3214 servis
1804 3156 1992 3214 eurum

2085 508 2384 564 licaverunt
2411 509 2582 564 altare
2613 508 2704 564 Dei
2736 506 2927 576 Israel,
2956 518 3013 563 ut
3036 507 3290 565 offerrent
3328 509 3378 564 in
3411 523 3479 564 eo
3521 506 3672 563 bolo-

2080 589 2412 645 canlomata,
2441 581 2578 635 sicut
2605 579 2864 650 scriptum
2889 580 3043 651 estin
3073 582 3188 651 lege
3217 590 3241 618 ο
3267 580 3400 636 Mosi
3424 579 3523 634 viri
3551 579 3664 633 Dei.

2081 651 2696 707 Collocaveruntautem
2728 653 2899 707 altare
2933 650 2953 690 ί
2989 653 3080 708 Dei
3126 650 3291 724 Super
3321 653 3481 706 bases
3521 665 3666 715 suas,

2081 724 2482 781 deterrentibus
2541 739 2638 780 eos
2686 738 2780 791 per
2818 723 3101 778 circuitum
3135 723 3351 794 populis
3378 735 3667 788 terrarum,

2082 808 2133 852 et
2163 795 2486 870 obtulerunt,
2507 810 2668 866 super
2693 794 2826 850 illttd
2858 794 3228 870 holocaustum
3257 796 3490 870 Domino
3516 809 3682 870 mane

2084 875 2139 922 et
2169 883 2434 936 vespere:
2470 869 2817 938 feceruntque
2869 867 3272 924 solemnitatem
3328 867 3676 923 Taliernacu4

2084 937 2284 1004 lorum,
2340 939 2479 994 sicut
2529 937 2789 1008 scriptum
2844 948 2950 1003 est,
2994 948 3050 993 et
3080 939 3456 995 holocaustum
3486 938 3676 992 dielms

2086 1011 2314 1081 singulis
2337 1026 2432 1081 per
2451 1009 2699 1082 ordinem
2719 1010 3020 1082 secundum
3045 1019 3378 1082 praceptum
3405 1025 3545 1080 opus
3570 1008 3676 1082 diei

2087 1081 2140 1154 in
2175 1080 2260 1136 die
2291 1080 2409 1137 suo.
2445 1082 2512 1138 Et
2538 1089 2659 1151 post
2689 1081 2805 1136 haec
2835 1080 3402 1154 holocaustum—jugc,
3446 1091 3590 1154 tam
3623 1081 3676 1135 in

2087 1152 2331 1209 kalendis
2360 1169 2520 1224 quam
2549 1153 2601 1208 in
2649 1152 2920 1208 universis
2971 1152 3408 1208 solemnitatibus
3439 1152 3678 1217 Domini,

2087 1241 2208 1297 qua:
2229 1223 2391 1280 erant
2404 1235 2758 1297 consecrane,
2786 1232 2843 1280 et
2867 1225 2919 1278 in
2948 1227 3200 1281 omnibus
3224 1225 3276 1280 in
3307 1224 3506 1297 quibus
3541 1223 3682 1278 ultro

2089 1296 2422 1353 nlferebatur
2451 1312 2644 1352 munus
2676 1295 2928 1351 Domino.
2963 1299 3000 1349 A
3038 1298 3212 1363 primo
3243 1295 3338 1353 die
3367 1297 3572 1351 mensis
3596 1310 3684 1350 se-

2090 1367 2244 1437 ptimi
2273 1379 2556 1438 eruperunt
2581 1366 2777 1424 offerre
2816 1367 3190 1424 holocaustum
3221 1368 3491 1428 Domino:
3521 1382 3684 1436 porro

2094 1441 2352 1508 templum
2384 1439 2478 1495 Dei
2509 1439 2794 1494 fundatum
2824 1439 3052 1494 necdum
3082 1451 3220 1495 erat.
3256 1439 3534 1496 Dederunt
3582 1455 3683 1493 au-

2094 1519 2200 1567 tem
2235 1510 2722 1580 pecuniaslatomis
2743 1520 2797 1565 et
2825 1511 3417 1568 crementariiszcibum
3443 1524 3681 1582 quoque,

2092 1593 2146 1638 et
2179 1591 2385 1651 potum,
2414 1592 2470 1638 et
2496 1584 2705 1650 oleum,
2762 1581 3018 1652 Sydoniis
3064 1583 3373 1652 Tyriisque,
3407 1593 3466 1637 ut
3507 1581 3689 1637 defer-

2094 1665 2231 1726 rent
2260 1655 2403 1725 ligna
2453 1654 2673 1726 cedrina
2701 1653 2770 1710 de
2799 1653 3006 1726 Libano
3035 1655 3103 1709 ad
3135 1670 3284 1710 mare
3309 1654 3506 1726 Joppe,
3533 1654 3690 1724 juxta

2091 1725 2238 1798 quod
2273 1723 2606 1796 praeceperat
2630 1723 2806 1798 Cyrus
2832 1742 2925 1798 rex
2959 1725 3247 1784 Persarum
3277 1727 3380 1785 eis.

2165 1801 2322 1852 Anno
2351 1805 2533 1852 autem
2562 1796 2803 1853 secundo
2825 1796 3092 1854 adventus
3121 1813 3311 1854 eorum
3333 1798 3399 1854 ad
3422 1796 3686 1860 templum

2099 1869 2189 1941 Dei
2221 1869 2275 1924 in
2302 1867 2627 1941 Jerusalem,
2681 1884 2870 1941 mense
2907 1869 3173 1936 secundo,
3205 1879 3494 1941 coeperunt
3524 1868 3694 1924 Zoro-

2094 1940 2250 1996 babel
2279 1940 2415 1996 lilius
2442 1940 2728 2005 Salathiel,
2759 1951 2814 1995 et
2843 1940 3009 1998 Josue
3036 1941 3184 1997 filius
3213 1940 3469 2008 JoSedec,
3497 1952 3556 1997 et
3603 1956 3692 1996 re-

2095 2011 2224 2081 liqui
2253 2012 2320 2067 de
2342 2011 2602 2068 fratribus
2631 2027 2822 2069 eorum
2872 2013 3211 2080 sacerdotes,
3268 2024 3321 2069 et
3366 2012 3594 2080 Levitze,
3635 2018 3693 2067 et

2095 2098 2285 2138 omnes
2314 2084 2403 2153 qui
2433 2091 2696 2139 venerant
2723 2083 2790 2139 de
2822 2085 3134 2154 captivitate
3165 2085 3218 2140 in
3271 2085 3604 2151 Jerusalem,
3636 2091 3693 2138 et

2096 2157 2495 2228 constituerunt
2521 2155 2734 2211 Levitas
2777 2171 2808 2210 a
2834 2157 3020 2225 viginti
3053 2156 3211 2228 annis
3236 2167 3292 2214 et
3311 2171 3500 2228 supra,
3525 2166 3581 2210 ut
3604 2171 3694 2209 ur-

2094 2235 2285 2294 gerent
2314 2242 2452 2297 opus
2476 2227 2708 2282 Domini.
2749 2227 3018 2297 Stetitque
3047 2226 3215 2284 Josue
3251 2240 3304 2285 et
3335 2226 3430 2283 ﬁlii
3463 2228 3608 2293 ejus,
3635 2234 3692 2281 et

2097 2301 2294 2354 fratres
2349 2298 2465 2369 ejus
2497 2315 2510 2352 :
2551 2298 2792 2356 Ceihniel
2847 2308 2905 2355 et
2962 2298 3057 2353 lilii
3094 2299 3232 2370 ejus,
3265 2310 3290 2348 ε
3321 2307 3378 2355 et
3403 2298 3496 2352 lilii
3524 2297 3687 2362 Jnda,

2096 2372 2248 2440 quasi
2278 2371 2360 2425 vir
2386 2385 2544 2439 unus,
2576 2379 2633 2424 ut
2665 2370 2933 2425 instarent
2965 2385 3130 2438 super
3171 2386 3270 2427 eos
3298 2373 3388 2439 qui
3418 2370 3693 2426 faciebant

2096 2457 2235 2510 opus
2279 2444 2334 2497 in
2362 2443 2562 2508 templo
2595 2441 2687 2496 Dei
2725 2459 2736 2495 :
2768 2441 2864 2498 lilii
2890 2441 3134 2511 Enadad,
3168 2453 3222 2500 ct
3252 2443 3350 2499 lilii
3379 2457 3591 2510 eorum,
3640 2449 3696 2496 et

2095 2511 2291 2570 fratres
2317 2529 2504 2570 eorum
2537 2514 2758 2569 Levitze.

2170 2585 2415 2641 Fundato
2443 2584 2606 2654 igitur
2635 2600 2663 2638 a
2693 2586 3058 2641 canncnlariis
3089 2585 3292 2656 templo
3326 2585 3566 2650 Domini,
3595 2591 3700 2656 ste-

2098 2665 2280 2712 terunt
2308 2658 2621 2713 sacerdotes
2647 2657 2698 2710 in
2728 2666 2921 2712 ornatu
2949 2673 3048 2713 suo
3071 2655 3384 2725 cum’tubis,
3410 2667 3468 2714 et
3497 2655 3698 2713 Levita:

2098 2729 2192 2782 lilii
2225 2727 2407 2798 Asaph
2436 2730 2487 2784 in
2532 2729 2819 2800 cymbalis,
2849 2738 2907 2783 nt
2939 2730 3222 2785 laudarent
3250 2731 3418 2785 Deum
3451 2745 3552 2799 per
3582 2743 3698 2782 ma-

2097 2816 2200 2855 nus
2227 2801 2389 2855 David
2420 2799 2780 2870 regis’lsrael.
2817 2800 2885 2856 Et
2917 2802 3322 2857 coneinnehant
3372 2803 3426 2856 in
3476 2799 3697 2872 hymnis

2097 2883 2148 2927 et
2183 2872 2522 2929 confessione
2555 2872 2785 2927 Domino
2825 2872 3130 2940 :Quoniaiu
3178 2873 3376 2936 bonus,
3432 2872 3695 2943 quoniam

2097 2944 2150 2998 in
2201 2957 2463 3000 internum
2498 2943 2872 3015 misericordia
2923 2946 3042 3011 ejus
3072 2960 3236 3015 super
3281 2942 3474 2999 Israel.
3504 2942 3700 2998 Omnis

2097 3031 2313 3087 quoque
2339 3017 2569 3086 populus
2583 3014 2984 3072 vociferahatur
3010 3014 3251 3072 clamore
3279 3031 3480 3087 magno
3503 3017 3556 3070 in
3585 3015 3700 3068 lau-

2097 3087 2279 3142 dando
2330 3088 2640 3156 Dominum,
2674 3102 2740 3142 eo
2770 3087 2914 3156 quod
2943 3089 3219 3143 fundatum
3253 3098 3403 3144 esset
3432 3087 3696 3153 templum

2100 3158 2315 3214 Domini
2349 3175 2365 3216 :
2395 3160 2609 3230 plurimi
2639 3159 2800 3230 etiam
2825 3159 2894 3213 de
2915 3159 3292 3230 sacerdotibus
3313 3167 3370 3213 et
3397 3158 3626 3230 Levitis.
3645 3164 3702 3213 et
3739 3175 3744 3177 ·

405 3209 724 3298 clamne;
749 3209 1302 3300 alligaaiissses;
1318 3209 1489 3285 arma
1510 3209 1995 3301 laenalaena
2022 3209 2068 3273 C
2102 3209 2374 3301 saligno;
2395 3209 2616 3300 sai-1311'.
2629 3209 2709 3290 [ὶὶ
2737 3209 3134 3301 saliareg‘aai
3150 3209 3698 3301 samaegrae;

407 3310 657 3368 septem:
687 3301 820 3358 etin
855 3302 985 3368 ipsis
1015 3310 1270 3358 cantores
1310 3310 1472 3372 atque
1517 3301 1844 3357 cantatrices
1893 3301 1996 3357 du-

406 3372 572 3427 centi.
610 3373 746 3445 Equi
769 3390 956 3430 eorum
984 3375 1310 3445 septingenti
1345 3373 1558 3444 triginta
1587 3389 1710 3439 sex;
1743 3373 1874 3428 muli
1905 3389 2001 3429 eo-

409 3459 549 3517 rum,
589 3443 822 3517 ducenti
877 3443 1228 3517 quadraginta
1258 3443 1530 3517 quinque;
1561 3446 1752 3501 cameli
1783 3461 1995 3517 eorum,

407 3514 789 3590 quadringenti
814 3514 1032 3590 triginta
1058 3514 1331 3590 quinque;
1364 3514 1504 3574 asini
1525 3533 1736 3587 eorum,
1765 3533 1864 3574 sex
1885 3516 2002 3573 mil-

409 3587 827 3660 liaiseptingenti
859 3587 1067 3660 viginti.

483 3659 550 3713 Et
575 3661 642 3733 de
667 3659 1002 3733 principibus
1027 3670 1262 3733 patrum,
1282 3676 1406 3717 cum
1425 3660 1840 3733 ingrederentur
1866 3671 2002 3718 tem-

413 3730 557 3798 plum
591 3730 998 3805 Dominipquod
1023 3730 1112 3805 est
1141 3734 1196 3788 in
1227 3730 1552 3799 Jerusalem,
1599 3743 1791 3805 sponte
1843 3736 2001 3790 oblu-

411 3807 588 3855 lerunt
618 3800 670 3855 in
698 3800 917 3858 domum
945 3803 1036 3858 Dei
1067 3805 1133 3860 ad
1179 3806 1561 3860 exstruendam
1606 3800 1727 3861 eam
1776 3805 1830 3861 in
1880 3807 2001 3862 loco

407 3887 527 3949 suo.
547 3873 852 3949 Secundum
883 3874 1028 3949 vires
1048 3889 1175 3931 snas
1200 3876 1466 3949 dederunt
1488 3878 1761 3948 impensas
1790 3879 1997 3949 operis,

409 3944 524 3998 auri
555 3943 759 4020 solidos
783 3942 812 3983 ἀ
838 3946 1117 4020 sexaginta
1162 3947 1334 4001 millia
1367 3957 1423 4004 et
1452 3942 1623 4018 mille,
1657 3942 1866 4020 argenli
1899 3942 2002 4005 mi;

413 4031 510 4087 nas
561 4016 800 4087 quinque
853 4018 1042 4084 millia,
1074 4027 1131 4074 et
1158 4029 1338 4074 vestes
1365 4016 1996 4077 sacerdotales'ceutunl.

413 4086 953 4160 llabitaveruntergo
991 4089 1327 4157 sacerdotes,
1357 4101 1411 4146 et
1437 4091 1658 4158 Levitm,
1681 4101 1737 4147 et
1784 4095 1852 4148 de
1898 4109 1992 4160 po-

412 4158 559 4226 pnlo,
583 4168 637 4214 et
664 4158 935 4229 cantores,
963 4171 1018 4218 et
1035 4160 1323 4231 janitores,
1354 4172 1409 4217 et
1436 4162 1724 4230 Nathinaei,
1753 4164 1806 4220 in
1849 4158 1997 4221 urbi-

414 4232 514 4302 bus
538 4231 679 4302 suis,
703 4235 1100 4302 universusque
1130 4232 1297 4293 Israel
1324 4237 1377 4291 in
1411 4233 1724 4290 civitatibus
1753 4237 1889 4291 suis.

483 4301 780 4377 [Capilli]
826 4301 1058 4377 Jamque
1106 4313 1347 4362 venerat
1375 4307 1580 4363 mensis
1607 4310 1892 4377 septimus,
1944 4316 2000 4364 et

411 4383 569 4428 erant
594 4373 689 4430 lilii
713 4373 877 4451 Israel
909 4373 1317 4451 infcivitatibusi
1341 4377 1454 4451 suis
1486 4397 1497 4432 :
1530 4373 1891 4451 congregatus
1915 4391 1999 4436 est

411 4460 544 4514 ergo
573 4449 804 4518 populus
831 4449 982 4518 quasi
1012 4447 1094 4503 vir
1125 4464 1265 4505 unus
1306 4450 1358 4504 in
1387 4447 1713 4516 Jerusalem,
1738 4447 1818 4506 'et
1872 4468 1996 4508 sur-

409 4518 552 4572 rexit
575 4517 737 4577 Josne
759 4517 904 4577 filius
925 4519 1174 4591 Josedec,
1207 4531 1260 4578 et
1285 4521 1484 4579 fratres
1507 4524 1626 4594 ejus
1655 4523 1992 4596 sacerdotes,

483 4667 511 4696 ⁸
538 4659 774 4737 Yulgati,
801 4660 999 4720 Jadaia
1019 4681 1051 4737 ;_
1069 4662 1264 4736 Ilegin.
1293 4676 1422 4734 ms.,
1454 4662 1654 4732 Adaia;
1693 4665 1842 4737 piget
1870 4682 2002 4724 vero
2029 4670 2085 4733 Ι)

411 4731 623 4806 longius
661 4734 778 4789 haec
806 4735 1076 4806 persequi.

450 4807 454 4812 '
485 4803 512 4842 1)
545 4803 710 4861 Iidem
732 4803 1085 4864 retinent—hic
1111 4806 1214 4862 loci
1242 4805 1486 4864 Pwessur
1510 4808 1596 4864 vel
1639 4808 1844 4866 Phesur
1886 4810 2005 4868 sine

410 4874 461 4936 b,
487 4875 590 4931 hoc
611 4887 717 4954 est,
747 4881 867 4954 sine
903 4877 1045 4954 fieri:
1075 4878 1336 4949 llebrazo,
1384 4879 1528 4952 quod
1584 4889 1767 4938 tamen
1809 4881 2006 4954 legitur

413 4955 608 5009 ninam
638 4948 896 5007 Phesbur.
926 4951 1105 5007 Man'r.

489 5029 511 5099 ξι
544 5021 884 5099 Scriptorum
914 5024 1045 5080 vitio
1067 5023 1295 5099 confusa
1321 5032 1450 5099 sunt
1479 5023 1627 5099 is‘lmc
1648 5025 1891 5099 nomina,
1924 5027 2004 5083 sic

413 5091 560 5145 enim
584 5091 786 5150 habent
809 5109 943 5152 mss.
980 5095 1198 5152 codices
1218 5096 1542 5150 Arsaclterub
1564 5107 1610 5151 et
1633 5096 1753 5152 Dan
1783 5107 1830 5151 et
1858 5091 2005 5154 Mer:

417 5163 642 5240 proclivi
673 5167 890 5240 q_uidem
921 5167 1074 5240 lapsu
1101 5168 1371 5236 scribunt,
1395 5177 1443 5222 et
1466 5167 1585 5223 Dan
1603 5184 1702 5240 pro
1715 5167 1928 5240 Eddon,
1955 5178 2002 5224 et

418 5233 536 5288 Mer
562 5250 659 5298 pro
683 5234 915 5295 Emmer.
944 5233 1122 5295 Mam.

490 5302 637 5390 dIlle
695 5324 913 5380 quoque
963 5327 1117 5368 error
1157 5311 1356 5390 est‘in
1417 5326 1644 5390 numero
1663 5312 1692 5390 ‘_:
1730 5329 1854 5390 nam
1902 5328 2004 5390 pro

415 5385 683 5456 sexaginta
710 5393 1006 5456 posuerunt
1029 5385 1396 5456 quadraginta,
1426 5385 1714 5440 numericis
1743 5387 2005 5442 notishnc

420 5453 581 5528 modo
611 5455 995 5528 transpositis,
1030 5470 1100 5511 xi.
1139 5453 1332 5523 millia,
1362 5470 1460 5528 pro
1489 5472 1556 5511 1.x
1599 5456 1790 5512 millia.
1821 5459 2004 5513 Canon

418 5522 775 5580 Memmianus
795 5525 958 5581 habet
984 5526 1036 5580 iu
1067 5522 1578 5595 contextufsolidos
1607 5545 1736 5586 cccc
1765 5531 1931 5584 millia
1958 5538 2006 5584 et

419 5596 577 5670 mille,
608 5596 660 5651 in
685 5598 924 5668 margine
949 5613 1078 5654 vero
1104 5614 1172 5654 χι.
1190 5607 1350 5668 notat
1378 5617 1475 5670 pro
1502 5615 1648 5656 cccc.
1684 5602 1858 5657 illm.

416 5666 674 5743 Tllegiu.
700 5666 1132 5743 insfperperaui,
1155 5666 1726 5743 solidosquadraginla
1749 5684 1798 5728 et
1828 5672 2004 5728 mille:

416 5737 843 5818 ill;_i_rtiaii:eus__in
889 5737 1002 5800 suis
1023 5737 1608 5818 videturplféqdisse’,
1658 5745 2007 5818 quadraginta

363 5857 374 5869 .
607 5822 656 5868 et
685 5813 825 5872 mille
851 5832 868 5872 :
900 5830 1022 5889 qua:
1053 5824 1234 5875 tamen
1254 5814 1393 5878 falsa
1419 5815 1534 5888 ipsa
1565 5809 1784 5888 quoque
1816 5809 1900 5876 est
1924 5818 2005 5876 le-

2103 3300 2426 3371 prius,’cuni
2458 3302 2736 3358 lundatum
2763 3311 2910 3358 esset
2937 3302 2951 3342 ί
2982 3300 3085 3358 hoc
3115 3302 3376 3372 templum
3431 3303 3487 3357 iu
3529 3300 3700 3356 oculis

2100 3389 2310 3442 eorum,
2341 3373 2539 3430 flebant
2561 3388 2694 3429 voce
2723 3390 2914 3444 magna
2943 3390 2958 3433 :
2991 3384 3046 3429 et
3076 3374 3232 3429 multi
3257 3374 3623 3430 vociferantes
3645 3372 3696 3426 in

2102 3446 2312 3510 lsi-tilia,
2362 3445 2648 3502 elevabant
2703 3460 2915 3502 vocem.
2979 3444 3089 3501 Nec
3143 3455 3354 3516 poterat
3408 3446 3696 3516 quisquam

2100 3531 2394 3588 agnoscere
2413 3532 2598 3575 vocem
2629 3516 2883 3573 clamoris
2915 3518 3236 3584 lmtantium,
3267 3525 3325 3574 et
3365 3515 3556 3572 vocem
3601 3515 3700 3569 lle-

2103 3587 2189 3645 tus
2219 3589 2399 3660 populi
2429 3605 2443 3644 :
2472 3587 2807 3647 commixtim
2836 3588 2976 3643 enim
3022 3590 3253 3660 populus
3292 3588 3697 3646 vociferabatur

2101 3661 2338 3718 clamore
2364 3677 2580 3729 magno,
2603 3670 2662 3716 et
2677 3677 2787 3715 vox
2811 3660 3132 3716 audiebatur
3163 3661 3372 3731 procul.

2174 3732 2328 3806 [Cap.
2361 3732 2480 3860 ιν.)
2501 3733 2808 3788 Audierunt
2837 3742 3015 3788 autem
3051 3733 3236 3788 hostes
3270 3731 3426 3788 Jndin
3472 3741 3527 3787 et
3559 3732 3698 3787 Ben-

2177 3805 2266 3858 niu
2302 3805 2426 3860 quia
2470 3806 2544 3860 tlii
2563 3804 2892 3860 captivitatis
2919 3804 3256 3860 :edilicarent
3287 3804 3547 3860 temnluin
3591 3804 3695 3857 Do-

2100 3804 2426 3875 jainin‘quia
2452 3804 2544 3860 lilii
2563 3804 2892 3872 captivitatis
2919 3804 3256 3861 :edilicarent
3287 3804 3547 3872 templum
3591 3804 3695 3857 Do-

2103 3877 2252 3932 mino
2277 3879 2387 3933 Deo
2413 3877 2579 3933 Israel
2611 3892 2626 3936 :
2653 3885 2709 3930 et
2737 3875 3064 3931 accedentes
3099 3876 3167 3931 ad
3217 3876 3514 3931 Zurobahel
3538 3885 3589 3930 et
3630 3875 3694 3929 ad

2105 3949 2372 4018 principes
2401 3958 2636 4019 patrum,
2661 3947 2916 4019 dixerunt
2953 3947 3033 4003 eis
3064 3966 3077 4001 :
3107 3945 3463 4002 zEdilieemus
3511 3947 3697 4002 vobis-

2101 4034 2242 4085 cum,
2273 4018 2498 4090 quia’ita
2527 4031 2584 4074 ut
2613 4033 2732 4086 vos,
2755 4018 3046 4089 qumrimus
3077 4020 3243 4074 Deum
3268 4028 3546 4090 vestrum:
3570 4033 3698 4073 ecce

2104 4106 2205 4145 nos
2232 4089 2574 4146 inimolamus
2601 4092 2846 4146 victimas
2875 4106 2904 4143 a
2935 4091 3128 4145 diebus
3152 4089 3518 4145 AsorcAddan
3555 4091 3694 4157 regis

2102 4161 2295 4235 Assur,
2321 4163 2415 4235 qui
2456 4163 2679 4235 adduxit
2707 4176 2806 4218 nos
2852 4162 2979 4235 huc.
3008 4163 3075 4217 Et
3101 4161 3344 4235 dixiticis
3369 4162 3695 4235 Zorobahel.

2103 4245 2157 4290 et
2184 4233 2372 4302 Josue,
2394 4245 2453 4291 et
2475 4234 2670 4305 reliqui
2695 4234 2963 4304 principes
2995 4243 3206 4303 patrum
3237 4234 3405 4289 Israel
3431 4251 3446 4286 :
3470 4233 3588 4287 Non
3611 4243 3694 4287 est

2103 4307 2259 4362 vobis
2315 4318 2370 4363 et
2421 4307 2581 4363 nobis
2612 4315 2671 4360 ut
2717 4306 3049 4361 aedificenius
3089 4305 3309 4361 domum
3343 4305 3454 4360 Deo
3485 4315 3691 4371 nostro,

2101 4377 2196 4451 sed
2243 4393 2344 4434 nos
2392 4377 2497 4451 ipsi
2539 4377 2638 4434 soli
2667 4375 3324 4451 aedificabimuspomino
3352 4378 3461 4432 Deo
3484 4384 3692 4443 nostro,

2100 4450 2246 4505 sicut
2273 4448 2530 4521 praecepit
2563 4451 2721 4505 nobis
2749 4448 2922 4522 Cyrus
2949 4465 3046 4522 rex
3076 4449 3387 4505 Persarum.

2171 4519 2396 4582 Factum
2427 4519 2511 4579 est
2537 4522 2700 4593 igitur
2729 4519 3048 4594 ut'populus
3075 4529 3235 4577 terra:
3265 4519 3556 4592 impediret
3583 4534 3696 4575 rna-

2183 4676 2206 4705 θ
2228 4665 2613 4721 Collocaverunt
2635 4671 2824 4731 autem,
2856 4670 2961 4718 etc.
2993 4661 3193 4731 Regius
3217 4660 3500 4719 codex:Et
3525 4660 3685 4716 collo-

2107 4748 2346 4795 caverunt
2373 4737 2536 4790 altare
2568 4734 2660 4790 Dei
2674 4733 2841 4788 Israel
2863 4750 3016 4806 super
3033 4734 3176 4789 bases
3196 4750 3353 4799 snas;
3375 4734 3695 4788 deterrebant

2107 4820 2276 4866 autem
2305 4826 2390 4866 eos
2417 4824 2509 4879 per
2539 4807 2812 4879 circnitnm
2839 4805 3018 4878 populi
3049 4816 3323 4879 terrarum.
3347 4807 3530 4861 Man'r.

2184 4881 2204 4921 ε
2228 4875 2439 4938 Nomen
2471 4877 2568 4935 Dei
2620 4877 2708 4934 hic
2749 4875 2941 4933 reticet
2989 4893 3113 4934 cum
3165 4877 3388 4948 Regina:
3437 4891 3542 4933 ins.
3579 4875 3697 4949 ipse

2106 4955 2268 5013 etiam
2300 4952 2560 5008 Hebraeus
2582 4959 2760 5006 textus
2780 4958 2837 5006 et
2863 4949 3106 5007 Graecus.

2181 5036 2206 5074 8
2238 5025 2409 5081 Aliter
2434 5023 2575 5079 idem
2601 5022 2799 5093 ltegins
2825 5037 2962 5076 ms.:
2996 5020 3060 5074 Et
3076 5019 3333 5092 ﬁliiJuda
3358 5020 3691 5084 unanimiter,

2107 5108 2163 5155 ut
2199 5100 2445 5154 instarent
2497 5110 2653 5166 super
2681 5111 2767 5149 eos
2809 5095 2897 5166 qui
2947 5093 3203 5166 faciebant
3250 5109 3409 5165 opera
3449 5093 3513 5166 in
3545 5094 3695 5166 domo

2108 5170 2303 5226 θείη..
2332 5177 2380 5222 et
2422 5164 2608 5238 fratres
2639 5164 2828 5220 eorum
2847 5164 3032 5221 Levita:
3062 5164 3406 5238 [mularernnt
3434 5164 3698 5234 (adiﬁcan-

2108 5253 2180 5297 tes
2235 5236 2480 5312 templum
2530 5237 2772 5312 ngini,
2821 5247 2869 5312 et
2915 5246 3161 5312 steterunt
3215 5236 3535 5312 sacerdotes,
3587 5245 3691 5312 etc.

2108 5313 2314 5369 Deinde
2336 5307 2389 5366 v.
2421 5313 2485 5366 Il
2514 5327 2528 5365 :
2557 5309 2623 5364 Et
2649 5309 3020 5382 responderunt
3051 5312 3104 5362 in
3131 5307 3288 5382 laude
3329 5316 3375 5361 et
3404 5309 3458 5363 in
3487 5310 3692 5382 confes-

2106 5388 2248 5443 sione
2278 5383 2522 5449 Domino,
2555 5379 2800 5452 quoniam
2831 5381 2989 5435 bonus
3015 5389 3111 5434 est.
3143 5380 3249 5452 Has
3276 5393 3466 5434 omnes
3483 5379 3697 5452 variant

2109 5469 2190 5514 tes
2219 5458 2477 5512 lectiones
2507 5449 2706 5509 retinet
2745 5467 2906 5523 supra
2931 5451 3109 5507 dictus
3152 5451 3324 5508 codex
3359 5467 3508 5506 num.
3551 5449 3692 5505 5561

2109 5531 2162 5586 in
2189 5527 2513 5582 bibliotheca
2540 5523 2987 5580 Christianissimi
3017 5523 3198 5593 Regis.
3231 5523 3408 5578 ill/lar.

2181 5598 2206 5638 ιι
2240 5601 2352 5654 lloc
2378 5597 2539 5653 modo
2582 5597 2709 5667 legit
2738 5595 3240 5665 prmstarrtissinnrnt
3273 5593 3549 5665 exemplar
3575 5606 3690 5667 gms.

2107 5673 2610 5729 San-Germauens.
2639 5662 2810 5722 ἰιιιιιι.
2849 5668 2932 5722 15.
2962 5667 3066 5722 Alii
3102 5682 3231 5721 mss.
3262 5662 3480 5722 codices
3516 5662 3690 5722 minus

2109 5746 2249 5802 bene
2277 5744 2484 5814 legunt,
2515 5750 2562 5795 et
2591 5739 2685 5794 hoc
2709 5741 2988 5814 templum,
3017 5750 3120 5794 etc.
3151 5739 3329 5814 Mter.

2190 5817 2204 5854 ί
2237 5809 2477 5885 Vulgati,
2497 5825 2541 5868 et
2575 5815 2668 5867 hoc
2694 5809 2962 5883 templum,
2992 5821 3122 5881 ctc.,
3171 5809 3568 5883 refragantibus
3596 5823 3690 5866 tto-

2111 5891 2237 5949 stris
2265 5888 2603 5957 aliorumque
2631 5900 2763 5944 mss.
