4112 6354
415 272 557 331 1415

1833 265 2035 326 LIBER
2079 263 2306 326 EZRIE.

3561 267 3702 329 “IL

479 390 545 443 Et
572 395 676 458 ego
714 384 1054 444 confortatus
1096 399 1266 458 manu,
1288 382 1506 458 Domini
1531 383 1648 458 Dei
1692 383 1821 449 mei,
1852 398 1997 458 quae
2024 384 2080 447 Α
2107 381 3122 458 teaeentum,‘au_ricentumgtalenta;
3146 390 3203 441 et
3231 390 3475 441 crateres
3504 400 3699 442 aureus

409 472 524 516 erat
562 456 629 515 in'
648 475 756 528 me,
791 459 1112 530 congregavi
1139 458 1208 514 de
1248 456 1415 513 Israel
1461 456 1732 528 principes
1772 456 1864 526 qui
1905 471 1997 511 as-

408 533 707 589 cenderent
748 545 981 586 mecum.

482 603 636 676 [(Iap.
669 602 832 674 Vlll.j
859 602 923 657 lli
954 612 1080 676 sunt
1099 616 1230 673 ergo
1258 600 1533 676 principes
1562 600 1918 676 familiarum,
1947 608 2005 655 et

406 674 725 746 genealogia
744 690 955 739 eorum,
989 674 1080 745 qui
1113 674 1479 746 ascenderunt
1508 689 1721 746 meeum
1754 674 1806 727 in
1829 686 2001 746 regno

407 742 729 805 Artaxeriiis
758 748 899 816 regis
926 742 1326 817 de’Babylone.
1357 744 1568 817 Detiliis
1582 745 1839 817 Pliinces,
1860 742 1999 798 Ger-

405 835 527 875 son.
560 818 636 873 De
659 818 784 875 ﬁliis
812 818 1072 879 Ithamar,
1104 816 1313 872 Daniel.
1345 817 1422 873 De
1451 816 1578 870 ﬁliis
1609 816 1997 879 I)avid,Attus.

406 890 485 945 De
523 890 648 945 ﬁliis
698 889 978 945 Sechcnia:
1003 931 1018 955 ,
1045 890 1113 943 de
1146 889 1273 943 ﬁliis
1314 888 1545 954 Pharos,
1580 887 1872 943 Zacharias
1902 904 1914 939 ε
1946 898 2001 942 ct

402 978 527 1017 cum
555 977 622 1017 co
637 962 910 1016 numerati
941 971 1067 1016 sunt
1097 961 1198 1015 viri
1229 969 1455 1015 centum
1487 961 1891 1030 quinquaginta.
1923 958 1998 1012 De

401 1032 528 1089 ﬁliis
552 1043 577 1070 ⁸
609 1032 1019 1098 Pbaeth-Moab,
1052 1032 1293 1087 Elioenai
1328 1033 1469 1086 ﬁlius
1499 1032 1676 1093 Zur-.12,
1708 1042 1763 1086 ct
1788 1046 1907 1085 cum
1932 1046 1997 1086 eo

404 1105 631 1161 ducenti
657 1104 781 1159 viri.
816 1107 888 1159 De
930 1104 1054 1159 ﬁliis
1103 1103 1413 1171 Secheuite,
1449 1103 1595 1158 ﬁlius
1636 1102 1911 1167 Ezechiel,
1944 1112 1999 1158 et

400 1192 523 1232 cum
571 1192 638 1232 eo
686 1179 909 1232 trecenti
952 1176 1075 1231 viri.
1106 1175 1185 1231 De
1219 1175 1344 1229 ﬁliis
1387 1175 1603 1239 Addeu,
1646 1174 1820 1240 Abed,
1856 1173 1995 1229 ﬁlius

400 1249 696 1314 Jonatlian,
729 1258 784 1303 et
833 1264 957 1305 cum
1011 1264 1077 1303 eo
1130 1247 1523 1318 quinquaginta
1568 1247 1690 1301 viri.
1736 1246 1812 1301 Dc
1866 1245 1996 1318 ﬁliis

402 1321 576 1385 Elam,
608 1321 773 1375 Isaias
816 1321 960 1375 ﬁlius
990 1318 1241 1381 Athalize,
1272 1330 1329 1374 et
1369 1317 1490 1374 eum
1533 1334 1599 1373 eo
1647 1317 1989 1387 septuaginta

404 1393 531 1447 viri.
581 1392 662 1447 De
700 1391 824 1447 ﬁliis
861 1392 1156 1461 Sa‘phatiae,
1188 1390 1419 1445 Zebedia
1473 1390 1618 1445 ﬁlius
1662 1390 1914 1451 Michael,
1939 1401 1993 1444 et

400 1478 525 1519 cum
567 1479 635 1519 eo
673 1465 949 1532 octoginta
984 1464 1107 1518 viri.
1148 1463 1223 1518 De
1252 1461 1377 1517 ﬁliis
1406 1461 1564 1528 Joab,
1598 1461 1803 1516 Obedia
1850 1462 1991 1515 ﬁlius

397 1535 596 1597 Jehiel,
629 1544 686 1590 et
731 1552 857 1589 cum
900 1551 967 1591 eo
1013 1534 1231 1589 ducenti
1261 1535 1452 1590 decem
1491 1544 1547 1590 et
1592 1542 1717 1588 octo
1757 1533 1877 1587 viri.
1918 1534 1991 1588 De

400 1608 527 1662 ﬁliis
559 1606 846 1673 Selomith,
892 1608 1035 1662 ﬁlius
1083 1605 1345 1675 Josphiae,
1378 1616 1434 1660 et
1483 1620 1607 1660 cum
1656 1622 1722 1660 eo
1768 1613 1987 1659 centum

397 1683 679 1750 sexaginta
710 1680 833 1733 viri.
868 1680 941 1733 De
984 1679 1109 1732 ﬁliis
1156 1677 1344 1742 Bebai,
1375 1675 1851 1750 Ziacltariasﬂﬁlius
1889 1675 1990 1750 De-

396 1750 507 1836 bai,
540 1748 745 1836 etcum
772 1766 838 1836 eo
868 1750 1055 1836 viginti
1089 1758 1212 1836 octo
1244 1751 1368 1803 viri.
1404 1749 1482 1803 De
1511 1748 1637 1836 ﬁliis
1670 1748 1870 1836 Ezgad,
1894 1748 1986 1836 «ιο-
2014 1773 2066 1836 Β

399 1823 575 1877 Itanan
610 1823 750 1877 ﬁlius
783 1819 1041 1885 Eccetau,
1071 1832 1127 1877 et
1162 1836 1285 1875 cum
1326 1836 1392 1875 eo
1441 1830 1661 1875 centum
1704 1833 1759 1874 et
1796 1819 1985 1875 decem

394 1894 525 1948 viri.
575 1894 651 1948 De
702 1893 826 1949 liliis
879 1893 1203 1957 Adunieain,
1236 1893 1327 1961 qui
1369 1902 1528 1946 erant
1580 1890 1859 1945 novissimi
1892 1909 1904 1943 :
1937 1902 1992 1946 et

395 1965 513 2043 haec
556 1968 777 2043 nomina
824 1981 1012 2043 eorum
1046 1983 1059 2020 :
1089 1960 1577 2043 Eliplieletl_i,_etnb
1608 1962 1768 2043 Jeiel,
1804 1969 1864 2043 et
1896 1962 1993 2043 sa-

393 2038 592 2102 maias,
622 2033 677 2093 e't
715 2052 838 2091 cum
889 2036 969 2091 eis
1010 2038 1290 2104 sexaginta
1340 2035 1469 2090 viri.
1515 2034 1594 2089 De
1643 2034 1766 2088 ﬁliis
1804 2033 1988 2105 Bcgui,

404 2120 428 2148 ο
469 2108 626 2164 Utliai
654 2119 708 2164 et
735 2108 967 2173 Zacliur,
998 2116 1198 2163 etcum
1232 2109 1311 2163 eis
1341 2108 1682 2177 septuaginta
1710 2106 1832 2161 viri.

464 2180 809 2251 Congregavi
835 2190 1012 2235 autem
1038 2195 1133 2235 eos
1160 2180 1226 2234 ad
1255 2176 1501 2251 ﬂuvium,
1532 2179 1623 2247 qui
1661 2178 1902 2251 decurrit
1923 2176 1991 2232 ad

398 2249 632 2319 dum,
663 2260 719 2309 et
747 2254 1049 2307 mansimus
1082 2251 1153 2305 ibi
1187 2252 1359 2305 tribus
1381 2250 1570 2306 diebus
1605 2268 1617 2303 :
1660 2250 1991 2319 quaesivique

397 2324 449 2377 in
484 2325 685 2394 popqu
729 2333 784 2379 et
821 2326 876 2377 in
922 2323 1303 2377 sacerdotibus
1348 2324 1419 2378 de
1460 2323 1585 2377 liliis
1614 2321 1768 2394 Levi,
1799 2332 1988 2394 etnon

396 2392 583 2449 inveni
617 2395 712 2449 ibi.
737 2396 921 2466 Itaque
948 2394 1069 2466 misi
1096 2394 1398 2461 Eliezer,et
1420 2394 1661 2457 Ariel,et
1691 2392 1988 2466 Semeiani,

392 2474 449 2521 et
479 2467 770 2534 Eluatban,
802 2463 857 2522 et
886 2465 1062 2529 .larib,
1096 2476 1151 2521 et
1186 2470 1417 2521 alterum
1458 2466 1756 2534 Elnatlian,
1786 2476 1843 2519 et
1882 2463 1988 2519 Na-

393 2539 545 2605 tlian,
580 2552 634 2593 et
665 2539 1013 2604 Zachariam,
1040 2548 1094 2593 et
1120 2538 1401 2593 Mosellam
1450 2537 1724 2607 principes
1756 2554 1767 2589 :
1802 2546 1853 2591 et
1876 2535 1989 2590 .Inio

388 2611 531 2673 arib,
567 2618 622 2665 et
652 2611 930 2665 Elnathan
963 2612 1264 2679 sapientes.
1306 2609 1374 2663 Et
1408 2606 1531 2665 mni
1566 2606 1661 2663 eos
1700 2608 1767 2662 ad
1815 2606 1991 2674 Eddu,

388 2683 481 2750 qui
526 2691 613 2737 est
658 2684 866 2751 primus
917 2683 975 2736 in
1022 2683 1485 2752 Chaspbimloco,
1518 2691 1569 2737 et
1614 2680 1771 2751 posui
1801 2681 1853 2734 in
1895 2695 1991 2734 ore

390 2768 585 2808 eorum
616 2754 803 2819 verba,
834 2768 956 2825 qua:
1002 2754 1360 2824 loquerentur
1394 2753 1462 2825 ad
1496 2752 1674 2820 Eddo,
1707 2761 1762 2825 et
1792 2754 1992 2806 fratres

388 2826 512 2895 ejus
555 2822 890 2891 Nathinatos,
935 2826 989 2880 in
1044 2822 1166 2882 loco
1208 2824 1516 2895 Chaspliiae,
1558 2834 1614 2877 ut
1657 2822 1993 2878 adducerent

388 2898 548 2951 nobis
590 2899 881 2953 ministros
926 2898 1121 2953 domus
1172 2897 1268 2952 Dei
1315 2897 1506 2952 nostri.
1546 2895 1616 2949 Et
1640 2896 1994 2950 adduxerunt

392 2969 552 3023 nobis
584 2984 678 3036 per
708 2984 926 3024 manum
972 2969 1068 3025 Dei
1123 2969 1293 3024 nostri
1327 2968 1522 3023 bonam
1552 2983 1717 3036 super
1745 2982 1869 3032 nos,
1915 2967 1994 3019 vi-

391 3055 511 3094 rum
543 3040 922 3096 doctissimum
973 3043 1040 3096 de
1087 3042 1213 3095 ﬁliis
1243 3040 1427 3107 Mooli,
1458 3041 1550 3095 lilii
1581 3038 1713 3094 Levi
1742 3080 1757 3103 ,
1781 3038 1877 3093 ﬁlii
1917 3037 1994 3092 Is-

395 3111 531 3178 rael,
558 3124 611 3167 et
643 3112 953 3171 Sarabiam.
982 3124 1039 3169 et
1074 3114 1212 3168 ﬁlius
1242 3113 1363 3181 ejus
1402 3122 1458 3167 et
1501 3114 1697 3166 fratres
1726 3111 1844 3179 ejus
1891 3110 1990 3165 de-

389 3160 597 3238 cein,et
625 3196 767 3249 ueto,
801 3194 858 3240 et
898 3160 1224 3250 0'Aiaabiam,
1256 3160 1313 3239 cJt
1338 3200 1460 3239 cum
1504 3200 1575 3240 co
1602 3160 1794 3237 Isaiam
1822 3182 1893 3236 de
1924 3185 1956 3236 ﬁ
2019 3160 2066 3228 (ἶ

388 3253 479 3328 liis
511 3255 730 3328 lilerari,
762 3255 1074 3328 fratresque
1104 3256 1220 3326 ejus
1250 3265 1309 3312 et
1334 3258 1477 3311 ﬁlios
1508 3257 1628 3327 ejus
1658 3254 1850 3328 viginti
1884 3270 1898 3308 :
1932 3267 1987 3328 et

391 3325 462 3381 de
507 3327 827 3396 Natbinaeis,
860 3325 997 3396 quos
1027 3325 1253 3384 dederat
1282 3328 1452 3383 David
1496 3325 1552 3383 et
1598 3326 1873 3397 principes
1921 3326 1988 3381 ad

389 3399 697 3453 ministeria
746 3399 1079 3466 Levitarum,
1110 3401 1423 3455 Nathiuaeos
1448 3400 1719 3455 ducentos
1747 3397 1939 3469 viginti
1971 3416 1986 3455 :

401 3483 592 3526 omnes
623 3471 675 3525 lti
699 3473 815 3527 suis
842 3473 1153 3527 nominibus
1179 3472 1531 3529 vocabantur.

479 3544 541 3596 lit
572 3542 859 3612 prmdicavi
884 3544 954 3599 ibi
986 3543 1251 3613 jejunium
1277 3544 1431 3613 juxta
1470 3543 1697 3599 ﬁuvium
1735 3542 1906 3609 Aava,
1930 3551 1989 3599 ut

386 3614 753 3684 afﬂigerentur
799 3630 982 3670 coram
1027 3617 1259 3671 Domino
1290 3616 1403 3671 Deo
1435 3629 1647 3683 nosne,
1691 3625 1746 3670 et
1775 3625 1987 3685 petere-

388 3700 511 3739 mus
569 3686 635 3739 ab
684 3701 752 3740 eo
797 3689 940 3741 viam
996 3698 1200 3743 rectam
1253 3688 1521 3743 nobiset
1574 3687 1701 3741 ﬁliis
1755 3688 1982 3757 nostris,

387 3757 767 3826 universmque
794 3759 1114 3813 substantiae
1143 3768 1366 3816 nostrai.
1393 3760 1598 3814 Erubui
1621 3760 1766 3813 enim
1798 3770 1981 3828 petere

386 3842 415 3901 ξι
451 3843 574 3901 rege
617 3829 880 3901 auxilium
924 3841 977 3885 et
1008 3832 1241 3900 equites,
1266 3832 1359 3900 qui
1388 3832 1753 3901 defenderent
1784 3845 1886 3885 nos
1916 3832 1985 3886 ab

387 3899 615 3972 inimico
659 3898 713 3953 in
766 3902 852 3955 via
887 3898 1071 3971 :quia
1099 3898 1410 3959 dixeramus
1438 3898 1550 3972 regi
1603 3921 1621 3960 :
1663 3901 1856 3958 Manus
1888 3901 1985 3957 Dei

387 3971 564 4025 nostri
608 3982 694 4045 est
731 3986 898 4042 super
926 3989 1141 4041 omnes,
1186 3974 1280 4044 qui
1309 3971 1560 4045 qua'runt
1588 3990 1712 4030 eum
1746 3974 1799 4027 in
1829 3973 1985 4029 boni-

387 4051 499 4097 tatc
530 4060 543 4098 :
571 4051 624 4097 et
678 4043 967 4113 imperium
1007 4045 1127 4115 ejus
1164 4043 1221 4101 ei.
1265 4043 1529 4103 fortitudo
1559 4047 1701 4116 ejus.
1735 4054 1793 4101 et
1836 4050 1984 4101 luror

387 4128 552 4183 super
590 4130 804 4181 omnes,
851 4117 943 4186 qui
992 4118 1379 4188 derelinquunt
1425 4133 1573 4174 eum.
1606 4116 1985 4187 Jejunavimus

387 4196 591 4249 autem,
624 4195 681 4241 et
709 4194 1025 4258 rogavimus
1070 4188 1238 4245 Deum
1296 4200 1550 4246 nostrum
1605 4205 1709 4259 pro
1752 4191 1857 4244 hoc
1884 4207 1897 4244 :
1928 4198 1985 4244 et

388 4258 569 4331 evenit
617 4259 776 4315 nobis
826 4274 1106 4330 prospere.
1157 4262 1223 4316 Et
1250 4265 1495 4331 separavi
1538 4258 1617 4317 de
1646 4261 1984 4331 principibus

387 4330 728 4401 sacerdotum
759 4331 1071 4397 duodecim,
1106 4330 1445 4401 Sarabaiam,
1478 4330 1756 4401 Asabiam,
1790 4341 1979 4389 etcum

389 4399 468 4455 eis
500 4402 568 4456 de
599 4401 859 4458 fratribus
908 4418 1097 4459 eorum
1139 4406 1349 4461 decem.
1384 4399 1750 4477 Appendiquc’
1788 4406 1869 4461 eis
1888 4420 1984 4477 ar-

387 4483 608 4543 gentum
651 4480 707 4527 et
746 4490 962 4543 aurum,
995 4488 1051 4531 et
1088 4491 1218 4533 vasa
1270 4487 1592 4534 consecrata
1646 4481 1841 4532 domus
1884 4476 1980 4533 Dei

2107 456 2324 527 viginti,
2349 455 2441 527 qui
2472 454 2747 511 habebant
2774 455 2981 511 solidos
3008 457 3286 522 millenos,
3326 467 3381 512 et
3419 473 3549 513 vasa
3582 458 3705 512 teris

2107 525 2573 598 fulgeiitis‘optinii
2595 526 2723 595 duo,
2756 528 3006 598 pulchra,
3039 537 3337 589 utaurum.
3363 528 3562 584 Etdixi
3586 528 3701 584 eis:

2107 596 2216 653 Vos
2248 599 2421 654 sancti
2455 598 2697 672 Domini,
2736 596 2792 657 et
2834 615 2959 655 vasa
2990 611 3201 669 sancta,
3246 610 3603 672 ctargentum
3651 608 3706 655 ct

2104 683 2293 724 aurum
2324 670 2467 741 quod
2495 682 2689 739 spente
2716 672 2953 727 oblatum
2983 684 3065 727 est
3093 673 3324 730 Domino
3350 670 3458 729 Deo
3488 681 3699 741 patium

2104 754 2418 797 nostrorum
2453 742 2711 817 :_vigilate
2745 754 2800 799 et
2849 744 3121 817 custodite
3164 746 3339 801 donec
3383 745 3701 817 appendatis

2104 828 2289 886 coram
2322 813 2652 883 principibus
2681 816 3046 886 sacerdotum,
3071 828 3126 872 et
3155 813 3488 884 Levitaruin,
3524 826 3577 872 et
3602 818 3699 872 du-

2102 883 2257 957 cibus
2303 886 2627 941 familiarum
2658 883 2822 942 Israel
2866 888 2916 942 in
2949 888 3272 957 Jerusalem,
3297 891 3350 944 in
3386 889 3693 944 thesaurum

2105 955 2298 1029 donius
2353 958 2583 1012 Domini.
2633 958 2999 1029 Susceperunt
3054 955 3599 1017 antein'sacerdotes
3645 971 3699 1017 et

2099 1028 2304 1084 Levita:
2332 1029 2540 1099 pondus
2559 1028 2865 1100 argenti,et
2892 1034 3032 1101 auri,
3058 1042 3112 1088 et
3135 1047 3406 1101 vasorum,
3434 1044 3490 1087 ut
3513 1032 3694 1090 deier-

2103 1108 2226 1155 rent
2253 1100 2550 1156 Jerusalem
2580 1104 2631 1157 in
2653 1103 2870 1157 domum
2905 1104 2999 1159 Dei
3020 1100 3223 1159 nostri.

2172 1171 2600 1227 Proruovimusf
2647 1189 2776 1244 ergo
2826 1190 2857 1229 a
2899 1176 3124 1233 ﬂumine
3165 1175 3313 1231 Aava
3368 1175 3694 1231 duodecimo

2098 1243 2189 1299 die
2240 1247 2447 1318 mensis
2498 1245 2682 1318 primi,
2716 1243 2786 1301 ’ut
2838 1263 3183 1318 pergeremus
3255 1247 3557 1304 Jerusalem
3595 1266 3607 1302 :
3640 1259 3695 1303 et

2097 1330 2293 1371 manus
2321 1316 2416 1390 Dei
2459 1319 2627 1372 nostri
2662 1317 2769 1373 fuit
2795 1316 2961 1390 super
2986 1334 3106 1387 nos,
3133 1331 3185 1375 et
3214 1320 3465 1376 liberavit
3495 1334 3596 1373 nos
3622 1320 3693 1374 de

2107 1403 2276 1443 manu
2327 1389 2530 1443 inimici
2558 1401 2613 1445 et
2644 1390 2973 1445 insidiatoris
2999 1391 3055 1446 in
3094 1392 3197 1447 via.
3229 1393 3293 1445 Et
3323 1393 3572 1447 venimus
3602 1390 3691 1446 Je-

2095 1461 2359 1526 rusalem,
2386 1469 2443 1515 et
2472 1461 2780 1518 mansimus
2821 1462 2890 1517 ibi
2933 1461 3125 1518 diebus
3158 1464 3349 1519 tribus.
3383 1463 3482 1517 Die
3511 1474 3690 1518 autem

2096 1540 2286 1604 quarta
2314 1547 2608 1601 appensutn
2641 1542 2724 1589 est
2750 1544 3058 1604 argentum,
3090 1544 3146 1591 et
3185 1550 3401 1601 aurum,
3426 1544 3451 1581 κ
3483 1546 3538 1591 et
3562 1550 3691 1588 vasa

2095 1601 2148 1657 in
2182 1604 2345 1676 domu
2378 1605 2473 1659 Dei
2506 1604 2678 1660 nostri
2712 1601 3049 1676 per'manuui
3078 1607 3386 1663 Meremoth
3418 1607 3510 1662 ﬁlii
3546 1605 3690 1662 Uria:

2093 1675 2419 1741 sacerdotis,
2459 1686 2511 1730 et
2549 1692 2670 1732 cum
2700 1675 2766 1733 eo
2804 1677 3028 1733 Eleazar
3070 1680 3212 1733 lilius
3254 1679 3512 1743 l’hinees,
3541 1693 3691 1732 cum-

2095 1761 2200 1815 que
2224 1747 2302 1800 cis
2345 1747 2582 1804 Jozabed
2630 1749 2770 1804 ﬁlius
2801 1749 2987 1815 Ιοδυο,
3020 1761 3073 1807 et
3103 1750 3348 1805 Nuadaia
3375 1750 3521 1806 ﬁlius
3553 1750 3690 1804 Ben-

2098 1818 2433 1892 noiALevitae,
2465 1819 2615 1888 juxta
2645 1838 2931 1876 numerum
2961 1832 3015 1878 et
3037 1824 3246 1892 pondus
3278 1824 3520 1877 omnium
3549 1840 3560 1874 :
3596 1822 3691 1876 de-

2095 1890 2472 1965 scrhiptumque
2502 1902 2586 1946 est
2615 1908 2778 1948 omne
2816 1890 3107 1962 putidusin
3138 1904 3387 1965 tempore
3419 1894 3537 1947 illo.

2169 1960 2353 2035 Sedet
2379 1960 2467 2035 qui
2502 1972 2772 2017 venerant
2816 1960 2884 2019 de
2933 1960 3385 2035 Captivitate'ﬁlii
3438 1961 3690 2019 transmi-

2094 2031 2381 2101 grationis,
2407 2034 2727 2089 obtulerunt
2761 2031 3194 2091 holoCautoniata
3235 2038 3343 2092 Deo
3382 2036 3577 2100 Israel,
3602 2036 3683 2090 vi-

2098 2106 2241 2177 tulos
2270 2105 2556 2161 duodecim
2584 2121 2683 2174 pro
2709 2108 2857 2162 omni
2880 2108 3095 2177 pepulo
3132 2109 3322 2176 Israel,
3351 2109 3553 2162 arietes
3585 2122 3686 2162 no-

2096 2176 2314 2245 naginta
2347 2191 2478 2250 sex,
2504 2191 2673 2247 agnos
2714 2176 3055 2250 septuaginta
3095 2190 3327 2249 septem,
3362 2178 3547 2235 hircos
3591 2194 3689 2247 pro

2095 2260 2316 2316 peccato
2339 2248 2625 2304 duodecim
2658 2267 2672 2305 :
2706 2248 2887 2306 omnia
2920 2248 2982 2306 in
3013 2248 3390 2307 holocaustum
3435 2251 3686 2305 Domino.

2095 2317 2375 2373 Dederunt
2417 2331 2600 2377 autem
2646 2323 2822 2394 edicta
2870 2322 3013 2392 regis
3037 2325 3290 2392 satrapis,
3322 2321 3415 2394 qui
3443 2330 3598 2378 erant
3621 2323 3689 2375 de

2094 2403 2389 2461 conspectu
2420 2394 2583 2463 regis,
2616 2404 2670 2447 et
2711 2392 2940 2449 ducibus
2973 2403 3123 2449 trans
3162 2392 3388 2462 ﬁumen,
3422 2404 3478 2450 ct
3505 2396 3689 2450 eleva-

2094 2474 2287 2516 veruut
2313 2464 2568 2532 populum
2603 2472 2659 2518 et
2685 2464 2906 2533 domum
2940 2463 3058 2519 Dei.

2167 2532 2316 2605 |Cap.
2359 2534 2797 2608 IX.JPostquam
2835 2532 3016 2593 autem
3066 2538 3184 2593 haec
3224 2538 3493 2608 completa
3537 2546 3684 2601 sunt,

2092 2614 2447 2661 accesserunt
2472 2607 2539 2661 ad
2571 2624 2655 2661 me
2679 2609 2978 2677 principes,
3007 2609 3251 2667 dicentes
3287 2627 3299 2663 :
3336 2607 3448 2665 Non
3484 2620 3564 2665 est
3595 2625 3685 2666 sc-

2092 2690 2315 2750 paiatus
2349 2680 2578 2749 populus
2609 2678 2798 2744 Israel,
2831 2684 3142 2737 sacerdotes
3166 2691 3223 2736 et
3247 2681 3481 2748 Levitae,
3514 2695 3544 2734 a
3585 2698 3684 2750 po-

2094 2749 2234 2819 pulis
2266 2757 2556 2816 terrarum,
2582 2760 2634 2805 et
2659 2750 2729 2806 de
2771 2750 3272 2812 abominatiouibus
3300 2769 3515 2819 eorum,
3542 2753 3683 2807 Cha-

2093 2822 2269 2875 nanaei
2312 2822 2581 2888 videlicet,
2624 2833 2681 2878 et
2727 2823 2984 2887 Hettllaei,
3015 2825 3393 2891 etRberezwi,
3441 2835 3493 2881 et
3520 2822 3685 2879 Jebu-

2094 2894 2213 2967 sa-i,
2258 2905 2312 2949 et
2354 2897 2813 2967 Anunonitarum,
2854 2906 2909 2951 et
2950 2894 3328 2964 Moabitarum,
3370 2908 3424 2953 et
3475 2895 3683 2967 Aigyp~

2098 2966 2344 3036 tioruin,
2400 2976 2456 3022 et
2528 2966 2970 3023 Amorrhaeorum
3031 2986 3045 3024 :
3105 2972 3345 3025 tulerunt
3407 2966 3686 3025 enim’de

2096 3034 2309 3092 ﬁliabus
2330 3034 2528 3094 eorum
2573 3039 2677 3093 sibi
2708 3051 2764 3095 et
2808 3041 2936 3095 liliis
2967 3042 3101 3110 suis,
3131 3051 3187 3098 et
3225 3042 3686 3096 commiseuerunt

2096 3123 2281 3180 semen
2315 3121 2560 3167 sanctum
2590 3125 2712 3167 cum
2742 3114 2954 3180 pupulis
2982 3122 3249 3170 terrarum
3278 3110 3681 3169 zmanusetiam

2100 3179 2406 3255 principum
2456 3195 2525 3255 et_
2559 3179 2972 3254 magistratuum
3015 3188 3114 3241 luit
3153 3187 3205 3239 in
3254 3183 3685 3255 transgressione

2096 3252 2202 3325 hac,
2246 3257 2442 3322 prima.
2487 3252 2732 3325 Cumque
2787 3256 3059 3313 audissem
3116 3252 3431 3311 sermonem
3491 3254 3680 3322 istum,

2089 3324 2223 3398 scidi
2253 3326 2472 3394 pallium
2497 3324 2676 3381 meum
2707 3335 2762 3383 et
2785 3329 3048 3393 tunicam,
3078 3339 3132 3384 et
3158 3329 3317 3385 evelli
3347 3328 3575 3398 capillos
3598 3341 3687 3380 ea-

2092 3396 2220 3465 pitis
2264 3399 2370 3451 mei
2412 3409 2469 3453 et
2498 3398 2705 3465 barbw,
2740 3410 2795 3455 et
2840 3400 2958 3455 sedi
2999 3416 3261 3456 numeris.
3290 3396 3682 3454 Convenerunt

2092 3477 2272 3522 autem
2302 3469 2369 3523 ad
2418 3486 2504 3524 me
2551 3485 2766 3535 omnes,
2791 3470 2886 3541 qui
2920 3474 3183 3529 timebant
3212 3472 3436 3527 verbutu
3464 3470 3562 3525 Dei
3599 3468 3678 3523 Is—

2090 3542 2226 3606 rael,
2272 3557 2371 3609 pro
2415 3544 2849 3612 transgressione
2893 3560 3083 3600 eorum
3121 3544 3210 3613 qui
3246 3544 3314 3598 de
3364 3541 3682 3611 captivitate

2089 3623 2373 3693 venerant,
2404 3623 2459 3669 ct
2488 3628 2591 3693 ego
2627 3616 2884 3693 sedebam
2933 3618 3102 3693 tristis
3130 3612 3315 3693 _usque
3363 3615 3449 3693 ad
3472 3612 3681 3669 sacriﬁ-

2089 3686 2233 3738 cium
2269 3686 2635 3756 vespertinum
2672 3704 2683 3739 :
2716 3697 2769 3742 et
2819 3690 2872 3741 in
2910 3686 3180 3744 sacriﬁcio
3219 3688 3531 3756 vespertin
3561 3700 3684 3740 sur-

2088 3758 2205 3810 rexi
2231 3757 2299 3812 de
2320 3755 2774 3824 al‘ﬁictionemca,
2791 3769 2846 3814 et
2868 3761 3042 3815 scisso
3070 3761 3230 3829 pallio
3251 3755 3530 3829 et’tunica,
3554 3772 3680 3812 cur-

2088 3830 2205 3882 vavi
2238 3842 2416 3898 genua
2446 3845 2589 3897 mea,
2615 3841 2670 3885 et
2697 3831 2939 3900 expandi
2972 3828 3168 3887 manus
3200 3843 3350 3885 meas
3379 3829 3447 3884 ad
3494 3828 3679 3883 Domi-

2093 3916 2218 3953 num
2258 3907 2427 3956 Deum
2454 3916 2657 3969 meum,
2691 3912 2745 3959 ct
2785 3904 2935 3958 dixi:
2970 3902 3114 3958 Deus
3154 3918 3332 3967 meus,
3370 3900 3677 3958 confundor

2087 3981 2143 4025 et
2173 3975 2437 4028 erubesco
2482 3972 2663 4029 levare
2696 3974 2887 4029 lacieiu
2946 3991 3118 4031 ttzeﬁlll
3172 3976 3240 4029 ad
3290 3986 3341 4029 te
3374 3991 3388 4028 :
3422 3972 3679 4043 quoniam

2088 4044 2405 4112 iniquitates
2451 4056 2651 4100 nostra:
2697 4048 3074 4116 multiplicatae
3107 4055 3234 4101 sunt
3288 4061 3451 4114 super
3492 4054 3678 4116 caput,

2087 4123 2143 4189 et
2167 4116 2363 4170 delicta
2406 4128 2591 4171 nostra
2641 4113 2935 4174 creverunt
2962 4135 3135 4189 usque
3160 4119 3229 4172 ad
3255 4113 3474 4181 caelum,
3504 4131 3538 4189 a_
3563 4113 3682 4169 die-

2085 4187 2189 4241 bus
2223 4200 2432 4257 patruin
2472 4200 2784 4243 nostrorum
2817 4207 2829 4242 :
2860 4191 2955 4245 sed
2992 4187 3172 4245 et'nos
3200 4190 3299 4257 ipsi
3326 4187 3671 4258 peccavimus

2086 4260 2321 4328 graviter
2351 4275 2521 4331 usque
2551 4261 2616 4316 ad
2635 4261 2779 4314 diem
2808 4262 3040 4325 lianc,ct
3064 4262 3116 4315 in
3142 4260 3520 4330 iniquitatibus
3548 4271 3680 4312 nos-

2090 4333 2187 4385 tris
2218 4331 2399 4386 traditi
2427 4347 2615 4386 sumus
2644 4331 2839 4402 ipsi,et
2868 4347 3025 4402 rcges
3050 4335 3245 4398 nostri,
3279 4338 3335 4387 et
3365 4330 3680 4385 sacerdotes

2087 4403 2282 4467 nostri,
2317 4404 2369 4456 in
2400 4417 2618 4457 manum
2673 4419 2860 4471 regum
2910 4415 3205 4467 terrarum,
3242 4406 3294 4457 in
3326 4402 3591 4474 gladium,
3628 4403 3679 4455 in

2086 4476 2487 4543 captivitatem,
2524 4477 2574 4528 in
2608 4478 2874 4545 rapinam,
2909 4479 3046 4545 etin
3070 4478 3445 4531 coulusionem
3474 4475 3677 4539 vultus,

388 4542 584 4622 nostri,
616 4560 744 4622 quae
784 4547 1055 4622 obtulerat
1097 4563 1190 4603 rex
1242 4549 1717 4622 etcousiliatores
1758 4548 1977 4622 ejus,_et
2006 4555 2063 4622 ι)
2090 4542 2312 4622 εἰοίιιιρι
2340 4547 2429 4601 die
2451 4547 2572 4622 hac.
2607 4542 2832 4622 Et'nunc
2854 4542 3009 4617 quaSi
3043 4563 3231 4622 parum
3261 4557 3314 4602 et
3343 4545 3410 4622 ad
3434 4560 3682 4622 nminem

392 4615 667 4689 principes
697 4616 839 4687 ejus,
872 4620 1268 4689 universusque
1305 4621 1472 4676 Israel
1526 4636 1737 4686 eorum,
1768 4615 1861 4689 qui
1902 4620 1980 4676 in-

389 4688 537 4761 venti
582 4687 802 4761 l'ucrant
834 4707 848 4744 :
876 4698 931 4745 et
976 4687 1211 4761 appendi
1254 4692 1307 4748 in
1354 4692 1606 4749 manibus
1654 4687 1844 4748 eorum
1896 4708 1983 4749 ar-

390 4758 541 4829 genti
572 4760 777 4815 talenta
822 4758 1081 4819 sexcenta
1112 4764 1529 4837 quinquaginta,
1556 4774 1613 4822 et
1642 4778 1772 4822 vasa
1799 4778 1993 4836 argen-

462 4905 486 4934 θ
513 4894 657 4954 Idem
702 4914 809 4982 ms.
844 4900 1009 4982 Plaetli
1061 4902 1241 4982 illaab,
1264 4912 1330 4982 et
1377 4905 1584 4982 {taurae
1634 4922 1737 4978 pro
1779 4910 1933 4968 Zama
1969 4932 1987 4971 :

390 4975 501 5052 tum
551 4975 819 5052 praeponit
864 4975 1328 5052 versiculum,_De
1371 4978 1495 5052 ﬁliis
1534 4975 1718 5037 Adden
1746 4984 1913 5052 Alied,
1933 4990 1983 5043 ei

398 5040 490 5109 qui
520 5040 892 5125 subsequitur,
928 5043 1007 5100 De
1034 5048 1161 5125 ﬁliis
1204 5040 1491 5125 seclteniw,
1520 5062 1654 5120 etc.,
1701 5055 1796 5125 qui
1839 5040 1990 5113 ama;

400 5113 688 5194 nuensium
723 5123 806 5170 est
828 5113 1354 5194 lapsuleiezeeliiei
1374 5113 1587 5191 quoque
1616 5113 1989 5194 pro'Ezecliiel
2008 5158 2027 5167 λ

390 5200 514 5237 mox
543 5185 710 5269 legit,
734 5197 789 5242 et
835 5185 995 5269 paulo
1019 5200 1145 5269 post.
1178 5185 1801 5269 Aeedia'ﬁlittsﬂchiel,
1834 5185 1989 5257 deni-

393 5269 502 5339 qule
522 5255 731 5339 Ezead,
767 5255 863 5329 pro
887 5255 1090 5339 lisqdd,
1109 5275 1169 5339 et
1193 5255 1532 5339 Secetau'pro
1560 5255 1808 5326 Eccetait:

462 5325 488 5365 ι)
522 5326 742 5413 Regina:
762 5325 865 5411 ius.
891 5325 1140 5413 aetnaei,
1159 5336 1247 5413 ubi
1269 5345 1327 5413 et
1352 5325 1507 5413 notat
1531 5339 1599 5413 de
1614 5325 1982 5413 subsequenti

390 5398 611 5475 nomine
645 5401 903 5475 Sqmaias,
932 5406 1075 5475 quod
1118 5398 1241 5460 alibi
1292 5408 1537 5464 Ramaz'as
1571 5412 1789 5470 dicitur.
1813 5398 1984 5471 'Prm;

392 5480 542 5550 terea
569 5468 814 5550 ΖιιιξσΙιιιι·Δ
833 5468 964 5530 ωηί
986 5483 1205 5547 gemino
1232 5496 1260 5533 ο
1289 5479 1415 5550 legit
1442 5499 1453 5534 :
1488 5481 1543 5536 in
1574 5481 1739 5539 Hebr.
1761 5468 1814 5541 el

391 5556 457 5625 eo
498 5541 1109 5625 Zabud_scriptuin'est.
1143 5541 1503 5622 llieronvyinus
1549 5557 1694 5625 quod
1743 5569 1797 5614 et
1845 5541 1986 5616 Mar-

391 5616 918 5698 tiaiizeusmbservat,
945 5630 997 5698 :t
1013 5637 1110 5690 pro
1134 5635 1165 5680 3
1186 5663 1201 5687 ,
1235 5633 1290 5680 et
1312 5616 1465 5698 {pro
1483 5640 1522 5683 ’π
1542 5616 1769 5698 accepit.

469 5683 579 5774 e-In
612 5686 851 5774 [.[eprgPo‘
874 5683 1137 5774 hodierno
1164 5683 1286 5774 ira}
1322 5683 1504 5774 Zebiid
1536 5683 1799 5774 legimus,
1837 5705 1980 5774 quod

391 5756 746 5828 Septuaginta
775 5761 1105 5833 lnterpretes
1132 5756 1297 5841 etiam
1327 5756 1979 5841 legebantVZa6033.1tlie:

394 5842 651 5899 ronyiuus
680 5844 897 5891 econtra
929 5851 1026 5907 pro
1056 5847 1116 5909 :1,
1165 5838 1278 5896 bctli
1296 5882 1310 5914 ,
1344 5838 1403 5898 iii
1427 5843 1544 5900 suis
1574 5847 1979 5918 exemplaribus

2100 4629 2209 4672 tuin
2240 4619 2378 4673 facta
2403 4618 3011 4688 estdeprecatinnostra
3034 4622 3176 4689 apud
3211 4619 3493 4672 Dominum
3515 4617 3683 4689 Deum

2097 4696 2367 4756 nostrum,
2390 4699 2462 4761 ut
2490 4687 2897 4747 dimitterentur
2934 4687 3095 4747 nobis
3142 4691 3403 4761 reliquitc,
3434 4700 3488 4761 et
3524 4687 3682 4742 dare-

2101 4775 2186 4821 tur
2208 4761 2365 4818 nobis
2390 4758 2415 4798 ιι
2446 4762 2678 4833 paxillus
2706 4762 2758 4818 in
2792 4764 2914 4821 Ioco
2938 4772 3128 4819 sancto
3152 4758 3290 4833 ejus,
3326 4768 3384 4817 et.
3411 4760 3683 4816 illumina-

2094 4910 2337 4969 Hebraeis
2370 4907 2584 4979 legebat
2613 4908 2854 4979 χωρή,
2885 4917 2941 4963 et
2966 4916 3020 4969 τ.
3046 4904 3213 4975 rescli,
3246 4890 3344 4979 pro
3373 4920 3436 4974 -ι,
3464 4906 3639 4961 dalelli
3666 4949 3681 4975 ,

2090 4996 2213 5045 ἾὈῖ
2248 4978 2490 5047 Zacltur,
2522 4994 2629 5036 non
2660 4978 2864 5035 Zabud.
2893 4980 3074 5035 MART.

2164 5058 2204 5123 ,ά
2235 5055 2334 5110 llic
2390 5062 2555 5123 atque
2598 5050 2737 5106 infra
2786 5052 2975 5107 Havua
3017 5066 3115 5123 pro
3153 5049 3318 5115 Aura,
3354 5058 3411 5106 et
3435 5049 3686 5105 Mesolam

2092 5122 2193 5201 pro
2222 5123 2504 5201 2Mosellam
2530 5123 2832 5201 iqlieginte
2862 5141 2968 5179 ms.
2994 5122 3105 5201 legi
3116 5133 3221 5201 tur.

2169 5211 2193 5240 ε
2222 5199 2370 5270 Idem
2405 5213 2536 5270 nis...
2562 5193 2783 5253 Sabiam
2827 5210 2928 5268 pro
2969 5193 3236 5263 Ambiani,
3269 5203 3324 5250 et
3351 5193 3536 5250 Saiam
3586 5207 3687 5264 pro

2092 5270 2295 5328 Isaiam
2319 5269 2559 5341 praefert.

2172 5344 2192 5385 ί
2223 5337 2409 5399 Priora
2439 5342 2555 5399 hac
2581 5340 2769 5409 verba,
2799 5338 3161 5397 Promovimus
3190 5355 3334 5410 ergo,
3367 5338 3421 5394 in
3464 5337 3687 5409 Regina:

2090 5429 2197 5474 nis.
2226 5414 2629 5473 desiderantur.
3244 5436 3245 5439 η

2165 5500 2188 5538 8
2216 5488 2316 5545 Hic
2347 5488 2547 5543 iterum
2573 5501 2758 5551 voces,
2791 5496 2840 5541 et
2883 5502 3007 5542 vasa
3038 5500 3160 5557 qua
3192 5485 3245 5539 in
3290 5483 3455 5539 Ilcbr.
3503 5490 3684 5557 tamen

2089 5572 2237 5628 sunt,
2266 5558 2487 5630 Reginae
2520 5573 2623 5614 ms.
2666 5558 2889 5614 omittit.
2937 5551 3071 5614 Mox'
3102 5557 3323 5613 Remoth
3364 5568 3468 5626 pro
3509 5551 3684 5607 Here-

2087 5634 2439 5775 "‘"l’h'é’g‘iiis
2478 5717 2585 5759 ms.
2611 5719 2716 5775 ραπ
2754 5701 2899 5759 illitis
2927 5701 3091 5758 habet
3120 5699 3332 5775 duobus
3356 5695 3685 5775 _verliis_pr0

2084 5767 2340 5907 paxill‘tts',
2369 5790 2535 5849 quem
2577 5767 2820 5835 errorem
2865 5776 2959 5835 alii
3000 5788 3218 5846 quoque
3250 5770 3428 5829 Latini
3467 5767 3685 5826 codices

2084 5863 2243 5907 errati
2273 5886 2289 5906 .

2081 5863 2289 5908 errant.

2798 5974 2837 6005 Ο
