4062 6348
443 214 584 274 Ηίδ

1438 207 1499 267 S.
1544 204 1929 267 IIIEIIONYMI
1968 199 2202 265 DIVINA
2241 204 2715 264 BiBLIOTIIECA.

3600 207 3747 269 “l6

437 343 524 390 ret
550 328 739 388 oculos
766 333 987 385 nostros
1016 323 1160 382 Deus
1182 329 1391 389 noster,
1420 332 1476 380 et
1499 322 1652 379 daret
1681 324 1841 379 nobis
1863 323 2028 379 vitam
2060 327 2111 387 Α
2138 319 2395 392 placitum
2424 320 2563 390 ejus,
2594 328 2649 375 et
2678 316 3009 391 separaniini
3046 333 3075 374 a
3104 320 3319 391 populis
3347 328 3530 387 terrm,
3581 336 3636 379 et
3677 328 3753 379 ab

440 404 713 462 modicam
745 402 799 456 in
844 400 1107 455 servitute
1149 405 1358 458 nostra,
1390 397 1517 465 quia
1562 396 1703 451 servi
1736 411 1950 461 sutnus,
1978 406 2035 451 et

442 480 498 534 in
522 476 780 533 servitute
828 482 1012 527 nostra
1052 485 1159 525 non
1192 468 1482 537 dereliquit
1511 482 1610 523 nos
1644 468 1785 523 Deus
1824 478 2032 531 noster,

442 550 538 605 sed
569 545 849 602 inclinavit
878 556 1043 613 super
1076 557 1173 596 nos
1204 540 1633 594 misericordiam
1657 612 1662 613 γ
1683 554 1867 613 caram
1903 556 2035 613 rege

444 622 758 682 Persarum,
782 622 843 671 ut
889 611 1045 670 daret
1093 613 1250 667 nobis
1279 614 1469 676 vitam,
1501 622 1556 665 et
1585 611 1906 665 SIIIilillial‘Cl
1932 611 2033 664 dn-

443 706 592 749 mum
640 689 737 743 Dei
768 687 959 751 nostri,
992 694 1048 741 et
1092 692 1400 740 exstrueret
1439 682 1759 737 solitudines
1802 683 1942 752 ejus,
1984 692 2037 736 et

444 761 769 819 daretnobis
781 767 995 829 sepem“
1012 755 1214 812 inJuda
1237 764 1292 810 et
1309 755 1637 829 Jerusalem.
1660 753 1725 829 Et
1746 756 2035 829 nunc-quid

443 836 707 896 dicemus,
741 824 884 887 Deus
912 838 1119 894 noster,
1155 835 1279 897 post
1308 826 1462 881 hate?
1490 828 1615 896 quia
1644 824 2036 894 dereliquimus

446 906 699 963 mandata
744 915 859 971 tua,
891 916 1013 972 qum
1061 900 1369 972 praecepisti
1407 900 1480 972 _in
1542 912 1704 972 manu
1749 912 2034 952 servorum

452 988 667 1032 tuorum
699 969 1111 1046 prophetarum,
1143 971 1334 1046 dicens
1362 987 1375 1023 :
1406 969 1595 1032 Terra,
1623 970 1697 1046 ad
1744 984 1907 1046 quain
1942 983 2037 1021 vos

446 1041 883 1117 ingrediniini’ut
913 1044 1251 1117 possidentis
1266 1057 1411 1109 eam,
1448 1050 1589 1097 terra
1623 1041 1897 1095 immunda
1930 1050 2037 1104 est,

443 1116 596 1192 juxta
650 1116 1414 1192 immunditiam__populorutn
1465 1122 1897 1192 creterarutnqne
1930 1122 2051 1166 ter-.

448 1185 658 1256 rarum,
681 1187 1180 1245 aboininationibus
1205 1200 1395 1241 eorum
1423 1186 1516 1255 qui
1549 1185 1899 1256 repleverunt
1916 1197 2037 1239 eam

448 1266 516 1318 ab
559 1254 655 1318 ore
699 1276 869 1331 usque
898 1261 963 1314 ad
996 1274 1059 1314 os
1085 1254 1530 1331 coinquinatiOne
1559 1270 1677 1331 sua.
1708 1254 1861 1311 Nunc
1903 1269 2035 1324 ergo

453 1336 591 1391 ﬁlias
615 1327 840 1407 vestras
856 1346 923 1387 ne
951 1331 1101 1407 detis
1120 1327 1246 1384 ﬁliis
1277 1343 1490 1393 eorum,
1515 1336 1570 1383 et
1597 1327 1733 1407 ﬁlias
1760 1342 1946 1381 eorum
1973 1342 2039 1381 ne

452 1406 737 1476 accipiatis
768 1402 893 1459 ﬁliis
937 1405 1157 1481 yeSIris,
1193 1408 1248 1456 et
1278 1416 1385 1455 non
1422 1402 1681 1481 qumratis
1714 1413 1900 1481 pacem
1945 1412 2040 1453 eo-

450 1474 599 1543 rum,
626 1486 679 1532 et
710 1474 1124 1547 prosperitatem
1169 1487 1382 1547 eorum,
1415 1486 1587 1547 usque
1636 1474 1688 1525 in
1730 1480 1991 1525 internum
2023 1486 2037 1523 :

450 1559 509 1605 ut
532 1542 939 1611 cenfortemini,
966 1560 1022 1601 et
1042 1543 1340 1601 comedatis
1372 1560 1491 1611 qua:
1516 1542 1655 1596 bona
1696 1551 1825 1595 sunt
1856 1552 2038 1607 terrae,

452 1630 506 1676 et
535 1614 780 1675 ltzeredes
806 1619 1054 1672 habeatis
1087 1616 1226 1670 lilios
1255 1624 1465 1669 vestros
1491 1628 1660 1683 usque
1678 1615 1729 1667 in
1754 1613 2037 1668 saeculum.

452 1693 521 1748 Et
553 1702 679 1764 pust
719 1691 899 1764 omnia
924 1704 1045 1761 qure
1072 1695 1351 1764 venerunt
1378 1701 1542 1756 super
1570 1700 1670 1740 nos
1702 1685 1757 1740 in
1784 1686 2043 1764 Oper-ibus

453 1758 653 1819 nostris
680 1758 957 1834 pessimis,
986 1770 1040 1815 et
1071 1760 1123 1834 in
1147 1759 1345 1834 delicto
1372 1769 1568 1834 nostro
1586 1773 1805 1827 magno,
1835 1758 1958 1825 quia
1988 1769 2040 1810 tu

454 1837 595 1892 Deus
641 1830 828 1890 noster
866 1833 1107 1887 liberasti
1156 1846 1255 1885 nos
1296 1830 1365 1885 de
1405 1830 1689 1899 iniquitate
1736 1837 1955 1893 nostra,
1996 1838 2051 1882 et

452 1908 649 1962 dedisti
683 1906 837 1961 nobis
866 1906 1098 1960 salutem
1127 1906 1267 1957 sicut
1288 1910 1375 1957 est
1397 1902 1582 1965 hodie,
1605 1910 1663 1953 ut
1689 1916 1797 1955 non
1824 1914 2052 1956 conver-

448 1988 691 2035 terentur
720 1988 773 2032 et
823 1978 975 2031 irrita
1028 1977 1327 2029 faceremus
1375 1973 1624 2027 mandata
1678 1981 1806 2036 tua,
1876 1986 2050 2041 neque

453 2048 797 2106 matrimonii
819 2048 1174 2117 jungereinns
1192 2060 1315 2099 cum
1348 2044 1560 2114 populis
1586 2044 2051 2098 abominationnm

454 2123 704 2176 istarum.
737 2116 1007 2186 Numquid
1034 2119 1204 2171 iratus
1231 2132 1290 2170 es
1316 2117 1476 2170 nobis
1507 2130 1677 2184 usque
1705 2116 1769 2167 ad
1796 2130 2055 2170 consum-

457 2193 855 2256 inatinnem,ne
884 2190 1190 2244 diniitteres
1224 2188 1379 2243 nobis
1407 2186 1664 2255 reliquias
1686 2186 1751 2240 ad
1785 2187 2053 2241 salutem?

457 2264 687 2319 Domine
718 2264 859 2317 Deus
887 2261 1092 2325 Israel,
1122 2260 1306 2329 justus
1337 2272 1396 2313 es
1426 2269 1479 2312 tu
1515 2275 1528 2312 :
1558 2259 1811 2328 quoniam
1854 2258 2056 2312 dereli-

456 2340 527 2391 cti
552 2334 869 2404 snmus,qui
896 2332 1234 2386 salvareniur
1255 2332 1397 2404 sicut
1425 2330 1515 2385 die
1540 2334 1660 2404 hac.
1684 2330 1843 2404 Ecce,
1868 2344 2053 2384 coram

460 2418 512 2462 te
558 2421 752 2461 sumus
798 2402 850 2460 in
880 2404 1079 2458 delicto
1111 2412 1323 2459 nostro.
1354 2402 1473 2458 Non
1500 2402 1647 2458 enim
1693 2403 1827 2457 stari
1877 2412 2055 2473 potest

461 2494 646 2535 coram
681 2486 733 2532 te
754 2490 921 2547 super
951 2474 1077 2531 hoc.
1184 2486 1187 2489 ‘

532 2548 686 2622 [(ὶιιρἶ
739 2544 839 2619 X.I
871 2547 977 2622 Sic_
1013 2560 1144 2617 ergo
1187 2551 1381 2600 orante
1428 2544 1587 2613 Ezra,
1634 2554 1688 2622 e_t
1733 2545 2058 2622 implorante

460 2617 551 2688 eo,
582 2617 639 2677 et
664 2617 848 2688 ﬂente,
882 2628 938 2673 et
961 2618 1177 2689 iacente
1206 2626 1330 2672 ante
1360 2622 1618 2688 templum
1648 2617 1767 2682 Dei,
1794 2620 2058 2673 collectus

458 2705 544 2749 est
569 2693 634 2747 ad
663 2707 789 2747 eum
814 2695 884 2747 de
910 2689 1075 2745 Israel
1104 2700 1277 2744 castus
1306 2690 1523 2759 grandis
1546 2692 1707 2744 nimis
1738 2692 1976 2744 viruiuni
2005 2698 2061 2743 et

462 2764 753 2820 mulierum
808 2772 865 2819 et
919 2776 1235 2833 puerorum,
1288 2770 1345 2816 et
1405 2761 1845 2833 Devitrpopulus
1889 2765 2059 2815 multo

458 2837 609 2891 ﬁetu.
645 2837 711 2891 Et
750 2831 1031 2905 respondit
1067 2831 1369 2905 Sechenias
1410 2832 1554 2887 ﬁlius
1580 2831 1607 2871 δ
1642 2832 1776 2887 Jeiel
1817 2832 1884 2887 de
1936 2833 2059 2888 ﬁliis

465 2908 656 2975 Elam,
709 2916 765 2961 et
815 2902 950 2961 dixit
998 2903 1193 2959 Esi-az:
1244 2902 1354 2959 Nos
1404 2905 1741 2972 praevaricati
1785 2919 1972 2969 sumus
2007 2905 2060 2959 in

466 2974 649 3034 Donni
677 2986 949 3044 nostrum,
996 2986 1051 3032 et
1099 2976 1351 3029 duximus
1379 2989 1578 3031 uxores
1621 2974 1953 3046 alienigenas
1995 2977 2063 3031 de

463 3052 688 3122 populis
715 3062 900 3115 terrae,
942 3057 997 3103 et
1035 3062 1196 3122 nunc,
1248 3047 1294 3122 s_i
1324 3057 1407 3122 est
1446 3048 1762 3122 poenitentia
1802 3048 1854 3122 in
1898 3048 2063 3122 Israel

2137 393 2401 447 uxoribus
2432 393 2778 461 alienigenis.
2825 392 2889 446 Et
2943 393 3226 462 reSpondit
3266 394 3521 449 universa
3567 400 3755 451 multi-

2140 464 2301 532 tudo,
2344 464 2587 533 dixitque
2634 477 2769 519 voce
2817 478 3009 534 magna
3052 481 3067 518 :
3112 465 3280 520 Juxta
3328 466 3554 522 verbum
3599 480 3753 524 tuuni

2138 538 2205 590 ad
2236 551 2357 600 nos,
2390 534 2469 589 sie
2498 539 2606 589 ﬁat.

2212 607 2599 681 Verumtamen
2640 607 2764 681 quia
2805 606 3037 676 pepulus
3068 608 3275 662 multus
3305 618 3410 675 est,
3438 619 3494 665 et
3537 620 3755 681 tempus

2142 679 2364 753 pluviae,
2396 688 2451 733 et
2478 694 2585 753 non
2628 679 3155 753 sustinentussmre
3189 682 3344 748 foris,
3379 693 3437 738 et
3468 698 3601 753 opus
3642 679 3753 738 non

2139 750 2368 825 estrdiei
2402 749 2561 825 unius
2602 751 2683 805 vel
2713 750 2942 825 duorum
2973 750 3357 825 (vehementer
3393 749 3592 825 quippe
3625 771 3758 825 pec-

2141 822 2384 895 cavimus
2415 822 2467 875 in
2491 836 2747 895 sermone
2790 822 2922 892 isto)
2962 824 3368 878 constituantur
3399 822 3672 895 principes
3699 831 3757 882 in

2138 894 2396 947 universa
2426 892 2817 947 multitudine:
2868 904 2924 947 et
2966 908 3160 949 omnes
3195 899 3247 948 in
3293 892 3609 952 civitatibus
3659 916 3760 952 nn-

2140 966 2268 1019 stris
2312 964 2404 1035 qui
2452 965 2727 1037 duxerunt
2774 979 2976 1019 uxores
3021 966 3382 1037 alienigenas,
3428 970 3647 1024 veniant
3700 973 3759 1024 in

2142 1035 2757 1110 temporibusstatutis,
2799 1046 2855 1110 et
2880 1050 3004 1110 eum
3041 1038 3124 1092 bis
3154 1035 3400 1093 seniores
3424 1054 3520 1110 per
3563 1041 3758 1095 civita-

2142 1115 2266 1180 tein
2298 1116 2354 1162 et
2396 1106 2697 1171 civitatem,
2729 1117 2785 1180 et
2819 1107 3032 1177 judices
3060 1110 3201 1180 ejus,
3255 1106 3439 1167 donec
3478 1122 3764 1168 avertatur

2142 1180 2219 1233 ira
2252 1179 2346 1233 Dei
2377 1180 2548 1250 nostri
2578 1194 2607 1231 a
2641 1179 2796 1250 nobis
2825 1196 2991 1249 super
3020 1179 3246 1250 peccato
3274 1184 3396 1237 hoc.

2215 1250 2381 1320 Igitur
2418 1249 2691 1306 Junatban
2720 1249 2863 1305 lilius
2902 1249 3089 1317 Λυσι,
3120 1263 3176 1307 et
3214 1253 3393 1308 Jaasia
3427 1254 3570 1311 ﬁlius
3616 1256 3764 1311 'I‘lie-

2142 1336 2265 1387 cue,
2317 1329 2588 1377 steterunt
2627 1336 2792 1393 super
2822 1323 2947 1386 lioc,
2996 1335 3053 1377 et
3090 1325 3368 1380 Mosollam
3399 1336 3455 1381 et
3496 1328 3759 1383 Sebetiiai

2144 1393 2362 1467 Levites
2392 1393 2718 1467 adjuverunt
2744 1408 2841 1449 eos
2873 1413 2884 1448 :
2920 1394 3300 1467 Feceruntque
3344 1399 3423 1453 sic
3449 1400 3541 1453 lilii
3584 1411 3765 1454 trans-

2145 1465 2501 1534 migrationis.
2550 1464 2617 1520 Et
2662 1466 2967 1529 abierunt,
3009 1467 3181 1522 Ezras
3214 1464 3501 1535 sacerdos,
3558 1472 3661 1526 viri
3709 1483 3765 1527 et

2147 1539 2419 1607 principes
2451 1539 2805 1610 familiarum,
2839 1538 2891 1591 in
2925 1539 3147 1593 domum
3177 1550 3388 1610 patrum
3419 1556 3669 1608 suorum,
3706 1557 3765 1598 et

2146 1623 2339 1684 omnes
2393 1623 2508 1684 per_
2533 1607 2752 1684 nomina
2791 1622 2910 1676 sua,
2952 1619 3009 1664 et
3044 1607 3303 1666 sederunt
3352 1615 3404 1667 in
3445 1614 3537 1669 die
3587 1618 3765 1684 primo

2150 1680 2357 1735 mensis
2393 1679 2590 1734 decimi
2632 1692 2692 1751 ut
2734 1691 3044 1751 quaererent
3095 1698 3231 1738 rem.
3283 1686 3349 1739 lit
3393 1679 3765 1742 consummati

2152 1762 2279 1805 sunt
2307 1766 2504 1829 omnes
2542 1750 2667 1816 viri,
2699 1750 2810 1829 _qui
2852 1752 3120 1808 duxerant
3154 1770 3353 1829 uxores
3400 1757 3763 1829 alienigenas,

2155 1839 2325 1893 usque
2354 1823 2421 1877 ad
2452 1822 2599 1895 diem
2633 1822 2861 1893 primam
2891 1829 3094 1880 mensis
3122 1828 3301 1895 primi.

2226 1898 2293 1949 Et
2324 1894 2680 1970 inventisunt
2710 1894 3339 1970 detiliissacerdntuni,
3371 1900 3468 1970 qui
3496 1900 3767 1957 duxerant

2157 1980 2358 2021 uxores
2387 1967 2742 2037 alienigenas.
2788 1968 2863 2022 De
2904 1968 3026 2021 liliis
3076 1968 3241 2024 Josue
3282 1967 3679 2038 iilii'Josedec,
3713 1986 3767 2029 et

2156 2038 2354 2092 fratres
2386 2040 2525 2107 ejus,
2553 2041 2777 2105 Maasia,
2803 2046 2858 2093 et
2889 2040 3121 2105 Eliezer,
3151 2052 3204 2095 et
3233 2041 3402 2108 .Iarib,
3436 2055 3491 2098 et
3512 2044 3761 2101 Godolia.

2158 2110 2224 2164 Et
2252 2109 2522 2165 dederunt
2549 2126 2741 2167 manus
2772 2125 2896 2165 suas
2928 2120 2986 2165 ut
3012 2113 3273 2182 ejicerent
3296 2130 3494 2169 uxores
3518 2131 3668 2177 suas.
3707 2131 3761 2172 et

2159 2196 2255 2249 pro
2283 2182 2485 2237 delicto
2514 2196 2615 2239 suo
2658 2183 2885 2238 arietem
2927 2183 2997 2237 de
3039 2184 3232 2239 ovibus
3276 2188 3561 2241 otI'errent.
3604 2190 3671 2241 Et
3698 2192 3765 2242 de

2156 2254 2282 2308 Iiliis
2312 2254 2555 2321 Eultnet',
2597 2256 2797 2319 Ariani,
2825 2264 2881 2309 ct
2907 2254 3163 2311 Zcbcdia.
3214 2258 3277 2310 Et
3304 2258 3375 2312 de
3418 2260 3544 2313 liliis
3588 2264 3761 2323 Al‘llll,

2162 2336 2183 2363 ε
2218 2324 2437 2392 Maasia,
2472 2336 2528 2380 et
2559 2329 2697 2393 Elia,
2726 2338 2780 2382 et
2808 2326 3047 2391 Semeia,
3080 2337 3135 2382 et
3162 2327 3359 2394 Jeliiel,
3394 2342 3448 2384 et
3474 2330 3651 2386 Ozias.
3698 2332 3764 2386 Et

2157 2396 2228 2452 de
2256 2397 2380 2452 ﬁliis
2411 2398 2679 2466 I’ltesliur,
2725 2399 2993 2464 Elioenai,
3023 2399 3246 2468 Maasia,
3293 2400 3509 2468 lsmael,
3566 2404 3764 2457 Natlia-

2159 2469 2303 2536 nacl,
2331 2468 2593 2539 Jozabed,
2626 2481 2680 2526 et
2726 2471 2909 2525 Elasa.
2943 2472 3010 2525 lit
3038 2471 3107 2526 dc
3137 2472 3258 2526 ﬁliis
3295 2472 3631 2538 Levitarum,
3675 2477 3766 2530 Ju-

2158 2540 2352 2607 zabed,
2384 2550 2440 2595 et
2470 2544 2672 2609 Seinei,
2705 2553 2764 2597 et
2800 2542 3001 2609 tlelaia,
3034 2548 3149 2612 ipse
3173 2556 3257 2598 est
3284 2543 3485 2611 Calita,
3522 2546 3761 2611 l’bataia,

2160 2612 2317 2678 Juda,
2361 2621 2417 2667 et
2462 2612 2696 2669 Eliezer.
2732 2614 2801 2668 Et
2836 2616 2905 2669 de
2940 2615 3252 2669 contoribus
3276 2654 3291 2679 ,
3322 2616 3550 2671 Eliasib.
3602 2619 3668 2671 Et
3696 2621 3765 2673 de

2157 2685 2506 2754 janitoribus,
2534 2686 2765 2753 Selium,
2797 2694 2853 2741 et
2881 2685 3090 2753 Teleni,
3123 2696 3178 2741 et
3206 2687 3320 2742 Uri.
3368 2687 3435 2742 Et
3465 2705 3531 2743 ex
3579 2688 3763 2755 Israel,

2162 2758 2231 2810 de
2266 2758 2391 2811 ﬁliis
2423 2756 2651 2821 I’baros,
2692 2758 2938 2826 ttemeia,
2989 2769 3045 2813 et
3090 2758 3260 2823 .lezia,
3311 2768 3368 2812 et
3411 2760 3664 2825 hleleliia,
3713 2773 3768 2817 et

2165 2828 2406 2895 Miamin,
2434 2840 2488 2883 ct
2516 2829 2751 2894 Eliezer,
2782 2841 2835 2884 et
2858 2830 3111 2895 Melcliia,
3140 2842 3194 2884 et
3224 2830 3426 2885 Iianea.
3456 2832 3523 2886 Et
3547 2834 3614 2887 de
3644 2837 3769 2887 liliis

2165 2900 2345 2967 Elam,
2378 2900 2664 2966 Mathania,
2710 2901 3025 2965 Zacharias,
3076 2914 3131 2956 et
3159 2902 3358 2969 .leliiel,
3409 2914 3467 2958 et
3508 2906 3669 2970 Abdi,
3714 2917 3769 2959 et

2165 2972 2454 3039 Jerimotb,
2488 2982 2542 3027 et
2570 2974 2707 3027 Elia.
2742 2973 2811 3028 Et
2833 2973 2902 3029 de
2930 2976 3054 3029 ﬁliis
3084 2973 3275 3042 Zetba,
3311 2974 3579 3043 Eiioenai,
3623 2978 3765 3031 Elia-

2168 3043 2273 3107 sib,
2302 3043 2593 3110 Matbania,
2617 3056 2670 3100 et
2693 3044 2987 3114 .Ierimutii,
3013 3057 3067 3101 et
3092 3045 3299 3111 Zabed,
3324 3056 3378 3101 et
3398 3046 3583 3104 Aziza.
3617 3052 3680 3104 Et
3702 3051 3769 3103 de

460 3116 625 3192 super
680 3121 819 3188 hoc,
858 3120 1223 3203 percutiamus
1263 3116 1461 3202 .fmdus’
1490 3135 1612 3175 eum
1670 3120 1898 3203 Domino
1956 3121 2066 3203 Deo
2091 3120 2137 3183 C
2171 3116 2820 3203 ﬁliisﬁeb‘ai,.Jobanari,
2872 3119 3119 3203 Ananiai,_
3156 3117 3647 3203 unmeaning.

464 3191 676 3261 nostro,
717 3204 777 3249 ut
809 3191 1157 3263 projiciamus
1189 3191 1476 3246 universas
1510 3206 1732 3263 uxores,
1766 3200 1821 3245 et
1850 3206 1945 3247 eos
1972 3194 2062 3262 qui

463 3266 533 3320 de
566 3266 647 3321 liis
675 3266 784 3320 nati
812 3262 959 3329 sunt,
1018 3263 1168 3333 juxta
1197 3263 1523 3333 voluntatem
1553 3262 1765 3318 Domini
1792 3272 1851 3317 et
1876 3278 2064 3319 eorum

461 3338 552 3408 qni
578 3339 767 3392 timent
794 3332 1123 3407 praeceptum
1153 3332 1376 3408 Domini
1393 3334 1487 3390 Dei
1515 3335 1686 3389 nostri
1718 3350 1732 3391 :
1763 3337 2062 3390 secundum

466 3406 639 3478 legem
672 3406 1010 3478 ﬁat.'Surge,
1044 3416 1194 3460 tuum
1224 3406 1666 3478 cst‘decernet‘c,
1708 3422 1917 3477 nosque
1951 3410 2064 3463 eri-

469 3475 590 3535 mus
615 3491 791 3536 tecum
820 3498 834 3536 :
866 3475 1199 3544 enni‘ortare,
1230 3486 1286 3532 et
1313 3475 1416 3532 fac.

540 3551 787 3609 Surrexit
828 3566 956 3621 ergo
982 3550 1169 3615 Ezras,
1208 3558 1263 3604 et
1289 3549 1558 3622 adjuravit
1586 3548 1862 3622 principes
1883 3566 2067 3607 sacer-

464 3624 649 3679 dotunt
678 3636 735 3680 et
770 3620 1106 3688 Levi’tarum,
1139 3629 1196 3677 el.
1240 3634 1454 3676 omnem
1495 3620 1683 3687 Israel,
1725 3620 1783 3677 ut
1826 3621 2067 3679 facerent

469 3694 767 3750 secundum
810 3696 1033 3750 verbum
1078 3694 1201 3759 hoc,
1237 3703 1291 3747 et
1326 3692 1665 3761 juraverunt.
1725 3694 1789 3748 Et
1828 3696 2064 3750 surrexit

467 3766 641 3820 Ezras
669 3776 795 3820 ante
816 3764 1039 3819 domum
1074 3765 1189 3829 Dei,
1218 3772 1271 3819 et
1312 3765 1445 3819 abiit
1469 3766 1535 3819 ad
1567 3765 1872 3820 cubiculum
1903 3765 2068 3821 Julia-

468 3851 592 3891 nam
634 3836 730 3891 ﬁlii
760 3836 988 3903 Eiiasib,
1029 3844 1084 3890 et
1126 3839 1400 3904 ingressus
1430 3848 1514 3891 est
1554 3836 1703 3901 illuc,
1734 3851 1929 3907 panem
1959 3853 2064 3892 non

466 3907 724 3975 comedit,
751 3918 806 3963 et
834 3922 1027 3978 aquam
1056 3922 1160 3961 non
1191 3907 1325 3980 bibit
1360 3923 1375 3963 :
1406 3907 1776 3980 lugebateniin
1805 3910 1856 3963 in
1894 3919 2067 3964 trans-

468 3981 758 4049 gressione
800 3994 991 4034 eorum
1023 4021 1038 4046 ,
1080 3980 1171 4047 qui
1222 3979 1289 4033 de
1323 3979 1639 4048 captivitate
1666 3991 1949 4035 venerant.
2002 3982 2069 4036 Et

470 4050 637 4107 missa
667 4058 752 4107 est
790 4065 896 4105 vox
940 4052 991 4104 in
1046 4049 1205 4117 Iuda,
1265 4056 1319 4104 et
1370 4052 1423 4104 in
1466 4052 1765 4106 Jerusalem
1816 4053 2068 4108 omnibus

473 4121 598 4178 ﬁliis
627 4123 1144 4193 transmigrationis,
1192 4129 1249 4175 ut
1272 4134 1735 4193 congregarentur
1768 4124 1818 4176 in
1848 4122 2067 4179 Jerusa-

472 4193 580 4249 lem
616 4211 629 4248 :
669 4203 726 4251 et
771 4192 951 4249 omnis
1013 4194 1109 4265 qui
1156 4209 1262 4248 non
1295 4194 1508 4248 venerit
1546 4197 1609 4265 in
1658 4192 1835 4249 tribus
1878 4198 2068 4252 diebus

466 4266 619 4337 juxta
649 4266 937 4322 consilium
983 4267 1285 4336 principum
1334 4274 1389 4319 et
1439 4264 1747 4333 seniorum,
1792 4266 2070 4324 auieretnr

474 4336 726 4394 universa
756 4338 1057 4393 subetantia
1100 4339 1242 4407 ejus,
1272 4346 1326 4392 et
1355 4338 1470 4409 ipse
1496 4337 1784 4408 abjieietur
1825 4338 1896 4394 de
1924 4352 2067 4396 ccetu

478 4410 989 4478 transmigrationis.

546 4478 930 4536 Convenerunt
972 4480 1133 4551 igitur
1171 4495 1360 4536 omnes
1395 4481 1496 4536 viri
1530 4479 1667 4537 Juda
1696 4489 1750 4538 et
1784 4481 2065 4553 Benjamin

474 4553 527 4607 in
558 4553 855 4625 Jerusalem
891 4553 1061 4608 tribus
1092 4553 1304 4619 diebus,
1351 4553 1468 4622 ipse
1505 4562 1590 4609 est
1622 4552 1825 4610 mensis
1863 4552 2063 4625 nonus,

474 4625 736 4697 vigesimo
784 4623 874 4680 die
912 4628 1173 4697 mensis:
1216 4634 1271 4679 et
1322 4626 1463 4679 sedit
1512 4627 1690 4681 omnis
1743 4628 1973 4697 populus
2014 4623 2066 4686 in

475 4698 653 4770 platea
679 4696 874 4770 domus
907 4696 1021 4763 Dei,
1054 4702 1348 4770 trementes
1376 4710 1475 4767 pro
1490 4706 1722 4770 peccato
1749 4696 1827 4753 et
1850 4700 2067 4770 pluviis.

476 4768 541 4822 Et
572 4768 807 4822 surrexit
838 4768 1003 4822 Ezras
1048 4767 1323 4835 sacerdos,
1372 4776 1430 4824 et
1472 4768 1610 4824 dixit
1655 4768 1723 4824 ad
1771 4767 1915 4826 eos:
1965 4773 2072 4829 Vos

477 4842 802 4912 transgressi
830 4842 985 4910 estis,
1018 4850 1093 4912 et,
1118 4840 1350 4912 duxistis
1380 4855 1578 4897 uxores
1621 4841 1980 4912 alienigenas,
2014 4854 2073 4901 iit

474 4910 748 4966 adderetis
788 4925 951 4982 super
988 4911 1246 4968 delictum
1277 4910 1463 4969 Israel.
1506 4915 1570 4968 Et
1596 4927 1740 4969 nunc
1783 4910 1907 4970 date
1939 4931 2074 4973 con-

474 4982 767 5039 tessionein
807 4982 1037 5041 Domino
1076 4984 1185 5042 Deo
1219 4996 1431 5055 patrum
1472 4993 1799 5058 vestrorum,
1832 4997 1889 5043 et
1915 4986 2075 5047 facile

548 5134 575 5163 ει
603 5123 801 5205 lterum
823 5144 970 5205 sporn
987 5142 1092 5205 pro
1118 5144 1288 5205 sepem
1322 5128 1465 5205 haud
1495 5138 1643 5188 recte
1682 5146 1808 5189 eum
1844 5133 2069 5205 quibus-

475 5196 605 5279 dam
646 5199 766 5253 aliis
823 5196 1030 5279 Latinis
1075 5196 1375 5272 codicibus,
1420 5202 1649 5276 Lyrano.
1688 5196 2066 5279 atque'Estio,

476 5268 696 5342 Regina:
727 5283 830 5342 ms.
865 5273 1102 5342 prtefert.

549 5337 580 5379 ii
606 5337 878 5417 gontinuo
899 5342 1477 5417 Regintems._aspirat
1503 5345 1724 5405 Jelu'eel.

552 5423 574 5451 ο
605 5410 798 5486 Regin.
828 5428 955 5486 ηεξ..
983 5410 1049 5470 ile
1077 5416 1203 5486 ﬁliis
1227 5410 1413 5484 Jerim,
1448 5418 1640 5485 Mucia,
1670 5434 1716 5477 et
1750 5422 1923 5480 Helia.
1950 5423 2072 5482 Mox

475 5482 748 5570 laxabant,
778 5494 826 5540 et
855 5482 1305 5570 rietesa,'aliaque
1330 5482 1413 5548 liis
1440 5482 1676 5550 certiora
1707 5498 1922 5566 menda,
1950 5514 2072 5570 qua:

474 5557 725 5627 consulto
758 5559 1115 5627 praeterimus.

546 5625 574 5667 (ί
605 5625 880 5709 [demat-3.
913 5628 1023 5709 ilic,
1052 5631 1505 5709 quemadmodum
1540 5644 1597 5709 et
1620 5651 1782 5709 supra
1825 5648 2070 5697 notatum

472 5708 573 5759 est.
603 5698 935 5781 fluit-Mea?
964 5698 1082 5781 pro
1104 5700 1309 5781 Phgetlt
1343 5706 1471 5781 legit
1506 5726 1519 5761 :
1555 5698 1761 5781 Vulgati
1804 5709 2069 5768 Phaliaih.

547 5782 571 5815 θ
600 5770 850 5847 Nomina,
890 5770 1067 5837 leddtt
1088 5782 1137 5833 et
1175 5772 1293 5835 laet
1335 5770 1682 5853 et'Banaia:
1699 5782 1924 5857 Regina:
1962 5801 2066 5846 ms.

2094 4516 2149 4583 D

2169 3189 2237 3242 de
2259 3188 2382 3243 ﬁliis
2407 3188 2562 3257 Bani,
2594 3188 2892 3261 Mosellam,
2922 3202 2977 3245 et
3000 3190 3254 3261 Melincb,
3284 3206 3337 3247 et
3360 3191 3553 3259 Adaia,
3578 3192 3763 3261 Jasuli,

2168 3269 2224 3315 et
2245 3261 2369 3316 Saal
2390 3271 2445 3316 et
2470 3261 2723 3317 ItamOtli.
2756 3260 2827 3316 Et
2851 3264 2919 3317 de
2949 3264 3070 3317 ﬁliis
3091 3260 3119 3299 ιι
3148 3263 3354 3320 Phaetli
3386 3265 3565 3327 Moab,
3596 3260 3767 3330 Edita,

2168 3341 2225 3386 et
2250 3331 2461 3401 Clialal,
2494 3332 2744 3401 Banaias,
2776 3333 3028 3401 Maasias,
3055 3334 3377 3403 Matliaiiias,
3412 3336 3677 3401 Beseleel,
3717 3348 3770 3390 et

2168 3404 2400 3476 Bennui,
2433 3416 2490 3461 et
2527 3406 2791 3460 Manasse.
2831 3408 2897 3461 Et
2926 3408 2993 3461 de
3023 3407 3146 3462 tiliis
3174 3409 3357 3476 Erem,
3392 3408 3625 3473 Eliezer,
3673 3409 3767 3463 Je-

2169 3492 2287 3551 sue,
2323 3475 2596 3551 Melciiias,
2630 3477 2899 3545 Semeias,
2928 3479 3172 3545 Simeon,
3207 3475 3511 3551 Benjamin,
3536 3480 3767 3548 Malocii,

2169 3548 2469 3621 §amarias.
2524 3550 2600 3605 De
2654 3550 2779 3621 ﬁliis
2827 3556 3014 3605 Asom.
3062 3548 3332 3607 Mathanai
3364 3598 3378 3621 ,
3441 3552 3767 3619 Mattltellia,

2170 3619 2372 3684 Zalied,
2405 3621 2693 3689 Eliplielct,
2725 3620 2949 3688 Jerinai,
2983 3623 3249 3689 MatlziSsc,
3281 3619 3484 3680 Setnci.
3523 3627 3597 3680 De
3643 3624 3769 3679 ﬁliis

2171 3695 2329 3765 Dani,
2363 3693 2559 3759 Maadi,
2592 3693 2839 3762 Atnram,
2882 3707 2936 3748 ct
2969 3696 3083 3760 Uel,
3139 3696 3368 3765 Ilaneas,
3417 3707 3473 3751 et
3518 3695 3768 3763 Badaias,

2169 3764 2413 3831 Clieliau,
2475 3765 2659 3831 Vania,
2705 3766 3016 3831 Marimutli,
3056 3776 3113 3822 et
3170 3764 3393 3835 Eliasib,
3448 3768 3768 3832 Mallianias,

2170 3836 2463 3908 blatlianai,
2510 3845 2567 3892 et.
2618 3837 2751 3904 Jasi,
2783 3847 2838 3893 et
2887 3839 3045 3905 Batti,
3088 3849 3145 3894 et
3188 3840 3418 3908 Bennui,
3468 3842 3673 3903 Semei,
3717 3854 3771 3897 et

2171 3907 2427 3985 Salinias,
2455 3920 2515 3985 et
2539 3910 2779 3985 Nﬁatlian,
2806 3921 2863 3966 et
2889 3912 3112 3985 Adaias,
3138 3911 3485 3968 Mecnedabai
3515 3913 3624 3985 [ΑΙ.
3651 3914 3766 3968 Me-

2171 3981 2517 4053 clinebedai],
2554 3981 2716 4046 Sisai,
2750 3983 2928 4049 Sarai,
2963 3984 3137 4051 Ezrel,
3172 3994 3227 4039 et
3256 3981 3553 4051 Selemiati,
3588 3990 3769 4041 Senie-

2173 4051 2274 4119 iia,
2310 4051 2822 4125 SelluniLAmaria,
2871 4054 3096 4125 Josepli.
3128 4055 3205 4110 De
3252 4056 3377 4112 ﬁliis
3411 4057 3582 4123 Nebo,
3614 4057 3765 4125 .Iciel,

2176 4125 2490 4198 blatliatltia,
2540 4124 2745 4198 Zabed,
2780 4124 3063 4195 Zabina,‘
3100 4128 3297 4195 Jeddu,
3349 4138 3406 4183 et
3446 4128 3585 4198 Juel,
3632 4124 3765 4183 Ban¥

2174 4197 2317 4250 naia.
2358 4196 2561 4271 Omnes
2591 4196 2645 4249 lii
2693 4210 3022 4269 acceperunt
3052 4215 3259 4256 uxores
3304 4196 3669 4271 alienigenas,
3719 4211 3770 4257 et

2174 4271 2387 4324 luerunt
2413 4283 2480 4325 ex
2503 4270 2583 4325 eis
2612 4271 2895 4337 mulieres,
2925 4287 3046 4342 qua:
3076 4285 3403 4343 pepererant
3434 4274 3594 4329 ﬁlios.

2394 4384 2626 4442 VERBA
2661 4386 2949 4445 ΝΕΕΜΙίΕ
2978 4389 3132 4447 FILII
3166 4389 3184 4430 ί
3216 4390 3559 4450 ΗΕΟΗῌΑΞ.

2244 4487 2380 4560 [ιὶὺ.
2416 4487 2481 4544 ll.
2506 4517 2578 4563 5—-
2609 4488 2740 4562 Cap.
2769 4490 2836 4563 I.]
2872 4493 2941 4548 Et
2970 4492 3172 4549 factum
3201 4504 3285 4550 est
3316 4496 3369 4551 in
3416 4512 3603 4552 mense
3641 4497 3768 4554 Cas-

2175 4561 2293 4635 leu,
2316 4576 2461 4617 anno
2488 4561 2769 4633 vicesimo,
2797 4561 2851 4620 et
2880 4581 2981 4635 ego
3012 4582 3159 4621 erant
3195 4570 3247 4622 in
3276 4567 3431 4624 Su~is
3458 4580 3661 4625 castro.
3708 4573 3771 4624 ﬁt

2176 4634 2325 4709 venit
2361 4635 2536 4709 Anani
2578 4650 2717 4690 unus
2743 4642 2811 4709 de
2855 4634 3115 4693 fratribus
3142 4642 3304 4707 meis,
3345 4643 3460 4709 ipse
3490 4651 3546 4696 et
3575 4642 3675 4696 viri
3706 4658 3771 4696 ex

2175 4703 2353 4759 Iuda:
2390 4715 2445 4761 et
2486 4708 2815 4778 interrogavi
2853 4724 2947 4764 eos
2982 4710 3049 4766 de
3085 4703 3311 4775 Judzeis,
3352 4703 3441 4781 qui
3497 4728 3774 4768 remanse-

2178 4787 2307 4851 rant
2324 4786 2379 4832 et
2405 4792 2722 4848 supererant
2769 4782 2839 4836 de
2879 4783 3218 4851 captivitate,
3258 4793 3315 4838 et
3342 4785 3410 4839 de
3447 4783 3771 4845 Jerusalem.

2181 4847 2251 4921 IjJt
2279 4847 2533 4904 dixerunt
2568 4853 2741 4907 inibi:
2784 4854 2889 4920 Qui
2916 4847 3315 4921 remanserunt,
3345 4866 3399 4910 et
3438 4858 3615 4913 relicti
3652 4871 3777 4912 sunt

2180 4918 2251 4975 de
2271 4921 2585 5001 captivitate
2614 4924 2689 4978 ibi
2708 4918 3100 5001 inprovineia,
3144 4927 3197 4980 in
3219 4918 3537 5001 _al'tlietione
3564 4944 3776 5001 magna

2182 5001 2329 5061 sunt,
2361 5003 2417 5051 et
2442 4994 2497 5050 in
2527 4996 2828 5066 opprobrio
2856 5014 2870 5052 :
2901 5008 2957 5055 et
2983 5011 3173 5054 murus
3208 4996 3512 5057 Jerusalem
3540 4994 3775 5073 dissipa-

2174 5148 2340 5197 tacet.

2252 5213 2271 5253 ί
2305 5212 2397 5287 Ita,
2433 5214 2619 5287 legunt
2665 5230 2799 5271 mss.
2851 5214 3388 5273 San-Germanensis
3420 5234 3575 5275 num.
3612 5220 3677 5275 15
3722 5229 3776 5275 et

2176 5284 2961 5363 Canon_Metiimianus__p_rima
3009 5304 3206 5363 manu,
3253 5290 3305 5363 in
3352 5307 3462 5363 quo
3516 5302 3776 5358 corrupte

2177 5359 2495 5415 emendator
2524 5361 2705 5432 posuit
2726 5360 2964 5417 Ilelchic
2987 5376 3083 5432 pro
3110 5360 3311 5417 Echlt’a'
3329 5406 3345 5433 ,
3369 5359 3488 5419 Sive
3516 5363 3771 5419 Her/alim.

2179 5451 2237 5507 In
2286 5452 2515 5509 Hebrmo
2560 5454 2826 5525 scriptum
2876 5454 3103 5527 legimus
3142 5440 3311 5517 nam
3363 5455 3677 5529 IIacIralt'a,
3724 5460 3776 5516 id

2181 5554 2285 5614 est,
2313 5558 2368 5611 3,
2401 5548 2534 5617 caph
2565 5557 2693 5605 ante
2721 5531 2777 5614 ⁸),
2805 5549 2999 5604 lamed.
3026 5551 3205 5607 Man'r.

2276 5671 2347 5682 -——
2367 5640 3051 5720 Ita_verius_a_d_[lebrteum
3109 5629 3281 5707 ΠνίτὶΠ
3306 5647 3530 5720 Regina:
3560 5664 3774 5720 quoque

2183 5726 2290 5768 ms.
2320 5713 2558 5782 praefert.
2609 5715 2713 5769 Alii
2745 5715 2988 5772 Iluhcliw
3012 5732 3029 5770 :
3056 5713 3483 5780 vetustissimum
3515 5738 3545 5781 e
3570 5713 3775 5781 Crte-cis

2186 5785 2611 5844 Alexandrinum
2639 5788 2918 5865 exemplar
2945 5806 2957 5843 :
2989 5790 3222 5865 Ἀχαλίαι
