4062 6348
527 327 668 388 1419
882 346 917 369 η

1517 317 1579 377 S.
1618 316 1994 377 ﬂlERONYMl
2030 316 2264 378 DIVINA
2298 315 2778 377 BIBLIOTIIECA.
2923 365 2934 381 ,
2963 361 2973 368 .
3036 313 3063 364 ,3

3686 313 3828 371 ιω

538 458 669 507 runt
691 447 882 504 fratres
912 456 1121 508 eorum,
1157 448 1185 479 ⁸
1210 436 1371 495 Bavai
1402 435 1559 493 filius-
1585 435 1811 493 Enadad
1838 477 1853 503 ,
1877 436 2131 507 princeps
2159 440 2207 500 Α
2237 436 2400 493 nimia
2422 446 2591 500 est,et
2622 450 2723 493 nos
2750 449 2859 492 non
2880 433 3184 508 potet-imus
3204 432 3479 492 mdiﬁcare
3495 436 3825 508 inurunt-It

540 521 778 577 dimidiae
808 517 976 588 partis
1000 510 1285 588 Ceil:c._t?_lt
1321 508 1618 588 aedificavit
1654 510 1810 578 juxta
1840 524 1967 565 eum
1994 511 2134 588 {iter

542 592 690 649 ﬁlius
716 580 905 653 Josue,
923 588 1172 656 princeps
1201 581 1447 656 Masplia,
1466 596 1778 656 mensuram
1810 580 2130 656 secundam,

542 675 734 721 contra
785 651 1068 715 ascensum
1112 651 1411 709 ﬁrmissimi
1450 653 1652 723 anguli.
1687 653 1816 708 Post
1865 668 1989 709 eum
2013 651 2043 691 1)
2075 654 2127 707 in

541 745 728 792 monte
752 729 1038 788 mdiﬁcavit
1068 727 1277 781 Barueli
1307 724 1449 779 ﬁlius
1472 722 1670 778 zacliai
1696 738 2010 780 mensuram
2042 736 2131 780 se-

541 808 798 867 cundam,
822 803 890 858 ab
929 800 1127 870 angulo
1167 812 1339 867 usque
1366 796 1432 851 ad
1461 804 1673 870 portant
1698 795 1896 870 domus
1927 794 2132 870 Elinsili

542 864 841 935 sacerdotis
869 864 1068 942 magni.
1101 870 1228 925 Post
1254 864 1380 925 eum
1414 864 1702 923 aedificavit
1744 867 2036 942 literimutlt
2068 864 2132 920 fi-

537 953 647 1006 lius
668 948 811 1005 Uria:
844 947 938 1000 lilii
961 938 1143 998 λαως
1168 981 1183 1006 ,
1215 954 1526 995 mensuram
1558 938 1879 1004 secundum,
1912 954 1941 992 a
1976 951 2131 1006 porta

540 1023 735 1077 domus
780 1016 982 1072 Eliasib
1008 1056 1023 1079 ,
1056 1014 1232 1069 donec
1256 1011 1648 1069 ostenderetur
1682 1011 1878 1066 dooms
1902 1009 2127 1064 [£Iiasib.

538 1093 609 1148 Et
633 1099 753 1162 post
776 1105 902 1146 eum
932 1085 1340 1162 tediﬁcaverunt
1361 1081 1713 1162 sacerdotes,
1740 1082 1840 1162 viri
1881 1083 1950 1162 de
1980 1096 2132 1162 cani-

537 1153 811 1232 pestribus
838 1159 1114 1218 Jordanis.
1140 1157 1271 1213 Post
1290 1170 1414 1211 cum
1447 1153 1735 1209 aediﬁcavit
1761 1153 2045 1232 Benjamin
2075 1163 2131 1232 et

536 1223 689 1292 hsub
725 1243 916 1289 contra
955 1232 1177 1286 domum
1222 1244 1376 1283 suam
1408 1247 1422 1284 ;
1453 1234 1509 1282 et
1536 1235 1661 1296 post
1685 1241 1810 1280 eum
1844 1223 2133 1279 acdititmvit

536 1307 761 1364 Azarias
799 1305 945 1359 titius
993 1301 1207 1357 Maesia:
1248 1298 1345 1354 ﬁlii
1397 1298 1623 1353 Ananiae
1672 1308 1857 1351 contra
1909 1296 2130 1351 domum

536 1392 713 1433 Suam.
762 1377 893 1433 Post
930 1390 1051 1430 eum
1110 1371 1404 1428 aediﬁcavit
1448 1369 1656 1424 Bennni
1708 1367 1854 1423 filius
1908 1367 2129 1423 Enadad

534 1463 846 1506 mensuram
871 1448 1188 1509 secundam,
1204 1458 1234 1497 a
1257 1442 1418 1497 domo
1444 1442 1651 1496 Azarite
1674 1454 1844 1509 usque
1865 1440 1931 1493 ad
1959 1440 2131 1493 tlexu-

535 1538 678 1588 ram,
713 1531 768 1576 et
798 1533 966 1589 usque
997 1516 1064 1572 ad
1092 1514 1370 1585 angulum.
1403 1512 1764 1589 Pbaleltilius
1795 1510 1886 1565 Ozi
1935 1516 2128 1589 contra

535 1582 798 1649 ﬂexuram
833 1582 894 1646 et
916 1589 1104 1644 turrim
1136 1582 1313 1656 [quas
1343 1585 1549 1640 eminet
1579 1582 1649 1638 de
1675 1586 1838 1638 domo
1868 1584 2131 1656 r_egis_es—

536 1667 681 1720 celsa
711 1705 728 1730 ,
762 1663 814 1718 id
841 1671 926 1717 est
949 1701 966 1728 ,
999 1664 1048 1714 in
1097 1652 1235 1713 atrio
1261 1658 1545 1730 carceris:
1576 1662 1707 1730 post
1726 1652 2127 1730 eum‘l’ﬁadaia

534 1734 677 1790 ﬁlius
708 1724 933 1790 Pharos.
954 1724 961 1728 ⁷
983 1730 1249 1787 Nzitliinzci
1280 1738 1462 1783 autem
1510 1724 1826 1781 habitabant
1862 1726 1916 1780 in
1949 1724 2126 1794 Upbel

535 1823 706 1876 usque
733 1816 922 1862 contra
954 1813 1162 1874 portam
1192 1814 1453 1876 aquarum
1485 1797 1553 1853 ad
1582 1799 1887 1876 orientem,
1921 1805 2121 1876 elatur-

530 1867 660 1944 riui,
690 1894 811 1948 qua:
839 1867 1198 1943 prominebat.
1232 1867 1358 1948 Post
1386 1886 1509 1926 eum
1540 1868 1950 1948 agditicaverunt
1978 1867 2119 1923 'l'lic-

530 1940 1048 2005 cueni'mensuram
1089 1944 1380 1999 secundam
1412 1958 1444 1997 e
1473 1940 1725 2012 regione,
1765 1955 1795 1995 a
1829 1950 1976 2012 turre
2006 1954 2106 1994 ma-

530 2035 634 2091 gna
664 2031 718 2077 et
746 2025 1020 2077 eminente
1062 2032 1234 2086 usque
1271 2016 1337 2069 ad
1383 2010 1597 2091 murum
1639 2012 1847 2081 templi.
1888 2010 2116 2091 sursum

516 2082 711 2149 autem
754 2108 785 2148 a
824 2098 977 2162 porta
1018 2082 1279 2162 equorum
1320 2085 1719 2162 :cdiﬁcaverunt
1764 2082 2114 2162 sacerdotes,

531 2154 903 2235 unusquisque
932 2154 1123 2235 contra
1135 2158 1364 2235 domum
1391 2171 1567 2212 suain.
1597 2155 1727 2235 Post
1758 2170 1854 2209 eos
1885 2154 2119 2235 aediﬁca-

528 2239 608 2291 vit
653 2226 876 2291 Sadocli
918 2233 1059 2286 ﬁlius
1110 2232 1329 2285 Emmer
1361 2236 1551 2283 contra
1591 2226 1813 2281 domum
1842 2240 2019 2283 suam.
2051 2226 2118 2281 Et

525 2317 652 2377 post
681 2324 803 2377 cum
834 2303 1121 2377 aediﬁcavit
1149 2302 1363 2357 Semaia
1396 2300 1540 2377 ﬁlius
1561 2297 1845 2377 Seelieniae
1875 2338 1901 2377 ,Δ
1934 2306 2118 2377 custos

528 2370 698 2448 portae
729 2376 1030 2448 orientalis.
1074 2374 1371 2448 Posrtdeum
1402 2370 1694 2448 aedificavit
1732 2372 1940 2424 Ananiu
1975 2370 2118 2423 titius

527 2444 803 2515 Selemiar,
843 2458 895 2504 et
925 2446 1084 2500 Anun
1113 2456 1135 2484 ο
1171 2444 1313 2515 ﬁlius
1338 2444 1538 2511 Selepli
1568 2451 1772 2515 sextus
1803 2455 2114 2515 mensuram

525 2512 818 2577 secundam
854 2536 869 2574 :
900 2526 1023 2588 post
1061 2532 1185 2572 cum
1214 2514 1504 2570 aediﬁcavit
1534 2512 1813 2588 Mosollani
1843 2512 1984 2567 tilins
2018 2512 2116 2588 Ba—

524 2593 749 2653 rncliiaa.
780 2583 968 2646 contra
993 2588 1435 2659 gazophylacium
1462 2600 1637 2640 suum.
1672 2584 1803 2659 Post
1830 2598 1958 2638 eum
1985 2583 2115 2659 aedi-

526 2666 711 2719 ticavit
737 2654 1173 2718 Melcbias'tilius
1204 2654 1435 2713 artificis
1466 2670 1637 2726 usque
1662 2655 1732 2710 ad
1762 2654 1981 2710 domum
2010 2654 2117 2710 Na-

525 2737 876 2803 tliinzcorum,
904 2743 959 2788 et
987 2744 1169 2787 scruta
1191 2729 1540 2786 vendentium
1569 2738 1759 2784 contra
1783 2735 1995 2803 portam
2019 2732 2112 2797 ju-

522 2802 772 2863 dicialem
801 2848 815 2872 ,
857 2799 917 2875 et
943 2818 1117 2875 usque
1146 2804 1211 2857 ad
1254 2802 1591 2856 cmuaculunt
1617 2800 1841 2875 anguli.
1867 2799 1930 2853 Et
1970 2800 2113 2854 inter

521 2871 858 2934 auunculum
884 2874 909 2915 (⁸
947 2871 1130 2945 anguli
1179 2874 1232 2943 in
1279 2881 1436 2943 porta
1480 2871 1659 2943 gregis
1705 2871 2113 2926 acditicaverunt

520 2951 775 3006 auriﬁces
809 2960 865 3004 et
902 2950 1287 3018 negotiatores.

594 3021 744 3093 [ϐαρ.
776 3018 892 3093 1ν.ίΙ
925 3011 1146 3093 Factum
1174 3030 1255 3072 est
1280 3023 1486 3085 autem,
1509 3028 1632 3093 cum
1663 3011 1912 3068 audisset
1939 3012 2109 3093 Stiua-

522 3086 714 3158 ballat',
742 3086 892 3163 quod
915 3089 1314 3163 :ediftcaremus
1345 3102 1584 3163 murum,
1616 3086 1897 3163 iratuscst
1922 3086 2108 3151 valde;

518 3176 572 3219 ct
597 3157 777 3220 motus
806 3163 964 3218 nimis
990 3162 1346 3217 subsannavit
1383 3159 1603 3214 .ludxos
1630 3196 1647 3225 ,
1680 3166 1737 3212 et
1763 3157 1900 3212 dixit
1924 3172 2108 3212 coram

521 3238 781 3305 fratribus
814 3235 959 3301 suis,
991 3246 1045 3288 et
1079 3232 1386 3305 frequentia
1422 3228 1890 3305 Sattiaritanorum
1929 3245 1942 3281 :
1975 3228 2113 3305 Quid
2145 3232 2188 3294 (ζ’,

517 3300 690 3363 Judaei
730 3296 1293 3361 faciunt’imbecill—cs?
1320 3302 1455 3357 Num
1482 3296 1867 3356 ditni'ttenteos
1889 3302 2117 3368 gentes?

519 3396 650 3435 num
675 3376 1083 3446 sacriﬁcabunt,
1107 3386 1164 3431 et
1192 3375 1544 3446 complebunt
1570 3370 1623 3425 in
1654 3370 2106 3446 una_die?_Num-

522 3452 651 3522 quid
682 3450 955 3506 aedificare
981 3442 1247 3522 poterunt
1279 3442 1582 3522 lapidesde
1604 3442 1817 3522 acervis
1847 3443 2110 3512 pulveris,

515 3514 612 3593 qui
636 3524 904 3580 combusti
933 3514 1101 3576 sunt?
1121 3518 1255 3593 μεριξ
1283 3514 1348 3572 εί
1375 3516 1579 3593 Tobias
1612 3514 1950 3593 Atntnanites
1985 3531 2114 3584 pro-

518 3588 695 3668 iimus
741 3593 859 3665 ejus
887 3634 901 3658 ,
942 3595 1019 3648 ait
1052 3609 1064 3644 :
1095 3590 1443 3668 ASditlcentt
1477 3589 1522 3642 si
1565 3588 1874 3668 ascenderit
1898 3593 2110 3657 vulpes,

515 3659 787 3721 transiliet
814 3679 1027 3720 murum
1064 3677 1253 3719 eorum
1296 3659 1609 3731 lapideum.
1629 3659 1802 3731 Audi,
1832 3661 1972 3713 tteus
2016 3678 2111 3731 no-

518 3748 667 3805 ster,
718 3736 840 3807 quia
882 3736 1005 3807 facti
1050 3748 1236 3790 sumus
1276 3728 1559 3802 despectio
1599 3728 1706 3801 [AL
1752 3728 2056 3807 despectui]
2092 3749 2105 3785 :

518 3804 775 3864 converte
802 3806 1158 3876 opprobrium
1189 3819 1355 3875 super
1377 3811 1752 3876 caputeor‘um
1770 3840 1809 3876 ,_
1832 3814 1886 3857 ct
1911 3804 1979 3856 da
2010 3817 2109 3859 eos

517 3896 571 3934 in
619 3871 1026 3947 despectiunem
1074 3878 1125 3931 in
1177 3871 1318 3932 terra
1364 3871 1716 3944 captivitatis.
1765 3871 1846 3930 Ne
1891 3889 2107 3947 operias

516 3946 856 4020 iniquitatem
888 3963 1100 4015 eorum,
1132 3958 1187 4020 et
1214 3956 1493 4020 peccatum
1525 3960 1717 4020 eorum
1749 3960 1931 4020 corani
1965 3946 2109 4003 facie

514 4015 748 4078 tua-non
773 4019 1037 4088 deleatur,
1070 4019 1195 4090 quia
1216 4015 1882 4090 irriseruntmdiﬁcantes.
1919 4015 2105 4086 Itaque

514 4092 902 4149 rediﬁcavimus
934 4088 1178 4156 murum,
1216 4100 1272 4146 et
1315 4088 1697 4158 conjunsimus
1730 4097 1899 4144 totum
1934 4104 2104 4159 nstiue

516 4167 582 4220 ad
607 4177 813 4235 partem
840 4161 1119 4217 dimidiam
1154 4178 1167 4216 :
1206 4170 1261 4217 et
1289 4167 1644 4233 proquatutn
1675 4169 1759 4217 est
1792 4174 1889 4215 cor
1913 4161 2104 4232 pepuli

509 4238 578 4292 ad
627 4235 978 4307 operandum.

585 4301 807 4363 Factum
839 4317 923 4362 est
959 4314 1139 4362 autem
1164 4346 1182 4372 ,
1222 4320 1346 4361 cum
1382 4305 1625 4362 audisset
1663 4301 2012 4370 Sanaballat,
2044 4312 2099 4360 et

511 4379 746 4448 Tobias,
781 4389 836 4434 ct
863 4379 1099 4445 Arabes,
1143 4389 1199 4434 et
1234 4378 1597 4445 Ammanitae,
1633 4387 1689 4433 et
1713 4374 1909 4442 Azotii,
1940 4372 2098 4448 quod

511 4452 743 4507 obducta
771 4461 916 4506 esset
934 4448 1159 4505 cicatrix
1192 4451 1329 4506 inuri
1356 4450 1691 4518 Jerusalem,
1724 4459 1778 4503 et
1806 4447 1950 4518 quod
1979 4463 2095 4504 cte-

512 4526 722 4594 pissent
770 4522 1072 4592 interrupta
1111 4522 1399 4589 concludi,
1446 4522 1570 4578 irati
1615 4528 1743 4594 sunt
1791 4522 1975 4576 nimis.
2028 4522 2096 4575 Et

2235 509 2490 566 dixerunt
2514 510 2701 565 hostes
2729 512 2898 563 nostri
2932 526 2944 563 :
2971 506 3051 563 Ne
3078 507 3287 573 sciant,
3318 516 3377 563 et
3403 507 3695 575 ignorent,
3721 507 3820 562 dn-

2236 598 2336 639 uec
2363 583 2648 637 veniamus
2683 583 2735 635 in
2781 578 3020 636 medium
3062 594 3253 636 eorum
3275 621 3293 647 ,
3337 587 3396 636 et
3431 579 3820 637 interﬁciamus

2233 668 2360 721 eos,
2389 665 2442 708 et
2468 668 2685 710 cessare
2714 651 2980 708 faciamus
3002 666 3139 722 opus
3169 668 3185 707 :

2306 728 2528 781 Factum
2560 732 2644 779 est
2665 734 2848 780 autem
2873 765 2890 790 ,
2922 724 3273 778 venientibus
3293 723 3520 791 Iudaeis,
3550 723 3645 793 qui
3664 724 3820 780 babi-

2236 798 2415 853 Labant
2442 796 2595 865 juxta
2625 811 2753 865 ens,
2778 805 2833 850 et
2864 796 3173 850 dicentibus
3199 796 3360 850 nobis
3394 811 3491 865 per
3523 795 3715 852 decem
3746 801 3821 851 vi-

2232 884 2347 935 ces,
2373 883 2437 923 ex
2471 867 2720 921 omnibus
2744 869 2878 921 locis
2904 867 3100 937 quibus
3117 876 3381 922 venerant
3406 866 3474 923 :id
3500 883 3623 936 nos,
3656 870 3819 924 statui

2234 942 2286 996 in
2313 942 2434 996 loco
2461 949 2582 1010 post
2607 955 2819 994 murum
2852 954 2951 1007 per
2979 939 3266 995 circuitum
3299 940 3558 1009 populum
3590 941 3646 994 in
3674 940 3821 996 ordi-

2234 1028 2356 1067 item
2407 1027 2530 1067 cum
2572 1011 2767 1080 gladiis
2796 1012 2943 1074 suis,
2975 1020 3034 1066 et
3077 1011 3277 1066 lanceis
3302 1054 3317 1079 ,
3356 1020 3414 1067 et
3450 1012 3708 1067 arcubus.
3761 1015 3823 1068 Et

2234 1085 2484 1154 perspexi
2513 1094 2675 1153 atque
2705 1082 2919 1137 surrexi
2951 1100 2965 1138 :
3004 1092 3058 1138 et
3085 1082 3174 1137 aio
3211 1082 3279 1137 ad
3312 1083 3607 1153 optimates
3631 1093 3687 1139 et
3714 1100 3818 1139 nra-

2231 1153 2508 1227 gistr’atus,
2527 1165 2583 1210 et
2605 1156 2670 1209 ad
2689 1155 2953 1224 reliquam
2985 1161 3191 1227 partem
3209 1155 3355 1224 vulgi
3383 1172 3395 1207 :
3425 1153 3607 1227 Nolite
3632 1157 3823 1212 timere

2231 1226 2261 1281 a
2286 1226 2427 1283 facie
2451 1242 2662 1283 eorum.
2693 1227 2904 1281 Domini
2936 1226 3118 1295 magni
3146 1236 3202 1282 et
3237 1226 3496 1281 terribilis
3525 1239 3825 1283 memento-

2234 1309 2287 1355 te
2303 1339 2318 1363 ,
2340 1310 2389 1353 et
2417 1311 2651 1369 pugnate
2666 1312 2765 1369 pro
2785 1296 3043 1353 fratribus
3065 1298 3283 1365 vestris,
3302 1297 3427 1353 filiis
3448 1302 3664 1367 vestris,
3693 1311 3749 1355 et
3767 1302 3825 1354 ti-

2232 1370 2403 1426 liabus
2428 1370 2642 1437 vestris,
2663 1380 2721 1425 et
2741 1370 3003 1425 uxoribus
3021 1370 3239 1433 vestris,
3257 1379 3310 1425 ct
3330 1371 3582 1427 domibus
3610 1373 3819 1428 vestris.

2308 1441 2532 1497 Factum
2577 1454 2662 1497 est
2690 1452 2873 1497 autem
2894 1480 2910 1506 ,
2940 1456 3065 1497 cum
3092 1440 3371 1496 audissent
3410 1444 3611 1497 inimici
3653 1447 3823 1499 nostri

2232 1513 2544 1568 nuntiatum
2577 1528 2699 1569 esse
2722 1513 2904 1575 nobis,
2935 1512 3220 1580 dissipavit
3247 1514 3392 1568 Dens
3419 1515 3711 1570 consilium
3734 1532 3826 1569 ro-

2237 1600 2383 1639 rum.
2418 1586 2483 1641 Et
2511 1585 2719 1641 reversi
2741 1598 2932 1640 sumus
2960 1599 3152 1639 omnes
3181 1584 3246 1638 ad
3282 1601 3500 1651 murus,
3536 1589 3826 1657 itiiusqnis-

2228 1671 2333 1728 quc.
2358 1657 2425 1712 ad
2457 1674 2592 1725 opus
2626 1671 2806 1711 suum.
2843 1657 2908 1728 Et
2936 1657 3132 1728 factum
3170 1664 3254 1711 est
3288 1671 3321 1712 a
3371 1656 3462 1713 die
3490 1657 3618 1723 illa,
3651 1656 3822 1714 inedia

2230 1725 2353 1798 pars
2380 1731 2642 1798 iuvenum
2667 1744 2856 1800 eorum
2883 1725 3114 1783 faciebat
3136 1740 3273 1797 opus
3294 1773 3309 1796 ,
3342 1736 3399 1783 et
3430 1729 3615 1785 media
3643 1742 3824 1800 parata

2153 1834 2197 1895 Β
2225 1796 2431 1895 ἓξὲξ.ἓά
2466 1800 2665 1895 ιξεειιιιιξι
2684 1843 2700 1869 ν
2718 1796 3009 1895 Pii“???
3026 1808 3130 1895 v.3}
3156 1809 3427 1895 ξευιξλῤ
3454 1796 3747 1895 ξξξςέειες
3774 1814 3826 1859 α

2223 1872 2409 1927 loricae
2433 1913 2448 1937 ,
2480 1882 2535 1927 ct
2564 1873 2835 1943 principes
2881 1880 3004 1939 post
3030 1884 3125 1925 cos
3171 1871 3228 1926 in
3272 1870 3419 1926 omni
3450 1871 3619 1928 domo
3641 1873 3781 1928 Iuda
3811 1916 3824 1939 ,

2223 1943 2607 2000 :editicantiuin
2634 1945 2686 1998 in
2720 1957 2913 2010 muro,
2952 1951 3010 1998 et
3036 1944 3370 2013 portantium
3399 1958 3567 1999 onera
3595 1985 3612 2012 ,
3644 1957 3703 1999 et
3732 1947 3828 1999 im-

2225 2018 2707 2085 ponentiumwna
2732 2029 2895 2069 manu
2936 2030 3031 2070 sua
3076 2012 3504 2085 taciebatupus,
3554 2026 3612 2071 et
3654 2018 3825 2073 altera

2225 2091 2442 2144 tenebat
2470 2088 2708 2158 gladium
2759 2102 2772 2141 :
2827 2085 3211 2142 :editicrntium
3266 2090 3411 2159 enim
3451 2089 3826 2159 unusquisqne

2221 2160 2401 2228 gladio
2429 2170 2540 2215 erat
2576 2160 2850 2214 accinctus
2879 2173 3061 2214 renes.
3094 2160 3159 2213 Et
3189 2158 3522 2214 aediﬁcabant
3545 2201 3561 2225 ,
3588 2168 3645 2215 et
3671 2158 3825 2215 elan-

2219 2234 2421 2302 gebant
2446 2230 2675 2287 buccina
2696 2229 2854 2302 juxta
2883 2245 2990 2285 me.
3016 2230 3083 2285 Et
3108 2229 3220 2285 dixi
3247 2230 3318 2285 ad
3345 2231 3656 2300 optimates,
3685 2243 3741 2287 et
3760 2234 3826 2289 ad

2222 2300 2570 2375 magistratus
2592 2343 2610 2371 ,
2660 2313 2716 2358 et
2768 2300 2837 2356 ad
2868 2302 3131 2372 reliquam
3163 2311 3369 2375 partem
3402 2303 3546 2373 vulgi
3584 2324 3617 2375 7:
3672 2303 3821 2375 Opus

2219 2373 2421 2444 grande
2445 2384 2531 2430 est
2560 2383 2617 2429 et
2645 2375 2842 2443 latum,
2875 2381 2930 2428 et
2954 2388 3054 2429 nos
3078 2373 3311 2444 separati
3340 2388 3532 2430 sumus
3576 2374 3635 2429 in
3670 2373 3825 2432 inure

2222 2450 2407 2517 procul
2435 2447 2576 2501 alter
2594 2446 2666 2501 ab
2689 2446 2862 2501 altero
2895 2463 2908 2499 :
2936 2446 2990 2500 in
3022 2446 3140 2501 loco
3165 2460 3511 2516 quocumque
3540 2446 3823 2504 audieritis

2218 2516 2525 2590 elangorem
2549 2520 2722 2586 tnbre,
2759 2517 2896 2590 illuc
2912 2516 3221 2573 concurrite
3259 2519 3327 2590 ad
3354 2533 3499 2573 nos:
3559 2519 3705 2574 Deus
3731 2536 3828 2576 no-

2217 2599 2333 2646 ster
2358 2590 2621 2662 pugnabit
2652 2606 2749 2659 pro
2775 2589 2957 2644 nobis.
2992 2590 3057 2645 Et
3086 2603 3187 2662 nos
3209 2589 3311 2659 ipsi
3353 2592 3614 2662 faciamus
3639 2604 3776 2659 opus
3806 2610 3823 2647 :

2216 2670 2274 2719 et
2311 2661 2486 2717 media
2519 2676 2643 2731 pars
2690 2672 2935 2717 nostrum
2968 2669 3152 2717 teneat
3180 2661 3427 2729 lanceas,
3468 2661 3538 2717 ab
3593 2677 3825 2720 ascensu

2220 2748 2433 2806 mtrem:
2453 2735 2628 2790 donec
2657 2732 3008 2806 egrediantur
3036 2742 3206 2787 astra.
3246 2732 3298 2785 In
3332 2741 3580 2801 tempore
3606 2752 3821 2806 quoque

2221 2805 2312 2862 illo
2343 2807 2453 2860 dixi
2489 2806 2729 2876 populo:
2770 2804 3150 2875 Unusquisque
3187 2819 3310 2860 cum
3342 2820 3513 2876 puero
3542 2820 3645 2859 suo
3703 2804 3820 2861 ina-

2224 2887 2352 2933 neat
2379 2877 2432 2932 in
2453 2874 2635 2933 medio
2653 2874 2951 2932 Jerusalem
2975 2882 3075 2947 ,_et
3096 2878 3203 2930 sint
3227 2875 3384 2931 nobis
3415 2874 3561 2932 vices
3607 2893 3706 2947 per
3731 2894 3826 2934 no-

2222 2962 2365 3005 ctem
2384 2994 2398 3017 ,
2422 2960 2476 3004 et
2506 2948 2651 3004 diem
2679 2949 2747 3003 ad
2779 2945 3139 3018 operaiidutn.
3175 2947 3288 3017 Ego
3316 2955 3500 3004 autem
3526 2957 3587 3004 et
3608 2945 3825 3006 fratres

2225 3023 2331 3077 mei
2355 3062 2371 3087 ,
2402 3029 2457 3075 et
2479 3020 2632 3092 pueri
2654 3021 2797 3083 mei,
2829 3029 2885 3074 ct
2913 3017 3168 3075 custodes
3218 3018 3309 3088 qui
3355 3030 3512 3075 erant
3541 3032 3661 3088 post
3692 3038 3817 3091 me,

2224 3104 2329 3148 non
2356 3092 2762 3165 deponebamus
2793 3092 3111 3165 vestimenta
3164 3099 3354 3146 nostra
3392 3109 3406 3146 :
3446 3093 3819 3165 unusquisque

2220 3170 2430 3219 tantum
2469 3164 2776 3222 nudabatur
2802 3163 2870 3217 ad
2894 3162 3246 3229 baptismum.

2292 3237 2311 3308 ι
2342 3235 2473 3305 Cap.
2504 3234 2571 3292 ν.
2603 3235 2616 3305 ]
2646 3236 2712 3289 Et
2736 3233 2912 3308 factus
2936 3234 3255 3308 est_clamor
3298 3235 3483 3308 populi
3510 3244 3569 3308 et
3593 3250 3818 3292 tuom

2220 3304 2339 3376 eius
2402 3304 2666 3377 magnus,
2711 3306 2979 3377 adversus
3026 3304 3232 3377 fratres
3281 3304 3410 3377 suos
3458 3306 3704 3363 Judmos.
3756 3310 3822 3364 Et

2216 3388 2373 3433 erant
2390 3375 2786 3449 quidicerent:
2815 3376 2938 3433 Filii
2959 3375 3154 3446 nostri,
3177 3375 3378 3449 et_tili:e
3403 3388 3607 3434 nostra
3630 3381 3816 3436 multa:

2215 3447 2562 3507 suntni‘mis:
2595 3450 2924 3520 accipiamus
2968 3463 3067 3519 pro
3114 3447 3290 3517 pretio
3330 3464 3519 3505 eorum
3571 3450 3816 3507 frumen-

2217 3532 2327 3576 tum
2354 3566 2367 3591 ,
2397 3531 2454 3578 et
2471 3522 2820 3578 comedamus
2840 3562 2857 3588 ,
2887 3531 2942 3576 et
2966 3521 3234 3593 vivamus.
3265 3521 3332 3576 Et
3352 3533 3509 3593 erant
3549 3523 3644 3593 qui
3671 3525 3819 3579 dicc—

2214 3603 2336 3649 rent
2365 3610 2383 3650 :
2416 3594 2592 3664 Agros
2617 3605 2833 3651 nostros
2857 3632 2872 3655 ,
2902 3601 2957 3647 et
3003 3592 3223 3655 vincas.
3254 3600 3310 3647 et
3358 3592 3552 3650 domos
3572 3592 3818 3650 nostra:

2212 3679 2553 3735 opponamus
2573 3706 2590 3732 ,
2637 3676 2697 3721 et
2715 3664 3052 3733 accipiamus
3081 3665 3414 3719 frumentum
3461 3665 3516 3721 in
3549 3664 3714 3722 fame.
3746 3667 3812 3722 Et

2210 3737 2300 3791 alii
2330 3738 2625 3794 dicebant:
2656 3736 2842 3792 Mutuo
2888 3750 3171 3791 sumamus
3222 3737 3482 3806 pecunias
3511 3740 3564 3793 in
3608 3740 3811 3793 tributa

2211 3809 2393 3880 regis,
2421 3810 2717 3880 demusque
2747 3821 2908 3877 agros
2934 3817 3152 3863 nostros
3178 3819 3234 3863 et
3264 3808 3456 3864 vineas
3500 3827 3517 3864 :
3564 3818 3623 3864 et
3668 3825 3810 3865 nunc

2209 3878 2349 3936 sicut
2377 3895 2567 3936 carnes
2589 3878 2819 3934 fratrum
2844 3889 3161 3935 nostrorum
3185 3918 3203 3945 ,
3250 3880 3332 3934 sic
3362 3894 3559 3937 carnes
3613 3894 3812 3936 nstrae

2206 3963 2382 4007 sunt:
2426 3954 2568 4007 sicut
2618 3952 2714 4007 lilii
2766 3966 2995 4015 eorum,
3044 3951 3117 4005 ita
3168 3958 3225 4006 ct
3278 3951 3376 4009 filii
3418 3952 3618 4007 nostri.
3670 3952 3812 4009 Ecce

2208 4039 2308 4078 nos
2350 4022 2704 4095 subjugamus
2744 4022 3151 4095 tiliosﬂnostros
3201 4030 3255 4078 et
3290 4023 3445 4095 tilias
3489 4033 3709 4080 nostras
3756 4026 3808 4080 in

2205 4093 2564 4161 servitutem,
2623 4104 2682 4151 et
2732 4095 2803 4151 de
2856 4093 3073 4165 ﬁliabus
3126 4094 3331 4149 nostris
3382 4103 3511 4150 sunt
3551 4094 3805 4165 famulae,

2205 4181 2307 4221 nec
2359 4167 2625 4223 habemus
2681 4167 2825 4222 unde
2878 4164 3352 4238 possintredimi,
3410 4174 3469 4222 et
3510 4182 3677 4238 agros
3704 4164 3803 4224 κιο-ὲ

2202 4246 2380 4305 siros,
2431 4248 2489 4295 et
2518 4238 2705 4293 vineas
2753 4235 2970 4292 nostras
3019 4235 3110 4290 alii
3164 4238 3467 4305 possident.
3509 4235 3584 4296 Et
3639 4241 3806 4296 iratus

2201 4323 2323 4364 sunt
2372 4311 2535 4366 nimis
2559 4324 2684 4364 cum
2731 4307 3001 4364 audissem
3028 4306 3329 4364 clamorem
3373 4324 3564 4367 eorum
3613 4325 3808 4368 secun-

2201 4381 2327 4436 dum
2374 4382 2539 4437 verba
2584 4380 2701 4435 haec
2743 4396 2756 4431 :
2807 4379 3170 4449 cogitavilqne
3214 4395 3311 4437 eor
3332 4396 3510 4437 meum
3553 4397 3803 4439 mecura:

2200 4464 2255 4508 et
2286 4453 2530 4523 increpui
2556 4454 2845 4523 Optimates
2886 4453 3350 4523 etmagistratus,
3380 4460 3437 4509 et
3464 4451 3488 4505 ι
3515 4455 3631 4509 dixi
3676 4457 3757 4512 eis
3789 4473 3804 4510 :

2202 4521 2475 4582 Usurasne
2500 4525 2696 4596 singuli
2724 4539 2756 4578 a
2787 4521 3046 4596 fratribus
3066 4527 3265 4579 vestris
3290 4524 3542 4594 exigitis?
3571 4526 3643 4582 Et
3671 4542 3804 4583 con-

513 4592 822 4666 congregati
858 4602 984 4648 sunt
1020 4607 1221 4687 pmiies'
1240 4594 1463 4664 pariter,
1510 4592 1884 4687 utlveni‘rent.
1916 4601 1980 4687 etI
2005 4606 2095 4661 pu-
2118 4625 2173 4687 υ
2196 4596 2415 4678 gregavi
2451 4592 2742 4653 adversum
2773 4609 2874 4650 eos
2895 4594 3213 4651 concionem
3243 4592 3490 4667 magnam
3521 4638 3538 4663 ,
3586 4606 3645 4654 et
3697 4599 3805 4653 disi

511 4662 741 4737 gnarent
780 4676 970 4720 contra
1011 4662 1343 4730 Jerusalem,
1384 4675 1440 4720 et
1477 4665 1797 4719 molirentur
1842 4662 2089 4737 insidias.

510 4733 580 4793 Et
604 4737 878 4793 oravimus
909 4737 1078 4792 Deum
1108 4747 1386 4802 nostrum,
1422 4742 1479 4791 et
1516 4737 1795 4806 posuimus
1834 4733 2091 4792 custodes

509 4825 674 4880 super
701 4824 925 4880 murum,
961 4808 1050 4863 die
1090 4824 1154 4864 ac
1183 4818 1340 4880 nocte
1373 4818 1562 4880 contra
1586 4821 1705 4880 eos.
1737 4806 2089 4880 Dixitautem

506 4877 675 4938 Judas
708 4898 722 4934 :
752 4879 1043 4936 Debilitata
1069 4889 1154 4936 est
1186 4878 1447 4935 fortitudo
1478 4879 1742 4950 portantis
1764 4917 1780 4946 ,
1809 4889 1865 4934 et
1894 4877 2093 4936 humus

575 5102 603 5132 α
625 5091 733 5150 Pro
762 5090 926 5150 Bavai
968 5091 1025 5150 in
1056 5090 1275 5166 Regina:
1313 5106 1418 5149 ms.
1453 5100 1540 5150 est
1567 5091 1736 5149 Belua“
1770 5108 1790 5150 :
1824 5090 2090 5150 ilcbraice

503 5174 608 5275 ’.αὖ
638 5234 873 5293 Praefert
900 5252 1027 5294 vero
1054 5236 1317 5294 Hebraeus
1349 5242 1560 5304 textus,
1606 5247 1787 5304 mm.
1836 5232 1979 5307 «μιοά
2005 5242 2091 5291 εει

504 5307 741 5383 accendit
768 5323 879 5383 sese
903 5348 920 5375 ,
948 5309 1150 5364 animos
1175 5308 1435 5383 sumpsit,
1471 5310 1629 5383 sive,
1657 5309 1962 5383 indignatus
1986 5317 2084 5383 est.

504 5378 650 5457 LXX
682 5378 886 5457 verbo,
914 5395 1019 5457 non
1042 5395 1207 5457 sensu
1249 5378 1515 5438 abludunt
1536 5420 1554 5449 ,
1588 5378 1830 5457 ἐκρῲεηὼ
1858 5421 1873 5447 ,
1899 5381 2086 5449 tenuit,

502 5451 647 5527 quod
678 5458 756 5527 et_
784 5450 908 5527 aliis
951 5452 1145 5520 placet.
1184 5456 1424 5527 Apparet
1456 5450 2083 5527 autem'uieronymum,

2197 4668 2310 4722 eis:

2268 4737 2413 4807 Nos,
2442 4748 2500 4795 ut
2524 4738 2699 4809 scitis,
2732 4737 3072 4795 redemimus
3092 4736 3288 4795 fratres
3314 4746 3531 4795 nostros
3557 4739 3798 4805 Iudaeos,

2198 4812 2290 4881 qui
2341 4810 2541 4867 venditi
2589 4812 2804 4868 fuerant
2846 4809 3139 4882 gentibus,
3184 4811 3481 4866 secundum
3532 4811 3803 4881 possibili-

2201 4890 2366 4940 tatem
2386 4893 2625 4939 nostrain
2656 4900 2673 4941 :
2711 4893 2769 4941 et
2794 4881 2895 4939 vos
2942 4881 3111 4953 igitur
3135 4889 3163 4930 ε
3192 4882 3443 4939 vendctis
3479 4885 3677 4941 fratres
3705 4898 3795 4939 ve-

2201 5094 2443 5152 tlatorem
2473 5092 2622 5163 auri,
2651 5093 2768 5150 sive
2797 5093 2913 5150 auri
2960 5092 3178 5149 fabrum
3214 5108 3412 5151 nomen

2268 5165 2293 5203 ιι
2320 5166 2466 5250 [εΙθιιι
2490 5180 2622 5250 ius,
2650 5167 2855 5238 angulis
2877 5165 2946 5220 ad
2986 5175 3190 5250 portam
3213 5168 3439 5250 gregis.“
3474 5165 3495 5250 ’ί

2273 5250 2296 5275 ο
2322 5238 2525 5304 Voces,
2566 5248 2612 5292 et
2639 5237 2791 5293 arcus
2810 5278 2826 5303 ,
2854 5250 2976 5308 quae
3005 5248 3188 5295 tamen
3216 5248 3273 5295 et
3312 5237 3368 5293 in
3402 5237 3569 5294 llebr.
3622 5248 3788 5309 sunt,

2198 5308 2420 5380 Reginae
2450 5324 2558 5365 ms.
2596 5316 2756 5365 tacet.

2273 5382 2291 5422 ί
2324 5380 2530 5436 Vitiose
2561 5390 2718 5435 antea
2747 5381 3007 5450 scriptum
3030 5392 3169 5447 erat,
3198 5392 3244 5438 et
3274 5381 3437 5439 dixit.

2268 5463 2293 5502 ε
2321 5452 2537 5508 Variam
2564 5453 2615 5506 in
2645 5451 2749 5507 hoc
2774 5451 3042 5509 versiculo
3072 5455 3311 5510 retinent
3341 5453 3631 5509 lectionem
3655 5466 3782 5507 mss.

3442 5102 3587 5182 T113
3613 5101 3793 5151 sonat.

2192 5524 2444 5590 codices;
2478 5522 2664 5594 plures
2702 5524 2774 5578 ita
2808 5525 3034 5595 legunt:
3069 5524 3139 5599 Et
3157 5542 3244 5581 vos
3266 5526 3425 5599 igitur
3454 5525 3650 5587 vendite
3668 5525 3784 5599 frs-

2191 5609 2292 5652 tres
2344 5604 2579 5659 nostros,
2609 5603 2657 5650 et
2687 5611 2912 5650 ememus
2949 5612 3055 5652 eos.
3098 5594 3305 5654 Canon'
3331 5594 3686 5653 Memmiauus
3730 5598 3782 5649 in

2190 5677 2337 5726 testu
2365 5666 2532 5726 liabet
2560 5685 2573 5722 :
2607 5664 2681 5741 Et
2717 5683 2801 5721 vos
2830 5667 2985 5741 igitur
3011 5670 3228 5726 venditis
3258 5674 3444 5741 fratres
3471 5676 3712 5732 nostros,
3735 5674 3783 5719 et

2184 5741 2500 5795 redimemus
2524 5755 2630 5794 eos.
2667 5737 2721 5793 In
2754 5737 3023 5814 margine,
3064 5742 3212 5814 alibi,
3240 5737 3444 5797 uendile
3463 5743 3653 5813 fratres
3697 5753 3778 5794 re-

2185 5821 2340 5886 stros,
2362 5821 2412 5871 et
2438 5826 2666 5869 eruamus
2689 5827 2793 5867 eos.
2843 5811 3022 5869 Manr.

504 5521 597 5596 qui
625 5521 820 5596 vertit,
864 5522 925 5577 in
952 5532 1152 5593 monte,
1181 5521 1519 5591 n'titteram,
1566 5539 1667 5596 pro
1701 5536 1739 5585 Π
1773 5521 2085 5596 accepisse,

501 5593 567 5651 ac
586 5593 783 5666 legisse
819 5605 965 5660 rm,
995 5608 1096 5665 pro
1121 5606 1299 5657 mm.

574 5677 597 5706 ε
638 5664 737 5739 bis.
777 5664 1011 5739 Reginae
1033 5666 1221 5739 Annon
1256 5668 1398 5737 ﬁlius
1434 5667 1576 5726 Sele.
1617 5667 1742 5725 Mos
1780 5664 2080 5735 Mosellam,

497 5735 937 5812 prgyosollain.
971 5737 1210 5812 Denique
1240 5735 1405 5808 paulo
1453 5748 1606 5811 post,
1637 5741 1898 5812 auriﬁcis,
1931 5741 2079 5812 quod

493 5797 557 5890 et.
576 5797 791 5890 Vuigati
818 5809 997 5890 Latini
1026 5797 1344 5890 priteru'nt,
1380 5797 1476 5880 pro
1513 5797 1767 5890 artiﬁcis;
1795 5797 1963 5890 idque
1985 5828 2079 5869 re-

486 5880 631 5938 ctius
656 5880 726 5939 ad
752 5880 1041 5943 tlebncum
1063 5884 1291 5944 verbum
1318 5890 1520 5955 ’ἔτιΒῆ
1544 5880 1741 5956 stt-pius
1769 5880 1914 5945 enim
1935 5899 2074 5942 con-
