4112 6354
233 356 370 425 tm

1631 363 1838 425 LIBER.
1873 357 2108 426 ΕΖΒᾹΞ.

3387 367 3526 431 “29.

233 493 399 560 stros,
427 481 825 560 etredimemus
839 481 975 560 eos?
991 478 1054 538 Et
1075 481 1366 560 siluerunt,
1387 494 1488 537 nec
1508 481 1831 560 invenerunt
1862 479 1916 545 Α
1939 492 2115 540 autem
2141 481 2263 556 [Αι.
2294 482 2436 539 enim
2466 481 2484 554 ]
2526 481 2580 537 hi
2614 483 2894 560 terrebant
2914 496 3034 551 nos,
3061 483 3360 556 cogitantes
3380 491 3524 560 quod

232 557 361 629 quid
383 554 777 629 responderent
800 571 814 609 :
839 554 1065 627 Dixique
1079 555 1145 610 ad
1168 569 1291 609 eos:
1320 555 1439 629 lfion
1458 564 1542 610 est
1557 553 1696 629 bona
1720 567 1828 629 res,

233 626 396 698 quam
429 627 603 681 facitis
630 644 643 680 ε
669 642 838 697 quare
869 626 1058 682 nonin
1097 629 1290 681 timore
1323 627 1419 698 Dei
1447 627 1616 680 nostri
1644 626 1834 698 ambuj

235 696 385 764 latis,
402 715 468 754 ne
489 696 846 768 exprobretur
865 700 1020 754 nobis
1034 715 1061 754 a
1081 698 1331 771 gentibus
1353 697 1586 753 initttieis
1600 696 1836 752 nostris?

237 772 305 828 Et
328 787 448 842 ego.
470 782 524 825 et
552 771 747 825 fratres
777 773 906 835 uici,
937 782 989 824 et
1020 773 1170 840 pueti
1216 773 1339 834 mei,
1371 771 1836 826 camtttodavimus

237 844 484 914 plurtmis
518 845 798 913 pecuniam
829 853 883 898 et
912 844 1235 897 frumentttm
1265 864 1276 896 :
1310 859 1413 897 non
1442 851 1749 913 repetamus
1783 844 1834 897 itt

235 929 526 970 Commune
574 915 750 978 istud,
782 929 857 970 aes
883 914 1120 970 alienum
1151 915 1546 981 concedamus,
1579 916 1719 984 quod
1743 915 1836 969 de-

239 988 397 1042 betur
428 987 604 1042 nobis.
634 986 863 1043 lleddite
888 989 966 1042 eis
992 988 1151 1042 hodie
1181 1001 1336 1058 agros
1367 1000 1495 1042 suos
1522 1027 1534 1048 ,
1570 997 1620 1040 et
1653 987 1836 1041 vineas

235 1074 361 1116 Sttas
389 1101 401 1124 ,
453 1069 507 1112 et
553 1060 750 1115 oliveta
779 1075 875 1114 sua
904 1105 917 1127 ,
965 1069 1023 1116 et
1056 1059 1244 1115 domos
1277 1074 1402 1114 snas
1436 1075 1450 1113 :
1488 1059 1616 1128 quin
1661 1061 1836 1128 potius

236 1141 291 1186 et
321 1131 670 1186 centesimam
703 1131 948 1201 pecuniae
981 1173 995 1198 ,
1071 1131 1357 1199 l'rutncnti,
1412 1132 1552 1196 vlui,
1607 1139 1660 1184 et
1687 1131 1831 1197 olei,

236 1217 396 1274 quam
430 1204 648 1272 exigere
680 1204 868 1258 soletis
907 1203 976 1256 ab
1002 1203 1081 1257 eis
1101 1245 1115 1269 ,
1146 1206 1265 1257 date
1296 1217 1395 1274 pro
1424 1202 1549 1257 illis.
1579 1202 1642 1257 Et
1681 1203 1834 1256 dixe-

238 1284 368 1330 runt
401 1290 413 1328 :
451 1275 789 1340 Beddemus,
817 1284 870 1328 et
898 1275 966 1330 ab
987 1274 1067 1329 eis
1096 1277 1227 1329 ttilttl
1256 1286 1562 1345 qntcremus
1589 1290 1602 1326 :
1655 1274 1837 1344 sicque

238 1346 498 1400 faciemus
524 1357 581 1402 ιιι
609 1345 864 1415 loqueris.
901 1345 965 1400 Et
994 1348 1182 1401 vocavi
1213 1347 1523 1402 sacerdotes
1549 1390 1562 1414 ,
1594 1352 1647 1400 et
1676 1346 1832 1415 adju-

240 1418 358 1473 ravi
389 1433 506 1483 eos,
555 1429 613 1472 ut
663 1419 905 1473 facerent
948 1418 1099 1488 juxta
1132 1420 1273 1486 quod
1315 1418 1578 1473 dixeram.
1612 1417 1837 1487 Insuper

238 1490 451 1545 excussi
480 1491 654 1544 sinunt
703 1505 916 1554 meum,
967 1499 1020 1544 et
1066 1491 1229 1545 dixi:
1282 1489 1372 1544 Sic
1417 1489 1652 1544 excutiat
1701 1490 1837 1544 Deos

239 1575 457 1616 omnem
487 1562 662 1617 virum
690 1601 706 1630 ,
738 1561 830 1631 qui
876 1577 981 1617 non
1013 1561 1367 1628 compleverit
1393 1561 1614 1615 verbum
1657 1560 1795 1615 iStud
1820 1601 1836 1628 ,

238 1633 307 1687 de
355 1636 518 1688 domo
570 1646 707 1698 sua,
765 1643 820 1687 et
856 1634 923 1689 de
979 1635 1255 1688 laboribus
1309 1634 1423 1688 suis
1487 1650 1500 1688 :
1553 1632 1632 1687 sic
1671 1648 1836 1687 excu-

241 1706 442 1770 tiatur,
472 1714 526 1758 et
555 1720 758 1759 vaenus
783 1705 894 1758 fiat.
929 1707 994 1760 Et
1037 1706 1173 1760 dixit
1204 1706 1457 1759 universa
1508 1703 1832 1759 multitudo:

240 1781 434 1831 Amen.
486 1777 549 1831 Et
595 1777 956 1832 laudavcrunt
1007 1778 1194 1833 Deum.
1241 1777 1394 1833 Fecit
1446 1791 1576 1846 ergo
1606 1776 1836 1847 populus

240 1847 382 1903 sicut
403 1857 524 1904 erat
549 1849 776 1904 dictum.

311 1941 358 1996 A
389 1941 476 1997 die
504 1939 678 1997 autem
721 1940 846 2011 illa,
903 1958 1002 2014 qua
1058 1953 1514 2014 prmceperatrex
1563 1941 1730 2011 tnilti,
1781 1953 1840 1998 ut

242 2028 418 2068 essem
451 2015 555 2067 dux
610 2015 837 2068 interra
880 2015 1047 2079 .Iuda,
1077 2016 1143 2067 ab
1184 2029 1325 2066 anno
1364 2013 1621 2068 vicesimo
1675 2029 1844 2082 usque

241 2085 309 2140 ad
359 2101 556 2140 annum
587 2088 926 2157 tricesimum
961 2088 1254 2157 secundum
1305 2085 1627 2140 Artaxerxis
1670 2090 1840 2157 regis,

244 2171 340 2226 per
373 2173 541 2212 annos
567 2156 881 2222 duodecim,
921 2173 1020 2228 ego
1048 2167 1101 2214 et
1162 2156 1354 2212 fratres
1407 2157 1512 2211 tnei
1561 2156 1841 2226 annonas,

243 2244 364 2299 quae
416 2230 642 2284 ducibus
694 2229 1065 2298 debebantur,
1103 2245 1205 2283 non
1257 2230 1614 2283 comedimus.
1675 2231 1845 2284 Duces

245 2307 422 2355 autem
478 2301 666 2371 primi,
717 2303 806 2370 qui
875 2304 1084 2355 Inerant
1130 2309 1256 2356 ante
1304 2315 1424 2369 me,
1486 2309 1847 2369 gravavernnt

247 2374 532 2443 populum,
565 2385 615 2428 et
645 2380 972 2442 acceperunt
997 2373 1064 2425 ab
1084 2371 1162 2427 eis
1187 2415 1202 2439 ,
1253 2373 1304 2427 in
1363 2387 1500 2440 pane
1523 2413 1539 2438 ,
1597 2381 1652 2426 et
1685 2372 1844 2438 vino,

246 2451 302 2498 et
333 2447 592 2514 pecunia,
634 2446 874 2510 quotidie
916 2444 1079 2500 siclos
1101 2443 1448 2514 quadraginta
1497 2462 1508 2495 :
1540 2445 1632 2497 sed
1670 2451 1724 2498 et
1748 2445 1848 2498 mi-

249 2514 610 2586 nistrieornm
636 2515 1319 2586 depresseruntpupulum.
1356 2514 1469 2584 Ego
1511 2527 1688 2568 autem
1739 2532 1846 2570 non

248 2585 351 2642 feci
392 2590 461 2641 ita
495 2585 717 2658 propter
743 2592 992 2643 timorem
1030 2587 1121 2642 Dei
1165 2603 1178 2639 :
1221 2586 1346 2657 quin
1395 2588 1569 2657 potius
1603 2588 1652 2640 in
1685 2601 1850 2657 opere

249 2660 387 2714 muri
417 2659 708 2728 mdificavi,
741 2671 795 2714 et
839 2675 1028 2728 agrum
1064 2674 1168 2715 non
1201 2661 1304 2713 emi
1333 2700 1348 2723 ,
1398 2669 1453 2712 et
1481 2673 1665 2713 onmes
1698 2658 1849 2728 pueri

249 2732 355 2785 tnei
381 2732 689 2801 Cottgrcgati
716 2732 782 2784 ad
808 2746 942 2800 Opus
968 2742 1142 2786 erant.
1165 2730 1333 2802 .Indrei
1365 2744 1577 2802 quoque
1602 2739 1653 2784 et
1677 2732 1849 2800 inagi-

248 2813 448 2857 stratus
469 2844 482 2870 ,
515 2813 730 2858 centum
780 2805 1160 2874 quinquaginta
1187 2801 1320 2867 viri,
1364 2813 1416 2856 ct
1444 2803 1532 2872 qui
1567 2803 1849 2857 veniebant

249 2875 469 2945 adhnos
519 2875 587 2928 de
629 2876 880 2945 gentibus
924 2890 1044 2945 quae
1092 2875 1142 2928 in
1193 2875 1419 2928 circuitu
1493 2881 1679 2928 nostro
1727 2883 1853 2929 sunt

251 2943 380 3018 [ΑΙ.
414 2943 652 3018 erant];
674 2951 725 3000 in
757 2943 952 3001 mensa
972 2963 1091 3000 mea
1123 2956 1296 3000 erant.
1330 2945 1624 3000 Parabatur
1671 2958 1851 3000 autem

253 3019 382 3074 tnilti
424 3035 519 3091 per
567 3022 683 3074 dies
734 3019 971 3091 singulos
1012 3019 1109 3074 bos
1159 3033 1294 3072 unus
1322 3059 1360 3091 ,Α
1387 3018 1584 3091 arietes
1617 3033 1708 3072 sex
1738 3022 1852 3091 ele-

252 3095 354 3156 cti,
390 3087 628 3160 exceptis
666 3090 1006 3152 volatilibus,
1038 3098 1094 3144 et
1145 3091 1284 3144 inter
1331 3087 1447 3144 dies
1497 3090 1682 3144 decem
1730 3088 1852 3143 vina

257 3165 504 3226 diversa,
534 3171 588 3216 et
635 3163 738 3217 alia
784 3165 947 3216 multa
992 3162 1340 3216 tribuebant:
1396 3162 1614 3230 insuper
1654 3169 1706 3215 ct
1758 3177 1856 3215 an-

255 3251 423 3291 nonas
468 3237 692 3289 ducatu.»
727 3235 832 3310 mei
881 3250 984 3310 non
1031 3234 1284 3302 quaesivi:
1317 3233 1488 3310 -valde
1515 3232 1656 3288 enim
1710 3243 1845 3310 atle-
1876 3245 1936 3310 ρ.

257 3319 449 3362 Ituatus
475 3318 584 3362 emt
629 3308 875 3375 pepultts.
911 3305 1176 3360 Memento
1227 3305 1362 3372 mei,
1402 3306 1538 3357 Deus
1578 3321 1758 3370 meus,
1795 3304 1848 3360 itt

258 3380 486 3447 bonum,
516 3379 808 3434 secundum
833 3393 1012 3432 omnia
1044 3393 1162 3447 qua:
1193 3377 1291 3431 feci
1339 3378 1534 3446 populo
1558 3376 1700 3430 ltuic.

328 3472 347 3543 ιτ,
369 3473 496 3544 Cap.
525 3471 650 3543 VL]
680 3471 902 3527 Factum
933 3482 1010 3544 est
1044 3483 1246 3536 autem,
1269 3486 1390 3528 cum
1419 3470 1659 3526 audisset
1681 3471 1845 3544 Sana-

258 3542 455 3612 ballat,
479 3557 532 3600 et
559 3542 754 3600 Tobias
785 3553 810 3580 ει
829 3587 844 3612 ,
901 3556 953 3599 et
980 3543 1179 3598 Gosem
1209 3545 1386 3597 Arabs
1411 3583 1426 3608 ,
1459 3553 1512 3598 et
1543 3545 1724 3598 cmteri
1752 3542 1854 3596 ini-

261 3617 388 3673 inici
421 3619 588 3672 nostri
621 3658 636 3683 ,
661 3616 805 3686 quod
829 3616 1184 3672 :edilicassem
1215 3631 1314 3685 ego
1365 3631 1579 3669 murum
1600 3655 1614 3678 ,
1647 3625 1704 3669 et
1743 3630 1850 3669 non

258 3700 403 3745 esset
435 3691 486 3742 itt
513 3690 629 3757 ipso
662 3689 875 3743 residua
925 3689 1290 3758 interruptio(
1324 3701 1495 3755 uSque
1541 3687 1608 3741 ad
1641 3696 1853 3753 tempus

262 3773 441 3818 autem
483 3761 612 3814 illttd
648 3763 832 3815 valvas
867 3778 972 3815 non
1003 3773 1289 3829 posueram
1338 3761 1388 3812 ιιι
1415 3759 1632 3828 portis)
1693 3760 1855 3813 mise-

260 3846 386 3888 rttut
414 3831 722 3886 Sanaballat
743 3843 797 3885 et
823 3832 1018 3887 Gosem
1050 3831 1117 3884 ad
1146 3846 1261 3897 me,
1294 3831 1570 3884 dicentes:
1604 3830 1772 3894 Veni,
1800 3838 1856 3884 et

262 3905 626 3974 peretttiantus
652 3903 825 3956 l‘tedus
855 3900 1122 3974 pat'itcrin
1149 3901 1393 3974 viculis?
1416 3903 1678 3974 incampo
1701 3903 1846 3974 Uno,

261 3972 362 4045 lpsi
394 3985 573 4028 autem
607 3976 922 4044 cogitabant
953 3983 1010 4026 ιιι
1036 3972 1279 4045 facerent
1299 3972 1427 4028 ntihi
1458 3975 1659 4028 malum
1687 3991 1700 4025 :
1734 3972 1852 4026 Misi

220 4056 224 4060 ’
260 4044 389 4118 ergo
417 4046 484 4100 ad
515 4061 610 4100 eos
636 4049 875 4113 tmntios,
906 4045 1134 4100 dicens:
1163 4044 1310 4114 Opus
1330 4045 1534 4115 grande
1555 4059 1661 4113 ego
1693 4045 1854 4110 facio,

261 4128 317 4174 et
355 4134 462 4174 non
493 4133 709 4188 possunt
741 4118 1076 4173 descendere
1103 4135 1116 4171 :
1149 4133 1216 4172 ne
1241 4120 1377 4188 forte
1404 4118 1706 4187 negligatur
1731 4131 1854 4170 cum

263 4207 461 4246 venero
491 4187 546 4246 et
573 4191 907 4246 descendero
953 4189 1018 4244 ad
1073 4203 1184 4244 vos.
1251 4187 1512 4252 Miscruut
1563 4199 1740 4244 autem
1789 4189 1855 4243 ad

263 4278 350 4318 me
402 4261 701 4318 secundum
751 4263 974 4316 verbum
1027 4260 1129 4316 hoc
1169 4276 1263 4330 per
1309 4275 1539 4329 quatuor
1582 4261 1768 4315 vices:
1802 4272 1857 4315 et

263 4335 517 4404 respondi
566 4337 644 4388 eis
672 4338 822 4402 juxta
850 4348 1159 4388 sermonem
1191 4333 1446 4402 priorem.
1498 4335 1564 4388 Et
1604 4333 1752 4387 misit
1789 4332 1857 4388 ad

269 4421 357 4461 me
381 4406 694 4460 Sanaballat
726 4405 876 4474 juxta
907 4407 1130 4459 verbum
1163 4407 1310 4473 prius
1340 4408 1523 4477 quinta
1556 4408 1674 4460 vice
1725 4419 1862 4474 pue—

263 4493 385 4533 rum
417 4492 571 4603 διιᾚιιι
595 4519 609 4543 ,
637 4485 691 4531 et
718 4479 1001 4548 epistolam
1042 4477 1273 4533 habebat
1297 4479 1350 4534 in
1402 4495 1569 4533 manu
1597 4479 1856 4548 scriptam

267 4557 370 4603 hoc
400 4563 488 4603 mo
529 4565 600 4603 οε

267 4557 370 4604 IIOC
400 4557 560 4604 1110αο
587 4567 600 4603 ζ

1939 564 2220 629 cessarent
2247 571 2439 610 manus
2471 565 2670 629 nostrae
2699 555 2766 610 ab
2799 571 2991 627 opere,
3025 569 3073 612 et
3097 555 3526 629 quiesceremus.

1937 627 2109 694 Quam
2143 626 2212 682 ob
2259 644 2478 683 causam
2533 628 2703 699 magis
2751 626 3052 684 conforlavl
3085 626 3274 684 manus
3339 647 3524 692 meas:

1938 709 1990 771 et
2034 699 2310 771 ingressus
2369 715 2485 755 sum
2530 701 2750 756 domum
2788 702 3014 757 Semaire
3055 701 3147 756 filii
3195 701 3396 758 Dalaia:
3436 704 3534 758 lilii

1938 769 2200 826 Melaticel
2225 782 2456 827 secreto.
2490 771 2592 840 Qui
2619 772 2695 825 ait
2728 791 2739 827 :
2773 775 3093 829 Tractemtts
3144 775 3422 829 nobiscum
3475 775 3531 831 in

1939 844 2099 896 domo
2135 843 2224 897 Dei
2279 845 2329 896 itt
2365 844 2542 897 medio
2597 844 2812 915 templi,
2872 855 2926 899 et
2971 844 3284 900 clattdamus
3339 853 3530 915 portas

1939 915 2069 969 tedis
2100 934 2110 969 :
2145 915 2268 979 quia
2299 915 2514 970 venturi
2560 926 2682 968 sunt
2713 927 2767 970 ιιι
2797 916 3125 972 interficiant
3155 927 3237 978 te,
3280 925 3333 973 et
3370 929 3531 973 nocte

1940 987 2152 1042 venturi
2203 997 2326 1041 sttnt
2353 987 2418 1042 ad
2448 986 2802 1059 occidendum
2829 997 2900 1042 te.
2941 991 3003 1042 ιςι
3030 989 3140 1044 dixi
3168 1005 3183 1044 :
3217 987 3352 1043 Num
3385 990 3533 1059 quis-

1939 1072 2096 1126 quam
2123 1059 2314 1113 similis
2343 1059 2445 1113 mei
2474 1070 2497 1096 ο
2533 1057 2712 1129 fugit?
2737 1068 2789 1114 et
2816 1059 2936 1130 quis
2986 1070 3044 1114 ut
3071 1076 3171 1130 ego
3200 1057 3534 1130 ingredietur

1939 1131 2199 1202 templum
2227 1172 2241 1194 ,
2277 1141 2330 1185 et
2353 1131 2534 1186 vivet?
2577 1147 2684 1185 non
2715 1131 3004 1200 ingrediar.
3033 1133 3097 1186 Et
3121 1133 3356 1187 intellexi
3385 1133 3529 1202 qttod

1941 1199 2084 1256 Deus
2112 1217 2216 1256 non
2250 1204 2487 1257 misisset
2515 1217 2660 1268 eum,
2692 1199 2793 1257 sed
2815 1206 2966 1269 quasi
2992 1205 3290 1258 vaticinans
3319 1199 3530 1259 loeutus

1941 1283 2083 1328 esset
2111 1275 2176 1328 ad
2211 1288 2327 1338 me,
2370 1283 2424 1330 et
2450 1274 2679 1340 Tobias,
2710 1280 2765 1327 et
2797 1274 3107 1330 Sanaballat
3137 1274 3535 1331 eanduxisscnt

1941 1359 2060 1399 eunt
2093 1360 2106 1410 ;
2141 1354 2426 1417 acceperat
2454 1345 2600 1402 enim
2630 1346 2866 1415 pretium
2887 1388 2900 1411 ,
2929 1357 2988 1400 ut
3017 1347 3236 1401 territus
3261 1343 3531 1414 facerem,

1941 1424 1994 1470 et
2027 1431 2344 1490 peccarent,
2385 1425 2442 1472 et
2483 1417 2748 1473 haberent
2800 1418 3034 1490 malum,
3067 1419 3209 1490 quod
3241 1417 3540 1490 exprobra-

1941 1497 2064 1560 rent
2088 1488 2241 1560 mihi.
2275 1488 2545 1544 Memento
2617 1491 2720 1545 tnei
2744 1530 2758 1554 ,
2797 1489 3022 1560 Domine
3045 1531 3059 1556 ,
3085 1488 3205 1559 'pro
3237 1488 3402 1560 Tobia
3433 1531 3447 1551 ,
3479 1500 3537 1546 et

1939 1559 2283 1623 Sanaballat,
2311 1560 2464 1630 juxta
2491 1574 2652 1631 opera
2685 1575 2871 1615 eorum
2918 1557 3041 1614 talia
3070 1579 3082 1614 :
3111 1557 3210 1615 sed
3253 1570 3308 1616 et
3341 1557 3367 1597 ά
3396 1561 3533 1616 Noa-

1941 1632 2043 1685 dite
2065 1633 2346 1702 propltette
2364 1676 2378 1694 ,
2405 1640 2460 1686 et
2504 1642 2823 1688 ca‘terorunt
2851 1632 3233 1702 prophetarum
3256 1674 3271 1699 ,
3301 1633 3388 1701 qui
3431 1644 3544 1688 ter-

1942 1705 2132 1757 rebant
2181 1720 2287 1759 me.
2335 1705 2648 1774 Contplcltts
2689 1714 2772 1758 est
2818 1715 2996 1758 autent
3045 1715 3230 1758 murus
3278 1705 3540 1759 vicesimo

1940 1777 2129 1844 quinto
2162 1775 2249 1829 die
2277 1776 2482 1830 mensis
2513 1775 2650 1840 Elul,
2681 1776 3066 1845 quinquaginta
3090 1776 3304 1831 duobus
3324 1775 3538 1831 diebus.

1865 1876 1960 1940 B‘
2017 1846 2373 1940 Factutn‘est
2403 1861 2532 1940 ergp
2575 1862 2694 1929 cum
2741 1847 3023 1940 audissent
3072 1861 3264 1904 omnes
3338 1845 3541 1930 inimici

1949 1921 2148 1982 nostri,
2175 1928 2232 1972 ut
2261 1921 2519 1975 timerent
2548 1920 2811 1972 universa:
2842 1925 3063 1988 gentes,
3096 1935 3217 1988 qua:
3266 1929 3423 1974 erant
3481 1921 3538 1974 in

1945 1989 2170 2043 circuitu
2205 1999 2422 2056 nostro,
2479 1999 2532 2044 et
2585 1990 2932 2043 eoneitlerent
2980 1990 3120 2044 intra
3175 1992 3537 2058 semetipsos,

1945 2069 2000 2115 et
2031 2061 2236 2114 scirent
2265 2061 2413 2130 quod
2441 2077 2468 2113 a
2503 2060 2616 2114 Deo
2641 2061 2842 2113 factum
2869 2070 3016 2114 esset
3040 2077 3175 2129 opus
3203 2062 3324 2116 hoc.
3351 2062 3456 2116 Sed
3487 2073 3546 2117 et

1947 2134 1998 2187 in
2050 2131 2242 2186 diebus
2286 2129 2444 2198 illis,
2499 2131 3393 2203 multa:eptintatumludatornm
3429 2135 3546 2203 epi-

1947 2204 2100 2258 stola:
2147 2205 2500 2258 mittebantur
2523 2202 2588 2257 ad
2618 2201 2843 2257 Tobiam
2875 2243 2890 2268 ,
2923 2213 2976 2256 et
3002 2217 3030 2255 a
3059 2202 3226 2257 Tobia
3258 2201 3546 2258 veniebant

1947 2273 2014 2328 ad
2031 2290 2143 2329 eos.
2167 2275 2314 2329 Multi
2344 2276 2489 2330 enim
2515 2285 2668 2329 erant
2699 2274 2751 2328 in
2774 2273 2956 2328 Judtea
2989 2273 3250 2344 habentes
3270 2275 3550 2344 jnrameu-

1950 2356 2059 2400 tum
2092 2346 2243 2416 ejus,
2297 2347 2423 2416 quia
2472 2361 2649 2417 gener
2679 2355 2796 2400 erat
2825 2344 3103 2400 Seclteniae
3135 2343 3226 2400 ﬁlii
3276 2343 3302 2382 δ
3350 2345 3500 2402 lorei
3527 2391 3544 2416 ,

1950 2427 2004 2471 et
2065 2417 2314 2472 Joltanan
2366 2417 2506 2472 filius
2553 2417 2672 2485 ejus
2725 2428 3010 2486 acceperat
3060 2417 3220 2472 ﬁliam
3266 2417 3549 2473 Mosellam

1951 2489 2044 2544 filii
2081 2489 2387 2544 Barachite:
2427 2488 2522 2543 sed
2547 2498 2601 2543 et
2627 2488 2917 2542 laudabant
2945 2504 3066 2542 eum
3117 2501 3300 2543 coram
3344 2505 3462 2555 me,
3491 2497 3548 2545 et

1953 2561 2111 2616 verba
2147 2575 2265 2616 mea
2294 2559 2613 2615 nuntiabant
2650 2561 2699 2615 ei
2735 2577 2748 2615 :
2783 2565 2837 2615 et
2887 2558 3084 2616 Tobias
3133 2560 3382 2616 mittebat
3433 2562 3549 2631 epi-

1952 2635 2156 2698 stolas,
2188 2639 2246 2686 ut
2279 2642 2511 2686 terreret
2539 2648 2647 2686 me.

2026 2703 2194 2778 [(Σαι),
2220 2701 2358 2774 Vll.]
2392 2703 2679 2774 PoStquam
2703 2712 2881 2778 autem
2910 2702 3204 2778 :erliticatus
3227 2713 3312 2758 est
3337 2719 3545 2771 murus,

1912 2802 1920 2810 -
1955 2786 2008 2832 et
2028 2775 2191 2846 posui
2225 2778 2440 2843 valvas,
2474 2786 2525 2830 et
2574 2775 2816 2829 recensui
2838 2775 3105 2844 janitores
3131 2817 3145 2840 ,
3177 2782 3505 2830 etcantores
3531 2816 3546 2840 ,

1955 2857 2011 2904 et
2033 2847 2256 2903 Levitas
2287 2866 2299 2902 :
2355 2847 2582 2916 prmeepi
2617 2847 2789 2900 Auani
2823 2848 2972 2900 lratri
3029 2857 3179 2911 meo,
3235 2853 3290 2900 et
3325 2846 3551 2901 Anania:

1955 2921 2186 2989 principi
2215 2920 2408 2973 domus
2438 2919 2504 2973 de
2557 2918 3036 2990 Jerusaletn(ipse
3071 2918 3212 2990 enim
3258 2920 3412 2988 quasi
3467 2919 3551 2990 vir

1959 2988 2200 3046 verax’et
2230 2990 2424 3044 timens
2458 2993 2620 3043 Detttn
2650 2990 2764 3057 plus
2811 2988 3024 3044 caeteris
3063 2988 3350 3044 videbatur
3383 2990 3424 3060 ).
3480 2989 3550 3044 Et

1959 3063 2067 3117 dixi
2096 3065 2173 3117 eis
2201 3081 2212 3115 :
2241 3063 2355 3117 Non
2390 3062 2704 3130 aperiuntur
2731 3073 2896 3131 ponte
2927 3061 3228 3116 Jerusalem
3262 3076 3432 3132 usque
3481 3060 3552 3116 ad

1958 3138 2194 3190 calorem
2238 3136 2390 3188 solis.
2423 3134 2668 3200 Cumque
2714 3133 2891 3187 adhuc
2939 3133 3259 3188 assiste-rent
3293 3175 3306 3198 ,
3351 3134 3552 3187 clausa:

1961 3218 2128 3274 portte
2173 3215 2298 3260 sttnt
2329 3247 2342 3270 ,
2413 3213 2465 3261 et
2505 3205 2756 3275 oppilata:
2807 3222 2820 3258 :
2867 3214 2921 3259 et
2977 3205 3129 3274 posui
3183 3204 3438 3259 custodes
3485 3204 3556 3260 de

1959 3278 2351 3335 habitatoribus
2389 3275 2711 3341 Jerusalem,
2759 3275 2998 3346 singulos
3031 3291 3125 3344 per
3147 3276 3291 3329 vices
3312 3291 3468 3342 suas,
3499 3283 3556 3331 et

1956 3365 2390 3420 unumquemque
2421 3361 2613 3404 contra
2665 3349 2881 3402 domum
2915 3364 3092 3402 suam.
3121 3348 3320 3420 Civitas
3372 3359 3554 3402 autem

1954 3430 2071 3480 erat
2120 3423 2221 3476 lata
2257 3419 2418 3476 nitnis
2474 3429 2530 3476 et
2574 3420 2831 3491 grandis,
2871 3429 2927 3474 et
2972 3419 3203 3491 populus
3253 3434 3448 3490 parvus
3500 3421 3552 3473 in

1956 3495 2136 3550 medio
2181 3493 2320 3562 ejus,
2369 3501 2423 3546 et
2460 3489 2752 3547 non'erant
2798 3489 2992 3545 domus
3039 3489 3340 3547 aedificiis}.
3400 3491 3555 3545 Dedit

1958 3567 2098 3622 Deus
2129 3577 2308 3620 autem
2343 3565 2392 3618 in
2425 3564 2589 3619 corde
2613 3577 2768 3628 meo,
2795 3572 2852 3618 et
2879 3563 3197 3633 congregavi
3229 3564 3516 3631 Optimates
3536 3603 3553 3629 ,

1955 3648 2012 3694 et
2067 3639 2412 3706 magistratus
2446 3681 2459 3705 ,
2509 3644 2565 3690 et
2612 3635 2802 3705 vulgus
2835 3679 2849 3702 ,
2909 3645 2968 3689 ut
3021 3647 3558 3706 recettseremieos,

1957 3721 2036 3788 et_
2075 3705 2253 3764 inveni
2305 3708 2499 3788 librum
2545 3722 2741 3762 census
2774 3719 2996 3788 eorum,
3045 3707 3133 3788 qui
3193 3705 3557 3761 ascenderant

1958 3782 2189 3853 primum
2213 3821 2227 3846 ,
2261 3790 2316 3834 et
2349 3780 2624 3853 inventum
2659 3789 2738 3853 est
2771 3779 3029 3853 scriptum
3059 3779 3111 3830 in
3140 3791 3245 3853 eo:

2031 3853 2121 3907 Isti
2150 3853 2238 3905 lilii
2264 3851 2588 3922 provittcizc,
2616 3850 2705 3919 qui
2746 3846 3126 3922 ascenderunt
3141 3849 3217 3922 de
3241 3846 3558 3918 captivitate

1958 3920 2342 3994 migrantium,
2371 3937 2505 3992 quos
2530 3921 2880 3994 transtulerat
2925 3920 3426 3994 lVahuchodonosor
3458 3935 3553 3994 rex

1960 3989 2246 4068 Babylonis
2268 4036 2282 4060 ,
2327 3989 2400 4049 et'
2425 3995 2629 4068 reversi
2670 4002 2807 4068 sunt
2838 3991 2889 4046 in
2919 3991 3263 4068 Jerusalem,
3282 3999 3338 4046 et
3385 3990 3435 4044 in
3462 3989 3558 4047 Ju-

1957 4062 2128 4123 dzeaitt
2154 4068 2522 4136 unusquisque
2549 4065 2605 4119 in
2637 4064 2906 4118 civitatem
2940 4079 3114 4118 suam.
3138 4135 3141 4136 ν
3163 4062 3560 4136 Qui_venernnt

1957 4151 2078 4194 eum
2111 4133 2651 4204 Zorobahel,’Josue,
2685 4136 2961 4199 Necmias,
2991 4135 3242 4198 Mtrias,
3273 4133 3546 4197 Raamias,

1963 4211 2218 4266 Naamani
2267 4209 2392 4282 [ΑΙ.
2441 4209 2734 4282 Νειιιηιειιι-ἰη
2767 4205 2817 4274 VI,
2874 4206 3285 4282 Illardocltajus,
3331 4204 3557 4282 Belsan,

1960 4275 2298 4353 Mespltarat“,
2331 4281 2561 4351 Beggoai
2583 4322 2596 4346 ,
2648 4278 2848 4342 Naum,
2896 4277 3094 4332 Baana.
3125 4275 3391 4331 Numerus
3415 4278 3561 4332 viro-

1965 4371 2083 4410 rum
2115 4355 2299 4421 populi
2327 4353 2487 4407 Israel
2518 4369 2530 4404 :

2033 4420 2154 4480 Filii
2188 4426 2422 4490 Pharos,
2458 4423 2564 4477 duo
2596 4421 2762 4475 millia
2793 4429 3008 4474 centum
3032 4420 3369 4490 septuaginta
3394 4420 3500 4475 duo
3535 4438 3550 4478 :

1963 4499 2080 4552 Filii
2111 4496 2414 4563 Saphatim,
2451 4496 2676 4548 trecenti
2701 4491 3042 4562 septuaginta
3064 4493 3170 4545 duo
3195 4508 3219 4563 τί
3242 4493 3358 4546 Filii
3382 4493 3519 4547 Area
3543 4535 3560 4559 ,

1963 4562 2205 4625 sexcenti
2234 4565 2617 4637 quinquaginta
2645 4563 2752 4620 duo
2779 4581 2792 4620 :
2817 4563 2938 4637 Filii
2971 4562 3391 4637 PltaetIt-Moab,
3424 4564 3562 4620 filio.

338 4649 394 4704 In
427 4648 677 4721 gentibus
725 4646 968 4721 auditum
992 4657 1075 4721 est
1103 4690 1116 4714 ,
1160 4659 1212 4702 et
1240 4646 1436 4702 Gosem
1485 4643 1620 4698 dixit
1647 4687 1661 4712 ,
1690 4641 1856 4721 quod
1885 4631 1941 4697 Β
1967 4657 2084 4697 rutn
2111 4631 2286 4721 lustre.
2323 4631 2572 4721 etZJoab,
2605 4637 2710 4721 duo
2741 4635 2912 4721 millia
2937 4636 3255 4721 petitigenti
3277 4636 3474 4721 _tlecem
3507 4645 3565 4692 et

269 4733 323 4776 ιιι
354 4732 407 4778 et
430 4715 606 4776 indeei
633 4722 876 4793 regnetis
900 4719 1190 4783 rebellare,
1225 4730 1279 4773 et
1303 4725 1585 4786 pr0pterea
1622 4715 1858 4772 mdiﬂces

268 4811 482 4849 murum
511 4804 563 4848 et
586 4795 768 4849 levare
799 4802 852 4848 te
881 4793 1016 4846 velis
1039 4804 1201 4861 super
1229 4803 1322 4844 eos
1349 4803 1528 4858 regem
1566 4806 1578 4842 :
1637 4798 1858 4861 propter

267 4881 424 4937 quam
455 4881 669 4922 causam
703 4874 757 4922 et
783 4864 1074 4936 prophetas
1109 4860 1393 4937 posueris,
1433 4862 1532 4937 _qui
1563 4860 1859 4937 priedieent

267 4931 337 4992 de
362 4951 412 4993 te
438 4931 1048 5005 Jerusalem,'tlic'cntes
1075 4953 1087 4988 :
1118 4931 1233 4988 Ilex
1265 4934 1317 4986 ιιι
1345 4931 1531 4987 .Iudaea
1560 4941 1658 4986 est.
1687 4931 1856 4986 Audio

269 5021 424 5064 turus
472 5020 554 5065 est
608 5026 700 5065 rex
760 5009 918 5065 verba
967 5007 1081 5062 haec
1121 5025 1132 5059 :
1171 5006 1372 5060 idcirco
1420 5019 1562 5059 nunc
1592 5007 1744 5072 veni,
1798 5014 1857 5058 ttt

269 5082 514 5136 ineamus
541 5081 824 5138 consilium
855 5081 1076 5151 pariter.
1107 5077 1173 5133 Et
1203 5076 1326 5151 misi
1357 5075 1424 5130 ad
1469 5090 1594 5144 eos,
1632 5076 1853 5151 dicens:

267 5152 386 5208 Non
415 5161 498 5209 est
525 5154 719 5210 laetum
749 5148 1045 5209 secundum
1089 5152 1250 5206 verba
1303 5149 1418 5202 haec
1444 5189 1460 5213 ,
1516 5163 1634 5217 qua:
1670 5157 1724 5200 tu
1777 5148 1857 5202 lo-

268 5226 454 5296 queris
477 5242 492 5283 :
516 5227 583 5282 de
611 5225 776 5282 corde
801 5226 946 5282 enim
978 5233 1071 5280 tuo
1099 5233 1153 5279 tu
1181 5221 1462 5292 componis
1494 5220 1630 5275 hare.
1655 5219 1858 5276 Omnes

341 5395 411 5406 —
435 5365 655 5436 Reginae
701 5382 802 5421 ms.
836 5381 958 5422 cum
1001 5365 1121 5420 aliis
1152 5379 1318 5436 penes
1346 5362 1594 5419 Martian.
1652 5358 1857 5416 vendite

271 5436 462 5509 fratres
491 5447 689 5492 nostros
714 5481 732 5509 ,ν
762 5447 808 5492 et
836 5453 1060 5493 emeritus
1087 5453 1194 5492 eos.

344 5518 371 5547 α
401 5509 682 5565 Interserit
725 5508 812 5563 hic
836 5511 976 5565 idem
1027 5524 1128 5564 ms.
1164 5523 1362 5566 nomen
1383 5553 1397 5579 ,
1428 5506 1648 5562 Marciis
1669 5546 1684 5573 ,
1717 5501 1860 5574 quod

271 5580 487 5651 quidem
521 5581 660 5636 haud
678 5584 794 5636 scio
823 5581 964 5638 unde
991 5581 1291 5637 excuderit.
1372 5595 1373 5600 ‘

346 5651 372 5730 ξ’
413 5654 632 5730 Regina:
685 5668 811 5730 ms;
849 5655 1046 5730 aliique
1071 5653 1218 5730 apud
1250 5653 1500 5709 Marti-an.
1535 5652 1590 5705 in
1633 5647 1865 5730 υίιιςζξεί

272 5723 368 5797 alii
419 5723 634 5780 codices
675 5735 730 5782 et
770 5724 984 5797 Vulgati
1035 5725 1278 5796 plerique
1315 5737 1508 5780 omnes
1553 5732 1677 5797 ante
1718 5723 1866 5797 _Sixti

266 5794 320 5868 y
369 5797 660 5852 editionem
700 5813 852 5868 atque
878 5792 1050 5853 'male'
1091 5799 1156 5852 in
1192 5792 1442 5864 uinculis,
1487 5792 1866 5867 prtcferebant.

275 5867 458 5940 Taceo
481 5867 782 5940 quoduno,
816 5884 914 5940 pro
935 5871 1050 5924 (οηο
1077 5870 1130 5924 itt
1160 5870 1438 5926 nonnullis
1470 5868 1686 5939 legitur.

353 5950 376 5978 ί
409 5939 605 5996 Vitiose
634 5939 685 5994 in
710 5939 902 5997 eodem
936 5958 1037 5997 ms.
1069 5943 1166 6013 fuit
1195 5983 1210 6009 ,
1242 5958 1342 6013 pro
1373 5941 1530 6012 fugit.

1964 4723 2086 4769 octo
2121 4730 2134 4765 :
2169 4710 2288 4764 Filii
2343 4711 2492 4764 Elam
2515 4750 2528 4773 ,
2562 4708 2710 4762 mille
2756 4707 2973 4763 ducenti
3002 4706 3383 4777 quinquaginta
3426 4723 3562 4778 qua-

1967 4797 2088 4840 tuor
2111 4782 2234 4854 [ΑΙ.
2261 4778 2577 4852 octoginta]
2605 4779 3040 4854 :_Fil_ii_Zetlt_ua
3067 4822 3080 4846 ,
3113 4778 3403 4854 octingenti
3430 4795 3562 4849 qna-

1964 4849 2207 4927 draginta
2241 4849 2504 4927 _quinjqne
2553 4849 2738 4927 {Filii
2785 4849 3014 4927 Zacltai,
3049 4851 3372 4927 septingenti
3403 4868 3561 4906 sexa-

1963 4922 2111 4998 ginta
2168 4945 2181 4982 :
2238 4922 2357 4998 Filii
2391 4925 2640 4998 Bannui,
2683 4923 2941 4998 sexcenti
2968 4922 3320 4998 quadraginta
3375 4934 3500 4998 octo
3543 4938 3558 4976 :

1967 4991 2087 5056 Filii
2135 4996 2326 5066 Dt-bai,
2373 4996 2612 5051 sexcenti
2646 4995 2841 5066 viginti
2873 4991 3033 5066 octo;
3073 4991 3426 5063 FiliiAzgatl,
3458 4995 3564 5048 duo

1966 5074 2132 5128 millia
2156 5063 2379 5126 trecenti
2416 5068 2602 5138 viginti
2634 5063 2780 5120 duo:
2811 5065 2928 5120 Filii
2958 5063 3252 5138 Adonicam
3274 5107 3287 5128 ,
3323 5066 3567 5120 sexrenti

1965 5145 2243 5215 sexaginta
2273 5149 2529 5215 septenus
2548 5139 2668 5193 Filii
2693 5138 2947 5215 Baggoai,
2966 5137 3260 5215 _duonn_llia
3287 5139 3566 5215 sexaginta

1972 5219 1990 5258 ί
2019 5207 2250 5288 δειῖιοιῐι,
2277 5207 2399 5268 Filii
2430 5211 2594 5280 Adin,
2625 5207 2868 5266 sexcenti
2889 5207 3273 5279 quinquaginta
3295 5208 3562 5279 quinque:

2038 5352 2066 5393 ά
2091 5352 2238 5410 Idem
2285 5365 2386 5406 ms.
2418 5349 2632 5421 {vitiose
2660 5348 2889 5414 iterum,
2921 5355 2968 5401 et
2998 5363 3098 5400 non
3129 5347 3298 5402 Adire.
3347 5347 3572 5404 Prmstat

1968 5439 2102 5485 vero
2125 5426 2440 5490 admonere,
2473 5423 2525 5476 in
2550 5421 2684 5492 Iieb.
2715 5427 2930 5492 autem
2949 5431 3070 5474 esse
3087 5421 3322 5492 sequiori
3344 5425 3566 5491 genere,

1974 5503 2092 5558 sive
2113 5495 2515 5565 protthetissam
2540 5491 2798 5565 Noadiam
2827 5491 2932 5546 dici
2953 5531 2967 5558 ,
2997 5505 3105 5545 non
3135 5491 3472 5565 prophetam.

2049 5581 2072 5610 ε
2102 5561 2176 5625 Ita
2218 5561 2410 5622 Canon
2466 5564 2828 5620 Memmianus
2857 5575 2921 5618 ac
2972 5561 3155 5618 cteteri
3198 5561 3387 5619 omnes
3436 5577 3570 5619 mss.

1975 5643 2214 5700 codices.
2246 5638 2389 5694 Editi
2413 5637 2597 5708 legunt
2630 5634 2728 5706 ﬁlii
2756 5635 2889 5708 Area
2915 5633 3068 5705 juxta
3102 5633 3384 5708 Hebraeum
3414 5677 3429 5704 ,
3479 5637 3573 5691 ttbi

1979 5715 2184 5772 nullum
2218 5720 2445 5781 apparet
2476 5707 2584 5776 ’iod
2619 5709 2770 5781 initio
2802 5707 2964 5776 hujus
2991 5707 3247 5761 nominis.
3279 5707 3459 5781 MART:

2056 5786 2076 5824 τ
2105 5777 2375 5855 Ιὶρς.“ιίιξ.
2422 5780 2747 5855 septuaginta
2789 5791 3020 5855 septem;
3052 5793 3177 5834 mox
3200 5794 3411 5851 quoque
3434 5777 3578 5850 Βησι-

1981 5860 2118 5931 οοῑηι
2137 5899 2152 5928 ,
2186 5848 2282 5930 pro
2313 5848 2543 5926 Baggoai
2568 5848 2772 5923 :‘V'ulg.
2799 5848 3018 5920 Beguai.
