4062 6348
268 300 293 355 I
308 300 404 357 539

1674 297 1877 354 LIBER
1916 296 2145 356 ΕΖΒΑΞ.

3431 304 3570 363 1450

264 428 449 478 essent
496 420 552 477 in
601 420 907 477 Jerusalem
954 419 1174 477 civitate
1227 427 1436 492 sancta,
1488 433 1682 476 novem
1722 434 1855 475 vero
1881 423 1933 483 Α
1958 419 2047 487 da,
2072 428 2128 475 et
2148 420 2206 492 in
2226 417 2585 488 Betbpltaleth
2604 460 2618 487 ,
2650 427 2705 475 et
2732 418 2785 475 in
2814 419 3091 492 Asersual,
3113 427 3167 477 et
3196 421 3248 475 in
3272 420 3565 489 Bersabee,

266 502 447 562 partes
510 494 567 549 in
628 493 966 551 civitatibus.
1035 492 1325 547 Benedixit
1375 500 1557 547 autem
1621 492 1855 563 populus

262 567 514 620 omnibus
544 566 694 632 viris,
736 566 825 634 qui
858 580 917 619 se
954 575 1150 633 sponte
1188 564 1524 627 obtulerant,
1556 572 1614 618 ut
1646 564 1857 617 habita-

262 645 382 691 rent
412 638 462 690 in
496 636 823 692 Jerusalem.
856 636 937 690 illi
966 646 1091 690 sunt
1119 635 1303 704 itaque
1335 636 1608 705 principes
1639 635 1857 701 provin-

260 710 381 772 ciae,
414 711 507 779 qui
541 708 921 779 habitaverunt
950 708 1001 761 in
1031 706 1353 779 Jerusalem,
1383 718 1433 761 et
1463 710 1514 761 itt
1544 708 1858 762 civitatibus

248 777 745 847 JudaIHabitavit
793 777 899 850 [AL
948 779 1076 833 add.
1129 777 1332 849 autem]
1388 780 1759 848 uttuSquisque
1802 779 1853 832 in

261 866 294 920 p
315 851 611 906 issessione
634 866 751 917 sua,
782 852 833 905 in
861 852 1087 906 urbibus
1117 851 1251 911 suis,
1284 850 1473 914 Israel,
1509 852 1848 919 sacerdotes,

266 922 491 986 Levittn,
526 922 818 987 Nathina~i,
852 932 905 976 et
937 923 1033 977 ﬁlii
1060 937 1346 977 servorum
1376 922 1707 976 Salomonis.

333 996 399 1047 Et
431 995 482 1046 in
517 994 818 1049 Jerusalem
852 994 1230 1048 habitaverunt
1259 994 1327 1049 de
1355 994 1478 1047 ﬁliis
1505 994 1663 1059 Juda,
1691 1004 1744 1050 et
1784 993 1854 1049 de

261 1067 386 1119 liliis
422 1065 701 1135 Benjatnin
729 1082 744 1120 :
779 1067 846 1120 de
878 1067 1002 1119 liliis
1038 1066 1203 1128 Juda,
1236 1065 1428 1120 Atbait
1461 1066 1601 1119 lilius
1646 1066 1851 1131 Aziatn,

264 1138 355 1192 lilii
378 1137 678 1202 Zacharim,
704 1138 797 1191 ﬁlii
828 1138 1081 1205 Atuarim,
1113 1137 1204 1192 ﬁlii
1238 1137 1531 1206 Saphat’ab,
1560 1136 1655 1191 lilii
1691 1137 1858 1192 Mala-

258 1209 357 1263 Ieel
393 1227 405 1261 :
438 1209 507 1262 de
540 1210 660 1263 liliis
709 1210 944 1271 Phares,
996 1210 1193 1264 Maasia
1246 1207 1388 1263 ﬁlitts
1421 1210 1659 1273 Barnch,
1715 1210 1857 1263 lilius

255 1280 510 1347 Choloza,
542 1281 684 1335 ﬁlius
708 1281 857 1349 Azia,
886 1280 1029 1335 ﬁlius
1046 1280 1246 1346 Adaia,
1284 1282 1425 1334 ﬁlius
1456 1279 1681 1343 Joiarib,
1714 1281 1857 1336 ﬁlius

256 1350 532 1406 Zacliarize
556 1392 570 1411 ,
607 1353 746 1406 lilius
771 1352 1057 1416 Silonitis;
1086 1368 1274 1409 omnes
1301 1353 1352 1407 hi
1387 1351 1477 1405 lilii
1507 1352 1730 1417 Phares,
1763 1354 1855 1423 qui

256 1424 637 1496 habitaverunt
689 1427 743 1477 in
788 1424 1086 1480 Jerusalem
1117 1467 1130 1491 ,
1170 1424 1546 1496 quadringenti
1576 1423 1855 1495 sexaginta

255 1505 378 1550 octo
404 1495 507 1549 viri
541 1496 734 1550 fortes.

326 1568 387 1620 Ili
412 1577 540 1621 sunt
570 1577 750 1622 autem
778 1566 868 1621 lilii
898 1567 1179 1632 Benjamin
1206 1586 1219 1621 :
1249 1567 1456 1623 Selium
1487 1567 1628 1621 ﬁlius
1657 1566 1858 1621 Mosel-

255 1638 389 1703 lam,
427 1639 569 1693 ﬁlius
595 1638 752 1701 Joed,
796 1638 943 1693 ﬁlius
985 1638 1243 1707 Phadaia,
1294 1638 1436 1694 ﬁlius
1462 1639 1667 1697 Colaia.
1714 1639 1857 1693 ﬁlius

255 1710 439 1779 Masia,
474 1710 616 1765 ﬁlius
652 1710 872 1775 lithcel,
918 1711 1059 1764 lilius
1082 1718 1108 1747 ι
1139 1711 1293 1775 Isaia,
1324 1720 1378 1765 et
1404 1719 1520 1779 post
1561 1725 1683 1764 eum
1714 1710 1858 1764 Geb-

254 1781 359 1849 bai,
384 1781 569 1845 Sellai,
598 1784 852 1850 nongenti
880 1782 1065 1853 viginti
1088 1796 1230 1845 octo,
1262 1790 1316 1835 ct
1342 1783 1458 1837 Joel
1495 1780 1635 1836 ﬁlius
1658 1780 1848 1853 Z--eliri

254 1854 576 1921 prmpositus
597 1868 811 1921 eorum,
835 1864 892 1909 et
912 1852 1077 1909 Iudas
1112 1854 1253 1909 ﬁlius
1274 1854 1452 1909 Senua
1482 1868 1645 1924 super
1664 1852 1853 1908 civita-

252 1931 356 1979 tcut
379 1926 672 1980 secundus.

321 1996 385 2051 Et
411 1997 480 2052 de
511 1996 910 2063 sacerdotibus,
936 1996 1075 2052 Idaia
1105 1996 1245 2052 ﬁlius
1273 1996 1482 2065 Joarin,
1514 1996 1731 2061 Jacltin,
1753 1996 1851 2053 Sa-

249 2068 357 2121 ra'ta
380 2068 525 2122 ﬁlius
556 2069 775 2131 Ilelciw,
805 2070 945 2124 ﬁlius
968 2070 1273 2133 Mosellam,
1306 2068 1448 2123 ﬁlius
1478 2069 1678 2133 Sadoc,
1709 2069 1852 2125 lilius

251 2138 701 2214 hloraioth,ﬁlius
728 2141 931 2194 Abitub
954 2140 1062 2214 [AL
1092 2140 1344 2213 Achilob]
1378 2142 1626 2209 princeps
1658 2141 1852 2196 domus

256 2210 370 2275 Dei,
411 2224 461 2266 et
500 2214 699 2265 fratres
726 2229 916 2267 eorum
944 2210 1202 2267 facientes
1233 2210 1401 2283 opera
1428 2214 1610 2283 templi
1634 2255 1647 2278 ,
1678 2215 1851 2267 octin-

249 2284 394 2351 genti
426 2284 614 2350 viginti
646 2285 772 2339 duo.

322 2357 382 2407 lit
414 2354 584 2409 Adaia
618 2355 757 2409 lilius
779 2356 1019 2418 Jeroam,
1044 2353 1186 2409 ﬁlius
1210 2355 1468 2421 Phelelia,
1498 2354 1643 2408 ﬁlius
1674 2355 1844 2417 Amsi,

250 2424 391 2479 ﬁ?ius
412 2427 713 2493 Zachariae,
743 2427 882 2481 ﬁlius
923 2428 1151 2492 Pltcsur,
1195 2428 1331 2481 ﬁlius
1366 2428 1627 2490 Melrhiat,
1655 2440 1709 2481 et
1737 2427 1846 2479 fra-

249 2506 360 2552 tres
380 2499 499 2567 ejus
526 2498 796 2569 principes
820 2510 1060 2569 patrum:
1095 2500 1309 2553 (iUCl'llIi
1337 2498 1687 2568 quadraginta
1718 2499 1844 2551 duo.

247 2569 307 2622 Et
343 2572 592 2623 Antassai
623 2570 765 2624 ﬁlius
792 2571 819 2609 ι)
844 2573 1057 2630 Azrcel.
1093 2570 1237 2624 ﬁlius
1261 2570 1449 2637 Ahazi,
1478 2570 1618 2623 ﬁlius
1651 2570 1841 2625 Mosol.

246 2640 474 2705 latnoth,
502 2641 645 2695 ﬁlius
674 2643 909 2705 Emmer,
945 2654 1001 2698 et
1031 2642 1231 2696 fratres
1258 2657 1447 2696 eorum
1483 2651 1735 2711 potentes
1766 2642 1846 2695 ni-

248 2712 385 2785 mis:
416 2726 633 2767 centum
668 2714 852 2780 viginti
879 2727 1024 2781 ceto,
1052 2724 1107 2770 et
1136 2716 1458 2785 pra'positus
1484 2729 1674 2768 eorum
1708 2712 1848 2768 Zab-

246 2784 353 2837 diel
388 2785 531 2839 lilius
562 2786 883 2855 potentium.

316 2856 385 2909 Et
418 2858 484 2910 de
514 2857 715 2911 Levitis
747 2870 768 2897 ο
813 2858 1048 2913 Sehenia
1088 2857 1228 2912 ﬁlius
1258 2856 1411 2912 Asub
1437 2899 1450 2921 ,
1493 2855 1633 2910 ﬁlius
1661 2855 1849 2911 Azari-

245 2941 387 2992 eam,
406 2927 549 2982 ﬁlius
572 2930 789 2995 Asabia,
818 2929 964 2984 ﬁlius
988 2930 1213 2992 Boni,et
1235 2927 1492 2983 Sabatltai
1516 2929 1842 2991 etJosabed,
1920 2972 1923 2977 .

244 3013 409 3073 super
438 3000 555 3073 [AL
592 3001 719 3073 add.
749 3000 952 3072 omnia]
985 3017 1171 3070 opera,
1207 3017 1327 3069 qua:
1358 3008 1513 3054 erant
1541 2999 1849 3055 forinsecus

248 3070 299 3123 in
325 3070 490 3126 domo
519 3072 635 3132 Dei.
659 3088 687 3126 a
719 3070 1056 3142 principibus
1082 3073 1412 3128 Levitarum.

318 3144 382 3195 Et
426 3143 697 3197 Mathonia
745 3145 888 3199 ﬁlius
942 3144 1155 3209 Miclta,
1206 3144 1349 3197 ﬁlius
1378 3142 1645 3209 Zebcdei,
1700 3142 1844 3197 ﬁlius

1959 503 2013 563 et
2048 493 2099 545 in
2132 491 2344 546 ﬁliabus
2376 492 2496 563 ejus
2522 500 2577 546 et
2607 495 2657 545 in
2686 492 2922 562 Siceleg,
2959 490 2979 530 ί
3012 502 3066 547 et
3096 493 3149 547 itt
3192 492 3476 561 Mochona,
3510 506 3566 550 et

1958 562 2012 617 in
2043 564 2253 617 ﬁliabus
2280 562 2419 634 ejus,
2446 572 2499 617 et
2526 564 2580 618 in
2616 564 2900 625 Remmou,
2928 563 3054 618 etin
3082 564 3274 631 Saraa,
3302 578 3355 619 et
3385 566 3438 620 in
3468 566 3562 622 Je-

1960 635 2162 689 riuiuth
2187 680 2200 703 ,
2236 635 2437 699 Zanoa,
2472 636 2745 699 Odollam,
2779 645 2835 691 et
2863 635 2917 689 in
2945 636 3088 690 villis
3117 652 3302 691 earum
3323 679 3335 697 ,
3366 637 3564 692 Lachis

1958 716 2013 761 et
2040 708 2349 776 regionibus
2378 709 2518 776 ejus,
2542 719 2594 762 et
2614 710 2813 771 Azeea,
2838 718 2890 763 et
2915 707 3131 761 ﬁliabus
3154 708 3291 777 ejus.
3316 709 3386 763 Et
3412 726 3564 764 man-

1959 787 2149 832 serunt
2180 778 2229 832 in
2262 779 2534 835 Bersabee
2562 794 2736 848 usque
2765 779 2832 832 ad
2866 778 3063 834 vallem
3096 778 3331 834 Eunom.

2033 850 2149 904 Filii
2176 860 2358 905 autem
2394 850 2694 916 Benjamin,
2729 868 2758 904 a
2780 850 2952 912 Gcba.
2985 851 3281 916 Meeltmas,
3309 861 3361 905 et
3387 862 3411 899 8
3435 852 3560 917 Δία,

1958 930 2013 976 et
2039 921 2300 985 Beth~El,
2326 932 2379 975 et
2410 922 2622 977 ﬁliabus
2651 922 2803 992 ejus:
2827 921 3122 984 Anathoth,
3155 922 3295 985 NOI),
3327 923 3559 989 Anania,

1959 996 2120 1055 Asor,
2156 993 2320 1047 Iiama
2345 1039 2358 1061 ,
2391 995 2640 1049 Gethaim
2663 1035 2676 1054 .
2712 993 2848 1048 Adid
2868 1034 2881 1053 ,
2906 994 3124 1047 Seboiut
3147 1034 3161 1058 ,
3206 1004 3259 1049 et
3290 996 3557 1063 Neballat,

1958 1063 2093 1136 Lod,
2126 1076 2176 1119 et
2208 1064 2325 1119 Ono
2352 1066 2491 1120 valle
2519 1066 2810 1121 artiﬁcum.
2844 1065 2908 1119 Et
2938 1064 3006 1119 de
3046 1064 3250 1123 Levitis
3280 1068 3560 1136 portiones

1957 1135 2110 1192 Judae
2132 1145 2186 1191 et
2212 1136 2513 1202 Beniamin.

2031 1209 2177 1280 [Cap.
2212 1207 2356 1278 Xll.]
2398 1210 2459 1262 ili
2502 1217 2627 1264 sunt
2667 1216 2848 1264 autem
2879 1207 3202 1265 Sacerdotes
3249 1218 3303 1263 et
3333 1209 3557 1275 Levitte,

1957 1289 2010 1336 et
2053 1283 2143 1348 qui
2175 1283 2537 1336 ascenderunt
2569 1295 2691 1335 cum
2734 1280 3036 1335 Zorobabel
3071 1280 3183 1334 ﬁlio
3214 1280 3243 1317 ιι
3273 1281 3558 1348 Salathiel,

1956 1361 2015 1424 et
2056 1350 2250 1407 Iosue:
2285 1350 2414 1406 Sara
2438 1394 2451 1413 ,
2485 1352 2772 1419 Jeremias,
2811 1352 2943 1405 Ezra
2975 1352 3082 1424 [AL
3118 1351 3367 1423 Esdras[,
3394 1351 3560 1407 Ama-

1958 1423 2068 1484 ria.
2107 1424 2336 1477 Melluch
2362 1466 2374 1487 ,
2410 1424 2599 1491 Attus,
2631 1425 2952 1486 Sechentas,
3002 1423 3171 1478 Reum
3195 1465 3209 1487 ,
3243 1424 3553 1493 Merimutb,

1958 1495 2421 1559 Addo.Genthon,
2450 1496 2603 1558 Ahia,
2631 1495 2871 1561 Miamin,
2892 1495 3085 1559 Madia,
3113 1494 3297 1566 Belga,
3317 1496 3556 1560 Semeia,

1957 1577 2012 1621 et
2039 1568 2265 1634 Joiarih,
2301 1566 2477 1637 Idaia,
2514 1568 2745 1634 Selium,
2788 1571 2979 1629 Amoc,
3024 1566 3231 1632 Helcia,
3264 1566 3432 1621 Idaia.
3461 1566 3557 1621 Isti

1956 1640 2230 1765 principes
2257 1638 2599 1694 sacerdotum
2629 1679 2644 1704 ,
2689 1650 2742 1693 et
2772 1638 2967 1694 fratres
2994 1652 3179 1694 eorum
3200 1682 3214 1707 ,
3265 1639 3317 1693 iu
3365 1638 3558 1699 diebus

1990 1724 2143 1765 OSIIB.
2210 1758 2218 1764 .
2834 1728 2837 1731 ’

1990 1724 2143 1765 οειιθ.
2210 1758 2218 1764 .
2834 1728 2837 1731 ’

2030 1782 2199 1836 Porro
2246 1781 2479 1848 Levitat,
2527 1783 2712 1845 Jesua,
2744 1781 2973 1848 Bennui,
3008 1780 3270 1847 Cedmiel,
3302 1781 3555 1847 Sarabia,

2030 1818 2051 1835 ι
2074 1818 2199 1836 υι...
2247 1818 2443 1838 om..."
2465 1825 2479 1848 ,
2527 1818 2712 1845 που...
2744 1818 2973 1848 unum,
3008 1818 3270 1847 “unum,
3302 1818 3554 1847 υ.....υ..,

1882 1818 1929 1880 Β
1956 1852 2112 1922 Juda,
2130 1855 2450 1917 Mathanias,
2474 1868 2640 1921 super
2660 1855 2889 1925 hymnos
2912 1855 3013 1921 ipsi
3040 1864 3095 1907 et
3119 1854 3314 1907 fratres
3334 1869 3554 1918 eorum,

1954 1934 2009 1979 et
2037 1925 2294 1981 Becbecia
2324 1937 2484 1996 atque
2513 1925 2675 1989 Anni,
2704 1933 2761 1980 et
2791 1924 2989 1996 fratres
3019 1940 3231 1993 eorum,
3266 1924 3555 1993 unusquis.

1953 2012 2059 2067 que
2112 1999 2163 2052 in
2206 1994 2548 2053 ol‘tieio'suo.
2584 1996 2743 2052 Jesue.
2775 1994 2879 2067 [AL
2922 1996 3108 2067 Iosue]
3152 2009 3332 2052 autem
3372 1996 3558 2065 genuit

1952 2066 2201 2134 Joiacim,
2235 2078 2289 2124 et
2312 2068 2535 2123 .lniacim
2579 2066 3019 2137 genuitliliasib,
3049 2066 3105 2122 et
3137 2068 3341 2122 Eliasib
3369 2068 3557 2136 genuit

1952 2140 2161 2207 Joiada,
2194 2150 2247 2196 et
2273 2140 2461 2195 Joiada
2492 2141 2679 2211 genuit
2715 2136 2729 2175 ί
2758 2138 3048 2205 Jonathan,
3077 2150 3131 2195 et
3161 2139 3432 2195 Jonatltan
3460 2154 3555 2208 ge-

1954 2212 2072 2266 nuit
2098 2212 2325 2267 Jeddoa.

2026 2283 2081 2337 In
2112 2284 2303 2338 diebus
2345 2292 2522 2337 autem
2553 2282 2759 2337 Joacim
2791 2290 2945 2335 erant
2973 2282 3285 2337 sacerdotes
3313 2289 3367 2335 et
3399 2281 3551 2349 prin-

1951 2354 2100 2423 cipes
2124 2355 2478 2409 familiarum:
2509 2352 2733 2419 Saraim,
2762 2353 2773 2403 t'
2818 2353 3032 2407 Amaria
3062 2370 3075 2406 :
3105 2354 3375 2413 Jeremiae,
3408 2353 3553 2406 Ana-

1953 2428 2038 2479 nia
2071 2444 2083 2478 :
2120 2428 2290 2489 Ezraz,
2335 2425 2613 2479 Mosellam
2644 2443 2656 2477 :
2692 2425 2954 2492 Amarite,
2987 2424 3232 2478 Jobanan
3261 2443 3272 2476 :
3307 2424 3548 2492 Milicho,

1950 2495 2254 2552 Jonathan:
2286 2497 2555 2563 Sebenia',
2584 2495 2817 2561 Joseph:
2841 2498 3027 2562 Arent,
3056 2497 3230 2549 Edna:
3263 2494 3549 2558 Maraioth,

1954 2570 2065 2623 l-lci
2093 2588 2107 2625 :
2148 2569 2352 2633 Aliﬂiﬁ‘),
2384 2568 2674 2621 Zacharia:
2707 2566 2983 2630 Genthon,
3016 2565 3297 2621 Mosellam
3326 2583 3337 2619 :
3373 2566 3548 2631 Abite,

1950 2640 2121 2705 Zecri,
2152 2642 2391 2703 Miamiu,
2422 2650 2477 2695 et
2506 2639 2752 2703 Moadia‘,
2782 2637 2996 2710 l’lielti:
3030 2637 3226 2710 Belga‘,
3252 2639 3548 2710 Sannnua:

1951 2713 2203 2777 Setnaiac,
2246 2712 2513 2768 Jonatltan
2543 2728 2553 2763 :
2587 2711 2811 2772 Joiarib,
2850 2708 3161 2763 Mathauai‘:
3199 2708 3404 2764 Jodaia:
3435 2709 3544 2779 [AL

1950 2784 2196 2855 Jciada-J,
2232 2784 2357 2838 Azzi
2389 2802 2402 2839 :
2443 2782 2633 2845 Sellai,
2671 2783 2851 2837 Belai:
2888 2782 3077 2849 Antoc,
3110 2783 3287 2836 Eber:
3318 2779 3546 2847 Helcize,

1950 2857 2145 2925 Aseliia
2174 2874 2185 2908 :
2217 2856 2395 2919 ldaite,
2420 2854 2741 2910 Nathanael.

2022 2922 2220 2983 Levitre
2252 2930 2301 2981 in
2334 2929 2528 2983 diebus
2552 2926 2777 2987 Eliasib.
2802 2934 2856 2980 et
2882 2923 3092 2991 Joiada,
3119 2934 3171 2979 et
3195 2922 3460 2989 Johanan,
3494 2932 3551 2980 et

1948 3000 2172 3065 Jetldoa,
2208 3001 2392 3069 scripti
2428 2999 2697 3068 principes
2727 2996 3088 3065 familiarum,
3134 3007 3186 3052 et
3235 2997 3549 3051 sacerdotes

1952 3073 2006 3126 in
2041 3087 2207 3141 regno
2240 3073 2380 3125 Darii
2416 3070 2614 3125 Persae.

2022 3138 2140 3197 Filii
2176 3144 2297 3199 Levi
2351 3144 2619 3213 principes
2657 3139 3020 3213 familiarum,
3076 3139 3367 3213 scriptiiu
3406 3138 3547 3213 libro

249 3212 456 3282 Asaph,
490 3214 517 3250 ιλ
554 3216 802 3284 princeps
834 3216 898 3270 ad
934 3216 1262 3271 laudandum
1297 3226 1348 3268 et
1380 3216 1446 3269 ad
1475 3214 1840 3268 conﬁtendum
1872 3218 1916 3280 C
1951 3215 2249 3270 Verborum
2302 3210 2539 3282 [)ierutn,
2573 3223 2625 3267 et
2668 3226 2839 3281 usque.
2867 3213 2931 3266 ad
2958 3210 3077 3265 dies
3120 3210 3385 3284 .louathan
3408 3252 3420 3273 ,
3452 3210 3546 3263 ﬁlii

248 3286 296 3337 in
329 3287 610 3352 oratione,
644 3296 699 3341 et
726 3288 985 3342 Becbecia
1019 3288 1287 3343 secundus
1315 3286 1382 3341 de
1413 3287 1670 3341 fratribus
1702 3288 1839 3356 ejus,

246 3366 299 3409 et
322 3358 472 3412 Abda
489 3358 630 3412 “iIIIS
651 3358 873 3425 Szttuua,
893 3360 1033 3413 lilius
1056 3360 1229 3424 Galal,
1248 3360 1387 3413 ﬁlius
1404 3358 1638 3421 Idithuu,
1654 3373 1843 3413 omnes

252 3426 454 3482 Levita:
478 3430 531 3484 itt
562 3430 776 3485 civitate
818 3440 1002 3485 sancta
1042 3431 1259 3486 ducenti
1294 3431 1568 3497 octoginta
1592 3441 1839 3500 quatuor.

320 3500 387 3554 Et
417 3500 686 3571 janilmes
711 3544 724 3567 ,
760 3503 961 3568 Accub,
992 3505 1197 3559 'l'emou
1228 3544 1244 3570 ,
1287 3512 1341 3557 et
1385 3503 1581 3556 fratres
1627 3517 1841 3568 eorum,

249 3572 344 3644 qui
370 3572 749 3627 custodiebant
777 3576 914 3629 ostia
943 3593 953 3627 :
997 3586 1216 3630 centum
1248 3577 1585 3644 septuaginta
1619 3574 1743 3627 duo.
1781 3573 1845 3627 Et

250 3643 445 3712 reliqui
488 3660 551 3699 ex
598 3646 762 3700 Israel
808 3647 1119 3701 sacerdmes
1162 3657 1218 3701 et
1270 3643 1472 3700 Levita:
1528 3645 1581 3698 in
1632 3646 1847 3698 univer-

245 3714 655 3788 siscivitatibus
676 3718 834 3787 Juda,
853 3718 1220 3788 unusquisque
1234 3718 1286 3771 in
1310 3728 1332 3755 θ
1359 3718 1702 3785 possessione
1720 3731 1838 3769 sua.

321 3787 387 3839 lit
413 3786 710 3848 Natbinaai.
744 3792 833 3858 qui
878 3786 1193 3844 habitabant
1235 3792 1286 3841 in
1324 3789 1520 3858 ()pltel,
1571 3798 1623 3842 et
1655 3788 1840 3854 Siaha,

249 3864 303 3930 ct
330 3857 548 3926 Gaspha
581 3860 646 3913 de
688 3857 1003 3915 Naihinazis.
1044 3861 1111 3915 Et
1139 3857 1427 3930 episcopus
1453 3860 1759 3914 Levitarum
1794 3862 1845 3912 in

249 3928 576 3989 Jerusalem.
610 3931 735 3984 Azzi
766 3932 908 3987 ﬁlius
935 3932 1083 3998 Bani,
1120 3928 1264 3985 ﬁlius
1295 3931 1532 3994 A-~abi-.e,
1567 3930 1705 3984 ﬁlius
1738 3930 1847 3983 Ma-

251 4000 471 4068 thaaize,
501 4001 643 4056 ﬁlius
670 4003 874 4057 ;\Iich.e.
898 4004 971 4057 De
994 4003 1120 4057 ﬁliis
1145 4004 1350 4072 Asaph,
1377 4014 1628 4057 cantores
1658 4003 1711 4055 in
1748 4004 1849 4054 itii-

254 4073 482 4125 histerio
516 4074 707 4127 domus
746 4074 861 4129 Dei.
901 4075 1237 4141 Praeceptum
1281 4075 1477 4144 quippe
1516 4076 1656 4143 regis
1687 4089 1849 4145 super

253 4159 349 4215 eos
380 4153 522 4206 erat,
553 4155 601 4198 et
632 4146 766 4199 ordo
796 4150 849 4200 in
883 4149 1194 4202 cantoribus
1224 4161 1320 4214 per
1343 4147 1457 4200 dies
1481 4145 1722 4215 singulos
1749 4166 1759 4197 ε
1796 4157 1847 4199 ct

256 4213 516 4269 l’hathaia
547 4215 692 4271 ﬁlius
738 4217 1009 4283 Mesehel,
1062 4220 1129 4273 de
1161 4219 1286 4272 ﬁliis
1316 4219 1447 4273 Zera
1491 4213 1585 4272 lilii
1627 4216 1761 4271 Juila
1796 4220 1847 4272 iu

258 4302 418 4360 manu
449 4289 593 4357 regis
614 4330 626 4349 .
650 4289 807 4358 juxta
841 4306 1003 4345 mune
1034 4291 1254 4345 verbum
1282 4291 1484 4360 populi,
1516 4299 1571 4345 et
1592 4291 1642 4343 in
1672 4290 1848 4345 domi-

259 4358 357 4411 bus
389 4375 485 4429 per
504 4375 695 4415 omnes
719 4366 965 4430 regiones
992 4379 1202 4417 eorum.

332 4430 409 4484 De
440 4432 568 4486 liliis
606 4433 741 4487 Juda
780 4434 1157 4489 habitaverunt
1188 4434 1238 4488 in
1279 4433 1676 4489 Cariatb-Arbe
1706 4443 1754 4487 et
1797 4434 1851 4489 in

264 4501 473 4573 ﬁliabus
512 4504 630 4573 ejus
661 4521 675 4558 :
724 4515 777 4560 et
811 4506 862 4558 in
909 4506 1110 4572 [)ihon,
1154 4514 1210 4559 et
1239 4506 1290 4557 in
1326 4505 1537 4559 ﬁliabus
1566 4507 1682 4572 ejus
1713 4514 1766 4559 et
1799 4506 1849 4558 in

261 4568 485 4631 Cabseel
512 4568 612 4643 {et
642 4576 695 4631 itt
720 4577 913 4632 viculis
942 4568 1169 4646 ejuspet
1204 4579 1256 4630 in
1288 4577 1480 4641 Jesue,
1514 4586 1566 4629 et
1598 4568 1652 4631 in
1685 4576 1853 4631 Mola-

339 4694 363 4722 ³
387 4687 487 4744 Μή.
514 4691 624 4760 Reg

267 4753 433 4834 Isaia,
462 4772 518 4834 et
539 4753 772 4818 GEbbaif
816 4762 984 4819 Paulo
1004 4763 1166 4821 etiam
1196 4753 1446 4830 superius
1480 4753 1724 4830 Malehel,
1759 4753 1857 4834 pro

268 4826 514 4903 Mululeel
545 4834 888 4903 praeferebat.

340 4899 364 4938 δ
411 4899 609 4977 Iterum
641 4906 729 4963 hic
751 4948 766 4974 ,
811 4906 983 4967 Ezriel
1004 4949 1021 4975 ,
1073 4916 1127 4963 et
1157 4904 1353 4975 Saazi,
1407 4920 1505 4977 pro
1542 4907 1727 4961 Azrael
1754 4948 1769 4973 ,
1801 4916 1860 4969 et

268 4970 432 5028 Altnzi
470 4978 617 5047 legit.

345 5056 367 5122 ξε
396 5048 616 5122 Rectius
644 5048 709 5103 ad
738 5049 1016 5106 [Iebrteam
1053 5049 1372 5121 scripturam
1397 5056 1600 5115 ntmw
1638 5049 1854 5122 Vulgati

272 5116 507 5194 efferunt
548 5120 771 5176 Semeia.
808 5122 936 5177 Mss.
981 5136 1110 5194 vero
1139 5116 1260 5177 cum
1314 5125 1527 5194 nostri,
1578 5135 1688 5177 tum
1717 5116 1855 5194 quos

276 5187 617 5249 Martianreus
656 5193 968 5265 consuluit,
1030 5187 1685 5265 impressamlectionern
1734 5187 1857 5265 pari

273 5272 540 5390 fgLsensit
570 5264 826 5390 re[inent.
855 5264 1027 5321 Paulo
1056 5262 1177 5336 post
1203 5262 1457 5335 Zeltedei,
1492 5280 1589 5337 pro
1616 5262 1856 5327 Zebédei.

394 5350 473 5390 ius
532 5350 618 5390 eat
654 5377 667 5390 .

325 5347 473 5391 emus
510 5346 667 5391 IetZtI.

690 5407 850 5462 habet
876 5390 1067 5470 ﬁbra-tn
1105 5420 1241 5469 tam
1264 5450 1278 5474 ,
1326 5409 1585 5482 quodest
1616 5409 1859 5482 Princeps

278 5480 629 5547 exorationis,
676 5494 773 5549 pro
819 5495 927 5550 quo
984 5482 1341 5553 llieronyiuus
1405 5480 1614 5537 videtur
1668 5480 1863 5553 legisse

278 5553 482 5634 ubam,
499 5582 539 5631 rt
558 5572 765 5645 scilicet
786 5588 886 5645 pro
909 5584 948 5631 Π
971 5572 1171 5628 medio.
1190 5572 1373 5645 Neque
1396 5589 1557 5645 porro
1577 5574 1861 5629 lectionem

281 5649 550 5697 mutuatus
563 5653 644 5698 est
661 5642 883 5698 exLXX
907 5646 997 5714 qui
1030 5653 1199 5700 totum
1226 5642 1341 5701 fere
1372 5642 1515 5701 hunc
1539 5646 1865 5702 versiculum

282 5717 715 5781 praetermittunt.

355 5793 377 5820 °
407 5786 625 5862 liegina:
656 5803 755 5862 ms.
783 5789 837 5841 in
868 5788 1071 5849 civitate
1097 5804 1209 5845 sua.
1244 5789 1361 5845 Mox
1410 5788 1557 5860 Olet,
1589 5800 1644 5846 ct
1675 5789 1865 5862 Siaba,

288 5870 379 5923 pro
408 5858 593 5927 Opltel,
626 5867 681 5914 et
703 5860 885 5917 Sin/ta.

631 4690 730 4762 ina:
759 4689 904 4762 ﬁlius
930 4690 1112 4751 Asaia,
1144 4697 1191 4743 et
1222 4696 1335 4758 post
1357 4706 1469 4744 eum
1492 4689 1725 4762 Qabbas,
1757 4708 1855 4762 pro
1880 4699 1935 4761 D

1920 4879 1924 4883 «
1957 4849 2098 4903 runt,
2126 4846 2257 4902 etc.,
2289 4851 2384 4905 pro
2413 4835 2579 4890 Azeca
2600 4845 2645 4890 et

1949 3287 2171 3341 Eliasib.
2208 3287 2272 3341 Et
2294 3288 2567 3356 principes
2596 3285 2924 3356 Levilarutn,
2959 3284 3180 3356 Asebia,
3216 3283 3457 3347 Serebia,
3492 3290 3549 3335 et

1947 3360 2107 3415 Jesue
2154 3359 2261 3431 [AL
2293 3354 2483 3427 Josue[
2520 3354 2971 3431 ﬁliusCedmiel:
3019 3354 3316 3431 etnlratres
3356 3368 3544 3431 eorum

1949 3446 2044 3500 per
2069 3424 2212 3485 vices
2253 3445 2379 3484 suas
2401 3472 2415 3495 ,
2462 3424 2518 3483 ut
2565 3427 2848 3483 laudarent
2883 3435 2939 3480 et
2975 3425 3369 3500 conﬁterentur
3393 3424 3546 3493 juxta

1950 3495 2277 3572 prmceptum
2316 3501 2483 3555 David
2529 3501 2628 3554 viri
2675 3500 2765 3553 Dei
2790 3541 2804 3565 ,
2834 3509 2904 3572 _et
2947 3495 3361 3572 _obs_ervarent__k
3391 3511 3547 3572 aeque

1951 3565 2045 3644 per
2092 3565 2360 3628 ordinent.
2396 3572 2697 3641 Mathania,
2749 3580 2803 3625 et
2834 3569 3124 3644 Becbecia,
3172 3565 3405 3633 Obedia,
3433 3566 3545 3620 Mo—

1948 3641 2136 3699 sollam
2162 3687 2175 3709 ,
2206 3646 2428 3700 'I‘elniou
2453 3689 2466 3711 ,
2497 3644 2681 3699 Accub
2705 3683 2721 3710 ,
2755 3641 3008 3697 custodes
3038 3651 3312 3711 portarum
3344 3650 3394 3694 et
3422 3653 3542 3693 ves-

1951 3718 2241 3772 tibulorum
2271 3726 2396 3771 ante
2425 3727 2627 3787 portas.

2023 3789 2081 3843 lli
2130 3788 2181 3843 in
2219 3782 2672 3843 dielius'Joiacim
2706 3785 2812 3858 [AL
2845 3783 3072 3858 Joacim]
3104 3782 3416 3858 lilii‘Josuc,
3453 3782 3549 3841 ﬁlii

1950 3860 2195 3927 Iosedec,
2228 3869 2280 3914 et
2308 3860 2359 3913 iu
2394 3860 2586 3915 diebus
2614 3855 2849 3914 Neetnite
2878 3857 3054 3925 ducis,
3086 3866 3142 3913 et
3179 3855 3333 3910 EZI'iB
3360 3870 3546 3909 sacer-

1949 3934 2089 4008 dotis
2111 3932 2430 4008 scribitque.
2797 4005 2806 4008 _
2844 4003 2859 4008 _
3032 4005 3040 4008 _
3320 3999 3329 4006 .
3368 3998 3378 4008 .

2022 4005 2076 4079 In
2102 4005 2437 4079 dedicatione
2462 4012 2640 4079 autem
2673 4003 3159 4079 muriAJerusalet‘u,
3186 4003 3545 4079 requisierunt

1953 4076 2163 4151 Levitas
2194 4076 2259 4131 de
2289 4078 2539 4151 omnibus
2575 4077 2709 4151 locis
2751 4076 2977 4151 suistut
3006 4075 3341 4151 adducerent
3355 4083 3459 4150 .cos
3490 4075 3546 4149 in

1949 4148 2279 4215 Jerusalem,
2313 4160 2364 4203 et
2395 4150 2629 4203 lacerent
2681 4141 3077 4202 dedica—tionem
3126 4141 3459 4215 etlrctitiam
3492 4141 3547 4215 in

1951 4222 2162 4276 actione
2195 4211 2509 4291 gratiarum,
2544 4229 2597 4275 et
2638 4222 2870 4285 cantico,
2899 4229 2950 4273 et
2981 4221 3033 4272 in
3062 4213 3326 4286 cymbalis
3347 4252 3360 4276 ,
3404 4211 3546 4280 psal-

1953 4292 2126 4354 teriis,
2157 4302 2210 4346 et
2237 4292 2481 4345 citharis.

2025 4366 2342 4437 (Iougrcgati
2370 4372 2493 4437 sunt
2514 4377 2642 4432 ergo
2673 4361 2767 4437 lilii
2808 4370 3092 4437 cantorum
3122 4357 3191 4437 de
3229 4354 3550 4437 campestri—

1955 4437 2052 4491 bus
2084 4426 2602 4499 circavJerusalem,‘
2637 4444 2691 4488 et
2738 4434 2805 4486 de
2845 4432 2985 4486 villis
3017 4427 3363 4499 Nethttphati,
3398 4435 3451 4479 et
3477 4426 3545 4480 de

1890 4507 1906 4521 ⁸
1955 4509 2115 4561 domo
2143 4505 2425 4574 Galgal,et
2450 4505 2516 4559 de
2538 4505 2852 4575 regionibus
2888 4503 2907 4541 ι
2937 4502 3118 4558 Gebba
3142 4509 3196 4554 et
3216 4498 3542 4575 Azmaveth:

1954 4578 2206 4651 quoniam
2239 4571 2387 4631 villas
2406 4571 2806 4632 aedilica‘verunt
2840 4575 2942 4631 sibi
2962 4586 3217 4630 cantores
3243 4574 3295 4624 in
3321 4571 3552 4625 circuitu

2036 4691 2054 4730 τ
2073 4692 2222 4760 Legit
2254 4691 2392 4763 idem
2422 4707 2524 4747 ms.
2549 4692 2744 4763 Sicileg
2763 4703 2816 4748 et
2844 4690 3212 4745 Monac/tona:
3238 4700 3360 4741 mox
3391 4686 3551 4740 Adol-

1962 4766 2087 4829 lam,
2119 4780 2217 4834 pro
2248 4762 2508 4830 Odollam,
2547 4771 2602 4819 et
2631 4762 2771 4817 Ezea
2810 4773 2856 4817 et
2891 4762 3005 4831 ﬁlia
3044 4764 3177 4833 ejus,
3207 4766 3253 4812 et
3296 4774 3553 4815 remanse-

2675 4834 2883 4905 ﬁlinbus
2911 4836 3049 4904 ejus,
3080 4842 3186 4889 etc.

2034 4919 2057 4957 ες
2087 4901 2247 4963 idem
2282 4901 2384 4978 nis.
2416 4907 2580 4963 Arhia
2605 4952 2620 4976 ,
2663 4901 2879 4978 Vulgat.
2926 4901 3033 4961 Bai
3056 4946 3073 4973 ,
3122 4914 3175 4962 et
3229 4901 3392 4974 paulo
3430 4909 3553 4973 post

1962 4979 2139 5045 0mm,
2165 4994 2262 5048 pro
2293 4976 2427 5033 Otto.

2030 5049 2059 5089 ιι
2105 5044 2273 5107 voces
2319 5050 2429 5120 ﬁlio
2460 5048 2718 5106 Salathiel
2750 5048 2804 5103 in
2839 5048 3055 5120 Beginze
3090 5062 3192 5101 ms.
3236 5044 3554 5120 desideran-

1959 5130 2066 5207 tur.
2115 5122 2254 5207 Infra
2294 5116 2422 5191 legit
2478 5121 2691 5178 Semaia
2741 5130 2787 5175 et
2842 5116 3054 5203 Joﬁdrib,
3112 5133 3209 5189 pro
3265 5116 3469 5173 Semcia
3507 5130 3557 5174 et

1960 5192 2079 5304 1min
2084 5195 2643 5329 gi’i’biaiﬁihannanum,
2657 5280 2758 5335 pro
2777 5264 3093 5335 Ionatham,
3116 5272 3233 5335 p95t
3256 5259 3557 5335 Josetthum

1964 5346 2126 5422 atque
2157 5337 2448 5422 Eusebium
2476 5337 2596 5407 ipse
2622 5331 2753 5407 legit
2796 5336 2853 5393 S.
2880 5334 3039 5391 Pater
3063 5335 3114 5389 in
3137 5331 3556 5390 Commentariis

1967 5428 2019 5466 ω
2045 5410 2457 5552 ἰυὙιὶὲωῗιὲἒίΙθηι
2513 5488 2569 5535 et
2614 5480 2784 5539 nostri
2838 5478 3038 5535 habe“t
3078 5492 3209 5552 ιηξες
3240 5479 3418 5552 νθῖίυδ
3458 5490 3555 5552 3-“-

1972 5546 2277 5623 tem,juxta
2306 5552 2589 5610 Hebraeum
2631 5552 2826 5607 saltem
2870 5560 3077 5611 textum
3109 5548 3317 5618 Vulgati
3360 5546 3555 5616 praeie-

1972 5637 2120 5691 runt,
2149 5625 2372 5680 Maraia.

2048 5696 2075 5736 κ
2108 5689 2345 5769 Regina}
2390 5711 2492 5753 ms.
2520 5696 2859 5752 observarent
2901 5713 2963 5751 ea
3012 5709 3126 5767 qua:
3159 5708 3249 5763 per
3292 5689 3559 5755 ordinem,

1975 5778 2082 5882 cui.
2102 5840 2245 5907 Idem
2276 5856 2378 5909 ms.
2407 5838 2547 5897 Gabe
2576 5848 2627 5898 et
2650 5839 2983 5896 Azamabetlt.
