4112 6354
262 244 298 305 ι
312 244 452 308 453

1232 246 1603 306 PRIEFATIO
1643 247 2024 310 [HERONYMI
2060 251 2129 310 IN
2165 249 2428 311 LIBRUM
2466 249 2763 311 ESTHER.

3496 258 3636 318 1454

259 413 262 416 .
357 371 465 428 De
523 371 656 428 (iliis
704 379 885 428 autent
950 368 1142 445 Joiada
1205 369 1304 445 _filii
1346 368 1569 445 _Eliasih
1621 369 1941 445 sacerdotes
1968 382 2016 441 Α
2047 371 2151 438 nis,
2185 379 2237 426 et
2267 371 2792 445 constituiordines
2818 370 3161 445 sacerdotum
3198 373 3631 445 etrLevitarum,

261 445 550 512 magni,
579 459 748 515 gener
773 452 892 499 erat
921 452 944 478 α
979 441 1301 515 sanaballat
1337 440 1594 495 Oronites
1616 482 1631 508 ,
1665 457 1824 515 quem
1851 444 1939 497 fu-

262 515 420 581 gavi
455 531 496 570 ει
529 513 638 571 me.
661 516 994 580 Recordare,
1024 514 1253 567 Domine
1279 515 1420 567 Deus
1448 513 1932 576 meus,adversum

264 600 391 658 eos
418 589 547 658 qui
579 589 828 658 polluant
850 586 1219 658 sacerdotium
1241 627 1255 651 ,
1283 586 1482 658 jusque
1505 586 1846 658 sacerdotale
1883 595 1936 641 et

265 654 653 717 chiticuin.
685 656 858 730 Igitur
887 656 1147 714 mundavi
1177 671 1274 714 eos
1304 657 1372 711 ab
1394 657 1646 713 omnibus
1671 657 1934 728 alienige-

2050 458 2492 514 unumquemque
2537 443 2590 498 in
2647 443 2952 499 ministerio
2992 459 3092 499 suo
3121 461 3134 499 :
3168 456 3220 500 et
3269 444 3322 500 in
3365 443 3637 504 oblatione

2044 515 2315 584 lignorum
2347 514 2399 568 in
2433 515 2766 584 temporibus
2806 515 3112 571 constitutis
3133 558 3147 581 ,
3193 529 3246 573 ct
3267 517 3320 572 in
3348 515 3375 556 ι)
3407 519 3635 587 primiti-

2043 587 2124 643 vis
2159 605 2172 640 ι
2206 594 2478 643 memento
2509 587 2640 655 mei,
2670 589 2814 644 Deus
2838 601 3014 656 meus,
3047 587 3100 644 in
3124 589 3348 646 bonum.
3373 591 3574 647 Amen.

1686 773 1916 848 Explicit
1947 775 2076 832 liber
2103 775 2277 834 Ezrw.

358 925 394 954 ⁸
433 916 714 974 Mendosc
741 913 904 973 habet
932 915 1152 988 Regina:
1186 929 1290 972 ms.
1319 922 1587 990 generaret
1617 912 1925 971 Sanaballat

271 988 493 1044 Torou
502 991 614 1045 itis.
685 1010 688 1014 ’

2104 914 2300 970 bldem
2347 929 2453 970 ms.
2504 913 2776 985 primitiis,
2817 915 2908 986 qui
2940 926 2996 973 et
3027 919 3360 986 postremum
3403 918 3628 976 verbum

2015 986 2207 1053 Amen,
2240 986 2384 1058 quod
2415 1001 2596 1059 neque
2625 987 2680 1042 in
2712 987 2942 1044 Hebrzeo
2973 998 3075 1059 est,
3107 991 3292 1046 verius
3323 999 3484 1046 Iacet.

285 1129 3605 1153 ._________________________________________________________________________________________________

604 1251 1224 1337 PREFATIO
1299 1251 1986 1337 HIERONYMI
2059 1252 2182 1335 IN
2255 1252 2711 1342 LIBRUM
2785 1247 3330 1342 “ESTHER.

360 1501 619 1559 Librum
655 1502 851 1559 Esther
895 1501 1060 1558 variis
1090 1503 1510 1560 translatoribus
1543 1511 1756 1560 constat
1799 1519 1922 1562 esse

267 1595 593 1664 vitiatum,
633 1609 794 1666 quem
840 1611 941 1665 ego
984 1594 1054 1651 de
1097 1595 1336 1652 archivis
1382 1597 1738 1654 Hebraeorum
1773 1599 1918 1656 rele-

267 1705 475 1758 vms,
513 1689 803 1746 verbumie
845 1689 1014 1746 verbo
1065 1691 1304 1761 pressius
1349 1692 1620 1747 transtuli.
1653 1692 1826 1760 Quem
1858 1692 1922 1748 li-

268 1783 468 1838 brum
505 1783 678 1840 editio
714 1781 943 1853 Vulgata
974 1781 1249 1839 laciniosis
1274 1781 1304 1822 ι)
1333 1780 1460 1839 hinc
1481 1783 1607 1839 inde
1629 1785 1919 1840 verborum

271 1877 523 1932 sinibus
546 1875 711 1932 trahit
739 1892 752 1930 :
779 1875 984 1931 addens
1023 1890 1087 1931 ea
1124 1891 1247 1948 quae
1284 1892 1351 1933 ex
1399 1886 1642 1949 tempore
1680 1878 1787 1933 dici
1818 1893 1918 1948 po-

2029 1507 2110 1564 bis
2139 1507 2220 1563 uti
2250 1509 2427 1579 potuit
2470 1509 2561 1579 qui
2590 1508 2842 1580 iniuriam
2894 1523 3085 1580 passus
3122 1519 3244 1576 est,
3272 1509 3360 1567 vel
3399 1510 3492 1567 ille
3527 1512 3619 1583 qui

2027 1600 2278 1672 injuriam
2297 1601 2458 1658 .fecit.
2495 1601 2604 1658 Vos
2631 1611 2834 1669 autem,
2868 1618 2902 1658 ο
2920 1601 2946 1640 ἀ
2975 1603 3142 1659 Paula
3165 1615 3218 1660 et
3239 1605 3622 1676 Eustochium,

2029 1693 2333 1764 equoniam
2385 1702 2440 1750 et
2486 1694 2844 1752 bibliothecas
2891 1695 3027 1752 Heb.
3076 1695 3365 1753 stnduistis
3395 1699 3622 1768 intrare,

2026 1793 2082 1840 et
2129 1785 2486 1856 interpretum
2530 1786 2831 1842 certamina
2885 1788 3320 1859 comprobastis,
3375 1797 3622 1848 tenentes

2025 1878 2225 1934 Esther
2271 1879 2600 1936 Hebraicum
2647 1881 2879 1951 librum,
2925 1897 3023 1954 per
3062 1883 3276 1954 singula
3316 1885 3481 1941 verba
3526 1903 3625 1942 no-

279 1977 524 2035 terant,
575 1977 631 2025 et
679 1966 881 2033 audiri,
938 1968 1081 2023 sicut
1121 1968 1340 2024 solitum
1389 1979 1474 2026 est
1519 1980 1542 2008 ο
1583 1969 1920 2027 scholarihus
1949 1985 1999 2046 Β
2024 1981 2193 2028 stram
2222 1974 2636 2030 translationem
2666 1975 2917 2044 aspicite,
2945 1985 3003 2030 ut
3042 1977 3263 2046 possitis
3285 1993 3620 2050 agnoscere,

272 2061 616 2133 disciplinis
655 2069 874 2132 sumpto
899 2059 1162 2132 themate,
1202 2065 1534 2136 excogitare,
1566 2063 1762 2136 quibus
1789 2080 1916 2122 ver-

361 2236 394 2266 ³ι
433 2228 601 2283 Hunc
624 2227 826 2282 librum
858 2243 978 2282 cum
1013 2227 1247 2298 Prologo
1277 2228 1343 2283 ad
1374 2228 1514 2284 duos
1536 2228 1813 2284 Vaticana:
1838 2229 1920 2284 bi-

277 2299 609 2356 bliothecae
638 2301 1034 2355 vetustis~imos
1067 2301 1286 2354 codices
1310 2316 1441 2355 mss.
1475 2301 1758 2371 exegimus
1791 2318 1804 2354 :
1841 2301 1922 2355 al-

281 2380 341 2426 te
355 2387 496 2426 rum
530 2386 691 2442 quem
720 2371 849 2425 olim
881 2371 1103 2443 liegina-
1125 2372 1428 2443 Succorum
1460 2387 1692 2427 numero
1722 2373 1754 2426 ‘7
1781 2388 1917 2443 prm-

283 2441 563 2498 notatum’
604 2443 838 2497 diximus
858 2483 874 2504 ,
906 2442 1141 2498 alterum
1171 2441 1792 2498 Vaticano-Palatinum
1813 2460 1916 2498 nu-

284 2530 464 2569 mero
502 2516 882 2586 praescriptum
918 2515 1019 2582 '24,
1051 2529 1214 2586 quem
1257 2515 1459 2586 oppido
1488 2514 1914 2570 etncndatiorem

287 2587 399 2642 illo
426 2585 835 2656 perspeximus.

368 2657 399 2696 ι’
439 2658 638 2714 Plures
671 2672 803 2712 mss.
851 2656 1103 2720 Codices,
1145 2658 1415 2712 verborum
1455 2657 1666 2727 funibus
1715 2657 1912 2712 trahit:

290 2730 589 2798 nonnulli,
622 2728 892 2782 verborum
915 2728 1104 2792 ﬁnibus
1135 2744 1234 2800 pro
1264 2730 1484 2784 sinibus.
1540 2731 1710 2785 Porro
1749 2746 1909 2799 quam

291 2801 596 2857 laeiniosis
635 2799 845 2856 sinibus
898 2799 1209 2857 traheretur
1243 2801 1380 2856 liber
1409 2801 1607 2856 Esther
1644 2801 1697 2855 in
1730 2817 1915 2856 exem-

291 2873 566 2942 plaribus
622 2871 822 2926 veteris
883 2871 1124 2939 Vulgata:
1181 2873 1430 2939 Latium,
1481 2872 1635 2928 testis
1680 2882 1762 2928 est
1805 2889 1910 2926 ms.

293 2953 508 3000 noster
536 2959 687 2998 num.
721 2943 900 3013 Ἰριηυί
931 2943 1228 2999 editionem
1263 2945 1546 3013 Vulgatam
1586 2959 1686 2998 usu
1718 2960 1912 3014 recep-

294 3027 414 3071 tam
448 3026 580 3070 ante
609 3014 1000 3086 Hieronymum
1037 3015 1439 3086 complectitur.
1484 3016 1585 3072 Tot
1613 3017 1756 3070 enim
1797 3027 1914 3070 tan-

295 3096 478 3159 taque
529 3087 600 3142 ibi
633 3085 830 3160 addita
849 3086 1126 3160 leguntur,
1160 3085 1374 3158 quieex
1406 3098 1648 3160 tempore
1681 3087 1788 3160 diei
1819 3102 1913 3156 po-

293 3158 492 3214 terant
538 3165 594 3213 et
629 3158 840 3230 audiri;
871 3165 935 3230 ut
965 3159 1053 3212 vix
1083 3173 1144 3214 ea
1177 3158 1530 3230 eonjecturis'
1553 3158 1768 3227 assequi
1819 3173 1913 3226 pn-

295 3231 608 3287 tnissemus
633 3269 652 3298 ,
697 3229 801 3284 nisi
847 3229 1027 3284 adhuc
1055 3232 1260 3300 scripta
1284 3229 1453 3301 nobis
1478 3239 1832 3301 superessent
1857 3231 1910 3285 in

299 3304 578 3374 praedicto
607 3303 833 3374 antiquo
855 3316 1210 3358 monumento
1235 3300 1754 3374 San-Germanensi.
1780 3303 1911 3374 Quis

295 3372 546 3445 namque
578 3372 920 3445 credidisset
951 3388 1050 3445 pro
1087 3376 1247 3429 unico
1277 3374 1549 3445 versiculo
1592 3373 1781 3444 quinto
1808 3372 1913 3428 Ca-

295 3443 667 3516 pitis—decimi
715 3443 925 3516 quarti,
978 3444 1197 3516 istaiab
1239 3457 1461 3500 auctore
1505 3443 1622 3512 ejus
1653 3445 1909 3500 editionis

293 3513 510 3572 veteris
543 3513 750 3572 Latinai
792 3513 958 3569 fuisse
985 3515 1268 3584 subjecta?
1298 3515 1412 3584 Ego
1453 3517 1628 3570 audivi
1671 3516 1723 3569 in
1763 3516 1910 3571 libris

298 3589 543 3657 paternis
581 3590 738 3653 meis,
772 3586 1016 3654 Domine,
1042 3590 1284 3656 quoniam
1313 3588 1364 3642 Ν
1372 3604 1432 3642 oe
1458 3588 1511 3641 in
1539 3589 1686 3659 aquis
1726 3587 1909 3642 diluvii

293 3661 626 3715 conservasti
652 3675 671 3714 :
695 3675 788 3730 ego
831 3659 1009 3731 audivi
1054 3660 1107 3713 in
1149 3660 1292 3714 libris
1321 3661 1554 3731 paternis
1589 3663 1751 3731 meis,
1802 3659 1914 3714 Do-

293 3734 446 3786 mine
471 3773 486 3796 ,
511 3732 756 3800 quoniam
786 3740 841 3784 tu
870 3730 1096 3786 Abrahae
1124 3732 1178 3786 in
1217 3730 1458 3786 trecentis
1493 3740 1538 3784 et
1584 3730 1757 3784 decem
1797 3741 1911 3785 octo

293 3805 428 3858 viris
483 3819 666 3856 novem
683 3817 850 3874 ‘reges
879 3802 1142 3856 tradidisti
1171 3820 1190 3857 :
1222 3820 1316 3874 ego
1344 3802 1518 3856 audivi
1547 3802 1601 3874 in
1633 3803 1775 3856 libris
1814 3820 1910 3872 pa-

292 3875 467 3928 ternis
495 3874 642 3941 meis,
674 3871 914 3943 Domine,
947 3874 1190 3943 quoniam
1218 3871 1273 3928 tu
1310 3874 1502 3928 Jonam
1528 3873 1592 3926 de
1616 3882 1788 3943 ventre
1815 3877 1908 3928 ceti

293 3945 536 3999 liberasti
576 3960 594 3998 .'
626 3960 719 4015 ego
747 3942 923 3996 audivi
960 3941 1015 3997 in
1047 3943 1192 4000 libris
1224 3947 1456 4015 paternis
1485 3946 1632 4009 meis,
1662 3941 1906 4010 Domine,

293 4017 546 4088 quoniam
600 4027 653 4069 tu
701 4015 987 4084 Aminiam,
1032 4016 1302 4083 Azariam,
1356 4016 1546 4070 Misael
1595 4018 1660 4070 de
1705 4017 1906 4088 camino

300 4085 442 4161 ignis
473 4088 740 4161 liberasti:
767 4103 859 4157 ego
890 4087 1067 4161 audivi
1089 4090 1149 4161 _iu
1174 4089 1323 4161 libris
1348 4088 1578 4161 paternis
1605 4088 1755 4155 meis,
1789 4085 1906 4161 Do-

292 4156 438 4214 mine
466 4203 481 4227 ,
527 4160 768 4225 quoniam
800 4156 868 4212 tu
905 4156 1098 4212 Daniel
1146 4161 1210 4213 de
1245 4159 1365 4214 lacu
1429 4159 1638 4214 leonum
1687 4158 1907 4227 eruisti;

292 4248 391 4302 ego
421 4233 600 4285 audivi
645 4233 698 4285 in
745 4229 890 4302 libris
922 4232 1154 4301 paternis
1184 4232 1332 4297 meis,
1366 4230 1587 4285 Domine
1610 4270 1626 4297 ,
1660 4231 1906 4300 quoniam

293 4313 348 4356 tu
378 4302 625 4357 Ezechiae
661 4301 770 4374 regi
809 4301 1118 4356 Judworum
1160 4313 1326 4357 morte
1355 4304 1625 4368 damnato,
1659 4312 1707 4356 et
1734 4304 1906 4357 oranti

295 4391 394 4442 pro
435 4377 539 4428 vita
575 4375 813 4428 misertus
855 4389 934 4444 es,
963 4383 1011 4427 et
1033 4375 1237 4428 donasti
1264 4376 1310 4430 ei
1337 4376 1456 4429 vita:
1480 4390 1644 4426 annos
1672 4374 1901 4444 quinde-

292 4447 399 4500 cim
423 4462 443 4501 :
469 4462 564 4517 ego
589 4446 764 4500 audivi
789 4446 842 4498 in
867 4443 1015 4498 libris
1045 4446 1276 4517 paternis
1307 4447 1431 4499 meis
1451 4487 1468 4512 ,
1505 4443 1751 4517 Domine,
1775 4461 1904 4513 quo-

294 4519 438 4571 niam
471 4515 524 4570 ta
555 4518 723 4572 Anna:
751 4517 945 4584 petenti
984 4517 1039 4568 in
1063 4515 1324 4570 desiderio
1344 4518 1532 4570 animm
1554 4515 1654 4585 ﬁlii
1682 4529 1901 4585 genera-

294 4589 489 4644 tionem
516 4589 728 4644 donasti
751 4602 772 4642 :
792 4603 884 4659 ego
912 4587 1090 4660 audiri
1117 4588 1172 4640 in
1200 4588 1346 4641 libris
1367 4591 1596 4660 paternis
1621 4589 1769 4660 meis,
1793 4585 1903 4660 Do-

293 4661 456 4730 mine,
489 4662 733 4729 q~uoniam
763 4655 837 4712 tu'
866 4659 1246 4730 complacentes
1289 4655 1379 4712 tibi
1411 4657 1620 4724 liberas,
1657 4655 1896 4730 Domine,

294 4727 458 4802 usque
485 4727 538 4785 in
566 4732 744 4802 ﬁnem,
774 4739 883 4786 etc.
913 4727 1082 4802 Multa
1112 4730 1220 4802 alia
1253 4739 1547 4786 occurrunt
1567 4728 1761 4802 iuliae
1778 4727 1900 4802 edi-

297 4800 452 4858 tione
479 4800 735 4871 Vulgata,
759 4818 881 4874 quae
907 4801 1069 4857 [idem
1103 4801 1307 4857 faciunt
1336 4801 1651 4870 Hieronymi
1679 4800 1858 4856 verbis
1881 4819 1896 4858 :

191 4871 195 4874 λ
290 4875 438 4943 quod
463 4873 691 4945 quidem
719 4871 1037 4933 fatebuntur
1063 4874 1294 4930 studiosi
1319 4875 1520 4945 quique
1547 4875 1652 4929 viri
1685 4875 1732 4931 si
1775 4890 1894 4935 eam

2024 2079 2114 2122 me
2149 2063 2167 2104 τ
2199 2064 2335 2122 nihil
2361 2065 2524 2122 etiam
2567 2077 2952 2139 augmentasse
2995 2067 3269 2139 addendo,
3321 2070 3418 2127 sed
3472 2070 3619 2128 ﬁdeli

2023 2237 2147 2301 ante
2195 2230 2391 2301 nomen
2424 2228 2706 2301 Eustochii
2734 2227 2941 2301 ,icujtts
2971 2244 3036 2285 ex
3085 2228 3255 2284 fratre
3294 2231 3470 2301 neptis
3524 2232 3622 2290 fuit

2022 2299 2184 2355 Paula
2218 2299 2328 2374 lilia
2359 2301 2522 2374 Lazta;
2548 2300 2834 2374 zisicienim
2870 2300 2986 2374 lieri
3031 2311 3176 2374 amat
3201 2302 3344 2374 apud
3368 2299 3619 2374 exscrip-

2023 2381 2192 2445 to_res,
2221 2372 2314 2442 qui
2359 2374 2417 2445 i_n
2466 2371 3094 2445 libris_llieronymianis
3122 2371 3367 2445 quotidie
3398 2371 3620 2445 scripti-

2019 2440 2249 2510 tabant,
2271 2460 2301 2498 ο
2351 2440 2521 2496 Paula
2547 2451 2594 2496 et
2624 2440 2986 2497 Eustochium.
3020 2440 3347 2498 Nesciebant
3385 2440 3615 2503 alteram

2019 2513 2265 2589 Paulam,
2295 2514 2615 2589 nesciebant
2646 2523 2860 2589 tempus
2883 2514 3241 2584 scriptionum
3267 2515 3616 2589 Hieronymi:

2017 2586 2148 2655 quid
2184 2586 2346 2654 igitur
2375 2585 2571 2640 mirum
2593 2628 2606 2651 ,
2640 2586 2682 2639 si
2722 2586 2969 2642 ordinem
3004 2586 3367 2655 perverterint
3413 2585 3486 2642 in'
3515 2589 3616 2646 hac

2015 2659 2248 2714 vocandi
2282 2656 2557 2712 formula?
2588 2655 2766 2712 Mam.

2094 2759 2165 2769 —
2185 2729 2321 2785 Sunt
2346 2729 2435 2796 qui
2461 2743 2557 2798 pro
2594 2727 2760 2781 Paula
2786 2737 2830 2783 et
2855 2727 3210 2792 Eustochium,
3241 2729 3493 2785 substitui
3523 2746 3617 2786 ve-

1994 2800 2148 2869 lint,
2182 2800 2462 2856 Domniom
2487 2808 2533 2853 et
2564 2798 2886 2870 Rogatiane,
2919 2800 3114 2870 quibus
3151 2801 3292 2856 hunc
3335 2801 3502 2857 fuisse
3531 2802 3620 2856 in-

2015 2873 2279 2942 scriptum
2316 2873 2414 2926 abs
2457 2871 2787 2942 Hieronymo
2833 2872 3030 2926 librum
3070 2873 3290 2941 gemino
3333 2889 3399 2929 ex
3436 2873 3614 2943 capite

2016 2953 2486 3015 argumentantur.
2509 2943 2744 3015 Primum
2764 2943 2907 3010 quod
2933 2943 2984 2998 in
3012 2944 3241 3015 l‘rologo
3265 2943 3332 2999 ad
3359 2945 3609 3014 Esdram,

2017 3025 2073 3069 ut
2103 3017 2267 3070 simul
2311 3014 2500 3086 Esther
2530 3029 2593 3068 ex
2626 3012 2848 3069 Ilebrazo
2876 3012 3212 3086 transferret,
3247 3017 3424 3085 rogari
3455 3032 3515 3072 se
3546 3012 3614 3073 ab

2016 3086 2104 3154 iis,
2133 3087 2332 3142 dixerit
2359 3085 2418 3142 S.
2445 3086 2606 3140 Pater
2625 3128 2640 3152 ,
2676 3085 2920 3141 Alterum
2953 3085 3096 3156 quod
3122 3087 3284 3142 Paula
3309 3097 3483 3142 mater
3506 3088 3615 3143 Eu-

2014 3158 2214 3213 stocbii
2261 3169 2420 3212 antea
2453 3157 2871 3227 obiissetquam
2918 3158 3056 3212 hanc
3111 3158 3611 3228 interpretationem

2017 3229 2392 3301 Hieronymus
2429 3229 2746 3283 adornaret.
2779 3229 2861 3301 Ac
2901 3230 3050 3301 prius
3076 3230 3292 3297 quidem
3326 3246 3617 3300 argumen-

2015 3309 2148 3366 tum,
2177 3299 2321 3372 quod
2373 3299 2525 3354 falsa:
2572 3300 2821 3354 lectionis
2863 3300 3178 3369 pra'judicio
3209 3299 3418 3364 nititur,
3463 3305 3613 3359 nullo

2015 3371 2236 3443 negotio
2275 3371 2627 3428 exsutﬂmnus
2654 3389 2665 3424 :
2697 3386 2762 3426 ac
2801 3371 3003 3425 dudum
3031 3387 3153 3443 _uos
3185 3373 3341 3442 juxta
3395 3373 3612 3429 Martia~

2015 3441 2191 3498 meum
2222 3444 2290 3499 ab
2332 3458 2400 3498 eo
2430 3445 2549 3498 loco
2598 3443 2814 3511 Prologi
2848 3444 2899 3496 in
2941 3441 3203 3509 Esdram,
3233 3443 3300 3498 ad
3333 3460 3463 3498 mss.
3496 3446 3610 3504 fere

2015 3516 2255 3570 omnium
2298 3515 2491 3581 (idem,
2528 3512 2765 3568 Est/tera:
2791 3529 2988 3568 nomen
3017 3515 3319 3570 amovimus
3342 3557 3356 3582 ,
3386 3531 3448 3570 ac
3477 3519 3612 3573 satis

2015 3587 2306 3642 manil‘esto
2328 3585 2664 3640 ostendimus
2691 3627 2705 3651 ,
2740 3586 2906 3640 fuisse
2950 3587 3079 3641 illuc
3109 3597 3316 3642 temere
3357 3587 3610 3643 librario-

2014 3674 2134 3712 rum
2155 3658 2314 3728 culpa
2344 3659 2716 3729 importatum.
2749 3657 2920 3712 Alteri
2943 3666 3130 3729 autem
3161 3668 3479 3729 argumento
3521 3675 3608 3715 re-

2013 3727 2261 3800 positum
2282 3746 2311 3784 a
2339 3727 2650 3800 Martianzco
2675 3743 2798 3782 cum
2826 3727 3155 3784 eruditorum
3183 3727 3364 3800 vulgo,
3389 3746 3494 3784 non
3520 3731 3610 3788 hic

2012 3799 2234 3855 Paulum
2267 3799 2550 3855 Eustochii
2580 3809 2811 3870 matrem
2832 3841 2847 3866 ,
2873 3800 2967 3854 sed
2987 3800 3260 3870 juniorem
3283 3799 3496 3858 debere
3522 3803 3610 3857 in-

2011 3873 2180 3942 telligi
2204 3912 2221 3940 ,
2245 3871 2410 3927 Lana:
2441 3871 2601 3925 tiliam
2624 3913 2639 3936 ,
2665 3886 2730 3942 ex
2758 3869 2925 3942 fratre
2957 3869 3164 3940 neptim
3194 3873 3474 3927 Eustachii
3505 3890 3518 3928 :
3552 3875 3613 3929 il-

2011 3941 2211 4014 ludque
2239 3943 2543 4014 scribarum
2575 3941 2909 4014 oscitantize,
2940 3956 3002 3996 ac
3048 3953 3282 4013 receptae
3315 3944 3367 3997 in
3400 3943 3482 3998 his
3513 3960 3610 4014 po-

2010 4013 2209 4070 ncndis
2254 4013 2566 4070 nominibus
2596 4013 2973 4068 consuetudini
2999 4014 3374 4082 imputandum
3398 4056 3414 4081 ,
3463 4013 3605 4084 quod

2008 4089 2189 4142 amitte
2214 4085 2415 4155 neptis,
2448 4085 2655 4140 seniori
2683 4085 2868 4154 junior
2900 4087 3256 4156 praeponitur.
3285 4085 3454 4139 Nobis
3479 4088 3606 4156 quid

2007 4157 2112 4214 hac
2140 4174 2306 4228 super
2331 4174 2392 4213 re
2424 4156 2671 4222 videatur
2692 4197 2708 4222 ,
2738 4155 3194 4228 quamdoquidem
3220 4155 3338 4228 hafc
3369 4172 3468 4209 nos
3497 4155 3608 4214 ton-

2005 4231 2124 4300 gius
2177 4225 2508 4300 aNotarum
2557 4225 2840 4300 proposito
2870 4225 3230 4300 abducerent,
3281 4227 3335 4281 in
3383 4229 3601 4297 praeﬁxa
3632 4249 3644 4256 ’

2007 4296 2134 4356 huic
2156 4301 2329 4356 Temo
2359 4297 2688 4355 Praelatioue
2716 4296 3007 4352 dicendum
3038 4308 3142 4352 est.

2083 4382 2106 4409 ο
2137 4371 2298 4442 Apud
2325 4384 2543 4442 veteres
2568 4366 2744 4442 Biblia
2775 4368 2943 4442 Sacra
2971 4369 3386 4442 appellabantur
3405 4365 3603 4425 Biblio-

2005 4439 2203 4509 theeazf
2228 4457 2402 4513 quare
2433 4440 2658 4513 intrare
2696 4439 3438 4513 HebrworumABibliotltccas
3467 4444 3603 4499 nihil

2004 4513 2151 4568 aliud
2183 4510 2550 4582 idsigniticat
2575 4551 2588 4574 ,
2620 4526 2783 4581 quam
2806 4526 2930 4567 esse
2965 4510 3325 4568 sullicientem
3358 4517 3601 4583 legendis

2003 4598 2067 4638 ac
2095 4584 2463 4655 intelligendis
2492 4583 2866 4655 voluminibus
2904 4583 3150 4642 Hebraeis
3186 4585 3478 4654 Scriptum
3509 4602 3600 4640 sa-

2002 4671 2150 4728 crae:
2194 4658 2247 4712 in
2277 4653 2387 4726 quo
2429 4653 2699 4725 religiosae
2745 4653 3339 4728 feminae,(lhristique
3385 4670 3597 4727 sponsae

2003 4727 2241 4798 virgines
2272 4728 2470 4782 multos
2494 4735 2823 4799 superarunt
2852 4726 3011 4799 hujus
3040 4727 3140 4781 sevi
3171 4726 3396 4797 sciolos,
3415 4726 3516 4799 qui
3549 4731 3595 4784 si

2002 4797 2242 4855 viderint
2269 4799 2543 4854 studiosos
2566 4797 2859 4852 nonnullos
2881 4797 3078 4868 lingua:
3106 4799 3384 4858 Hebraica:
3416 4797 3594 4855 homi-

2003 4885 2124 4943 nes,
2151 4871 2405 4928 attollunt
2445 4871 2632 4924 statim
2659 4869 3000 4943 cachinnum
3019 4910 3034 4936 ,
3064 4869 3282 4928 Judaeos
3304 4887 3368 4926 ac
3397 4870 3598 4928 itabbi-

291 4942 634 5071 perleget-int
655 4946 712 5003 in
743 4945 1046 5017 appendice
1069 4957 1257 5003 nostra
1286 4942 1490 5004 veteris
1518 4947 1889 5005 lnstrumcnti.
1920 4945 1976 5008 D
2001 4942 2114 5000 nos
2133 4959 2230 5002 eos
2255 4958 2380 4998 cum
2414 4943 2524 4996 risu
2555 4942 2922 4996 acclamantes
2947 4957 2961 4995 :
2991 4944 3146 5012 quasi
3175 4946 3406 5015 puderet
3445 4944 3596 5015 inge-

320 5017 475 5071 lam.
2001 5031 2140 5071 nuos
2162 5018 2330 5071 viros.
2352 5022 2596 5071 sanctam
2623 5012 3014 5071 nronhetarum
3033 5015 3270 5071 linguam
3287 5016 3591 5071 addiscere.

320 5017 475 5074 litan

364 5101 385 5128 ο
426 5090 528 5146 Ms.
583 5090 1123 5148 San-Germanensis
1163 5107 1308 5148 num.
1366 5093 1402 5148 4
1442 5108 1507 5149 ac
1536 5091 1892 5150 Memmianus

293 5158 477 5234 Canna
511 5161 616 5234 hoc
642 5164 805 5234 modo
838 5165 1049 5234 legunt,
1082 5164 1218 5220 sicut
1249 5164 1457 5220 solitum
1488 5173 1592 5229 est,
1624 5166 1892 5220 surculari-

292 5229 383 5312 bus
412 5227 920 5312 disciplirtis.__lderti_
939 5227 1120 5312 tamen
1151 5236 1326 5292 codex
1351 5227 1712 5312 Memmjanus
1739 5247 1891 5312 notat

394 5305 644 5375 margine
693 5307 855 5363 aliam
905 5307 1233 5374 lectionem,
1280 5324 1479 5380 nempe
1525 5308 1887 5367 Scholaribus.

341 5391 467 5428 ΛΒΤ.

341 5391 467 5431 ΛΒΤ.

359 5443 385 5483 ἀ
416 5447 699 5524 Juniorem
732 5450 955 5507 Paulam
984 5451 1232 5524 intellige
1261 5453 1385 5524 quia
1415 5455 1584 5510 Paula
1610 5453 1886 5511 Eustochii

293 5527 465 5575 mater
486 5521 742 5578 defuncta
773 5531 894 5579 erat
929 5531 1057 5579 ante
1083 5521 1331 5579 Latinam
1379 5528 1536 5582 istam
1568 5528 1881 5582 translatio-

293 5602 413 5675 ρρξῃ
444 5593 790 5675 ex_l_lebrazo,
815 5595 897 5650 uti
930 5594 1088 5675 plane
1108 5597 1278 5675 liquet
1298 5612 1363 5675 ex
1389 5599 1478 5675 iis,
1505 5614 1627 5675 qua:
1649 5598 1717 5675 d_e
1742 5599 1882 5654 libro

293 5657 490 5718 Esther
520 5657 878 5738 Hieronymus
930 5657 1539 5738 scripsit'Praefatione'
1568 5673 1622 5727 in
1675 5670 1841 5727 Josne
1861 5713 1876 5739 ,

290 5743 444 5815 quam
475 5738 683 5815 consuli
714 5739 1368 5815 omni_ao_vol_uin_us._Nec
1396 5759 1721 5815 quemquam
1753 5738 1874 5798 mo;

287 5811 408 5860 veat
439 5808 580 5878 quod
609 5825 807 5870 nomen
848 5812 1082 5884 junioris
1112 5811 1349 5886 Virginis
1394 5808 1630 5888 pesituin
1660 5815 1870 5889 legatur

2001 5031 2140 5072 nuos
2162 5018 2330 5079 viros,
2352 5022 2596 5071 sanctam
2623 5012 3014 5087 prophetarum
3033 5012 3270 5085 linguam
3287 5012 3591 5087 addiscere,

1996 5087 2264 5145 Ecclesia:
2300 5087 2584 5142 doctorum
2613 5085 2841 5155 vestigia
2870 5093 3073 5153 terere,
3106 5085 3594 5148 nobilissimarum;

1993 5176 2100 5231 quc
2140 5163 2408 5235 virginum
2447 5157 2732 5216 Eustochti
2778 5174 2843 5216 ac
2900 5159 3086 5216 Paula:
3123 5163 3432 5235 exemplum
3467 5164 3588 5220 imi-

1993 5236 2116 5289 tari.
2144 5233 2326 5289 MART.

2073 5305 2092 5345 ί
2125 5309 2328 5380 Regius
2357 5307 2656 5362 Bibliorum
2687 5305 2858 5380 codex
2891 5320 3086 5380 msrac
3112 5306 3592 5367 San-Gcrmancn-

1993 5383 2072 5439 sis
2099 5378 2285 5437 noster
2308 5395 2519 5435 numer.
2568 5380 2626 5444 4,
2662 5394 2760 5449 pro
2795 5379 2974 5444 etiam,
3005 5378 3207 5436 habent
3236 5399 3504 5453 umquam,
3528 5383 3584 5439 id

1992 5462 2101 5520 est,
2135 5469 2217 5507 me
2247 5453 2381 5507 nihil
2411 5467 2656 5522 umquam
2683 5460 3048 5521 augmentasse
3069 5455 3331 5510 addendo.
3369 5456 3546 5511 Man‘r.

2069 5556 2141 5566 _
2159 5524 2387 5594 Quidam
2413 5541 2546 5580 mss.
2573 5540 2817 5597 umquam
2846 5539 2942 5594 pro
2968 5525 3123 5578 etiam
3144 5527 3347 5597 legunt.
3367 5527 3588 5583 Videtur

1982 5610 2164 5654 autem
2214 5599 2447 5653 alterum
2505 5596 2634 5650 huic
2677 5597 2982 5664 oppositum
3025 5596 3235 5652 comma
3289 5600 3578 5666 excidisse,

1981 5671 2123 5743 quod
2151 5671 2220 5726 ab
2267 5669 2456 5726 eadem
2483 5682 2616 5722 voce
2657 5667 2797 5743 nihil
2828 5667 3130 5743 inciperet:
3156 5678 3283 5743 puta
3311 5687 3324 5724 :
3355 5671 3486 5728 nihil
3515 5675 3586 5727 si-

1982 5735 2136 5800 lendo
2155 5753 2440 5812 truncasse,
2475 5748 2571 5797 aut
2598 5741 2726 5814 quid
2753 5735 2956 5798 simile;
