4112 6354
309 297 470 360 1457

1688 299 1893 358 LIBER
1933 299 2229 358 ESTIIER.

3485 307 3626 367 “58

383 419 594 478 Tertio
622 420 785 489 igitur
814 432 957 476 anno
998 416 1211 488 imperii
1239 416 1351 484 sui,
1387 415 1514 474 fecit
1549 416 1753 488 grande
1785 432 1915 490 cou-
1949 421 1998 480 Α
2025 415 2205 490 diatur
2244 416 2320 490 ad
2366 430 2570 487 regem,
2595 415 2710 490 sed
2748 390 2974 490 regnum
3023 415 3169 472 illius
3193 457 3208 484 ,
3260 419 3454 490 altera,
3506 438 3630 490 quae

298 489 533 548 vivium
567 492 778 548 eunetis
825 491 1192 562 principibus,
1228 500 1280 545 et
1312 491 1494 559 pueris
1525 489 1659 556 suis,
1693 489 1918 562 fortissi-

301 565 421 617 mis
473 565 770 621 Persarum
792 607 806 626 ,
831 560 908 618 et
935 562 1210 617 Medorum
1245 561 1498 633 inclytis,
1547 570 1602 616 et
1635 560 1918 633 praefectis

299 637 734 702 provinciarum
763 651 945 690 coram
969 650 1049 692 se.
1082 643 1138 689 ut
1158 632 1472 690 ostenderet
1493 632 1712 688 divitias
1731 632 1918 702 gloria:

299 708 476 776 regni
509 708 628 771 sui,
677 723 739 763 ac
771 705 1195 775 magnitudinem
1218 748 1232 772 ,
1267 713 1431 773 atque
1454 704 1768 773 iactantiam
1814 718 1913 772 po-

300 775 511 853 tcntizn
538 796 682 853 sue.
714 779 882 853 multo
910 786 1176 849 tempore,
1210 788 1426 831 centum
1459 775 1710 832 videlicet
1739 785 1796 831 et
1824 789 1916 830 oc-

298 850 531 916 toginta
561 851 751 906 diebus

379 919 1034 1000 Cutnqueimplerentnr
1070 919 1187 975 dies
1216 919 1451 1000 convivii
1473 917 1766 1000 ,_invitavit
1795 933 1914 1000 om-

299 1007 442 1046 nem
494 995 751 1064 populum
773 1037 786 1059 ,
820 993 910 1060 qui
945 993 1195 1054 inventus
1225 1001 1310 1045 est
1334 1001 1358 1028 ιι
1391 993 1578 1064 Susis,
1612 1007 1640 1044 a
1673 993 1912 1064 maximo

269 1061 593 1130 'nsque'ad
627 1065 906 1119 minimum
934 1080 945 1115 :
978 1073 1032 1119 et
1057 1064 1217 1133 jussit
1239 1072 1446 1133 septem
1485 1063 1678 1117 diebus
1717 1061 1907 1117 convi-

293 1135 463 1191 vium
494 1137 788 1207 praeparari
823 1136 873 1190 in
907 1130 1360 1198 veStibuloltorii,
1391 1145 1445 1190 et
1472 1134 1730 1207 nemoris,
1765 1133 1906 1204 quod

294 1209 466 1277 regio
502 1205 648 1263 cultu
675 1217 729 1263 et
752 1223 909 1261 manu
943 1209 1213 1260 consitum
1240 1215 1376 1260 erat.
1413 1207 1478 1261 Et
1511 1205 1816 1275 pendebant
1842 1223 1906 1261 cx

291 1279 466 1333 Omni
516 1289 670 1350 parte
716 1288 946 1335 tentoria
997 1280 1127 1350 aerii
1163 1279 1395 1350 coloris,
1449 1288 1502 1332 et
1543 1277 1813 1334 earbasini
1846 1293 1908 1334 ac

291 1349 676 1420 hyacinthini,
706 1359 1006 1406 sustentata
1049 1349 1264 1404 funibus
1291 1349 1548 1420 byssiuis,
1580 1362 1741 1419 atque
1776 1364 1905 1414 pur-

293 1437 306 1488 ι
334 1421 526 1494 ttreis,
559 1424 651 1494 qui
684 1423 940 1494 eburneis
968 1421 1186 1477 circulis
1212 1421 1398 1494 inserti
1422 1431 1603 1494 erant,
1634 1430 1683 1474 et
1708 1421 1905 1494 colunt-

288 1493 386 1546 nis
433 1490 763 1550 marmoreis
808 1493 1191 1548 iniciebantur.
1243 1490 1451 1546 Lcetuli
1497 1507 1711 1562 quoque
1752 1493 1902 1546 aurei

289 1576 347 1615 et
382 1566 666 1634 argentei,
699 1581 866 1635 super
891 1567 1252 1633 pavimentum
1279 1563 1624 1632 smaragdina
1651 1575 1704 1618 et
1736 1562 1897 1618 Pario

286 1643 544 1692 stratum
575 1637 752 1706 lapide
778 1636 1027 1703 diSpositi
1059 1645 1212 1691 erant
1245 1655 1255 1690 :
1290 1636 1429 1706 quod
1463 1637 1596 1689 mira
1638 1635 1901 1690 varietate

287 1706 517 1775 pictura
545 1709 854 1765 decorabit.
881 1708 1146 1763 Bibebant
1168 1720 1349 1762 autem
1375 1706 1468 1777 qui
1496 1706 1898 1777 invitatierant,

287 1780 493 1852 aureis
540 1783 778 1852 poeulis,
811 1789 867 1836 et
902 1779 1020 1834 aliis
1051 1789 1210 1849 atque
1243 1779 1364 1852 aliis.
1384 1776 1666 1852 vasisctbi
1701 1776 1894 1852 infere-

285 1847 772 1908 Ii:ttttttr.'Vittutn
811 1867 1058 1922 quoque,
1102 1847 1157 1903 ut
1189 1849 1591 1922 magttiIiCentia
1629 1847 1891 1922 tegia_(_li-

283 1936 469 1987 gnum
502 1936 643 1988 erat,
673 1919 978 1988 abundans,
1003 1931 1056 1978 et
1081 1921 1404 1990 pt'.t.-cipttutn
1441 1921 1758 1990 ponebatur.
1781 1919 1894 1976 Nec

282 2006 413 2046 erat
455 1995 552 2068 qui
598 1996 844 2051 nolentes
884 1989 1108 2068 cogeret
1136 1992 1200 2046 ad
1245 1989 1572 2068 bibendum,
1618 1989 1713 2068 sed
1755 1993 1896 2068 sicut

280 2079 382 2118 rex
422 2061 715 2132 statuerat,
751 2061 1067 2136 praeponens
1099 2063 1124 2102 δ
1157 2065 1358 2118 mensis
1383 2061 1629 2136 singulos
1660 2061 1724 2136 de
1750 2064 1896 2130 prin-

281 2136 515 2204 cipibus
545 2140 675 2201 suis,
713 2149 768 2192 ut
798 2133 1037 2194 sumeret
1070 2137 1441 2204 unnsqni~que
1471 2133 1614 2205 quod
1647 2135 1829 2188 vellet.

363 2208 565 2262 Vasthi
599 2225 811 2280 quoque
851 2210 1034 2278 regina
1069 2207 1193 2262 fecit
1226 2207 1537 2261 convivium
1571 2207 1895 2260 feminarum

287 2277 344 2332 in
385 2277 626 2344 palatio,
659 2277 745 2335 tibi
781 2297 878 2336 rex
905 2277 1176 2334 Assuerus
1207 2294 1426 2333 manere
1458 2290 1838 2332 consueverat.

365 2350 563 2423 itaque
592 2352 680 2408 die
703 2355 1105 2423 septimmenm
1134 2366 1225 2423 rex
1257 2360 1402 2423 esset
1428 2349 1671 2414 hilarior,
1703 2357 1898 2418 etpost

281 2420 529 2476 nimiam
565 2421 896 2495 putationem
918 2420 1349 2495 [ALpotionem]
1377 2423 1690 2474 int-aluisset
1718 2435 1893 2495 mero,

281 2491 573 2565 przeeepit
604 2491 884 2560 Mantuan,
916 2491 985 2565 fet
1029 2504 1050 2532 ε’
1102 2491 1354 2556 Bamtha,
1383 2495 1640 2565 7.\rltona,
1693 2505 1745 2546 et
1799 2491 1898 2545 Ba-

276 2563 495 2634 gatlta,
521 2575 573 2620 et
605 2566 874 2634 Abgutha,
903 2563 928 2602 ί¹
968 2575 1020 2620 et
1053 2565 1248 2618 Zaratb
1278 2578 1330 2620 et
1357 2563 1652 2626 Charchas,
1685 2576 1896 2632 septem

276 2637 583 2702 eunuchis,
614 2639 705 2708 qui
737 2639 788 2692 iit
821 2644 1112 2705 censpecu
1148 2637 1264 2703 ejus
1297 2634 1698 2701 ministrabant,
1728 2643 1789 2689 ut
1819 2638 1899 2688 in-

279 2710 648 2766 troilueerent
693 2709 874 2764 Vasthi
920 2711 1158 2779 reginam
1186 2724 1366 2762 coram
1409 2723 1558 2776 rege,
1605 2708 1898 2776 po.~itosu-

278 2794 386 2849 per
417 2793 583 2851 caput
610 2783 725 2848 ejus
754 2781 1078 2844 diademate,
1114 2791 1167 2832 nt
1204 2779 1518 2834 ostenderet
1543 2780 1752 2834 cunctis
1802 2794 1900 2848 po-

279 2852 433 2924 pulis
457 2866 514 2906 et
541 2853 874 2924 principibus
902 2852 1358 2924 pulchritudinem
1394 2851 1537 2906 illius
1566 2861 1722 2924 terat
1751 2851 1895 2904 enim

282 2922 750 2992 pulehraivalde.
795 2922 923 2992 Qui-
972 2923 1168 2985 renuit,
1197 2935 1251 2977 et
1291 2923 1359 2976 ad
1408 2924 1547 2993 regis
1588 2923 1896 2992 imperium,

280 2994 437 3063 quod
476 3012 572 3064 per
601 2995 880 3050 eunuchos
928 2994 1297 3059 mandaverat,
1333 2995 1521 3050 venire
1550 2997 1896 3062 contempsit.

360 3064 527 3121 Unde
552 3067 721 3122 iratus
748 3083 868 3133 rex,
893 3076 949 3122 et
980 3068 1145 3121 nintio
1179 3067 1360 3122 furore
1388 3081 1702 3131 succensus,
1736 3068 1901 3119 inter-

283 3137 509 3208 rrgavit
543 3139 839 3208 sapientes,
867 3140 957 3206 qtti
1000 3155 1063 3193 ex
1096 3154 1246 3194 more
1273 3141 1421 3206 regio
1451 3153 1666 3207 semper
1692 3138 1738 3192 ei
1772 3138 1897 3190 ade-

2025 487 2217 543 melior
2242 487 2335 544 illa
2363 500 2466 553 est,
2495 487 2742 557 accipiat.
2785 489 2848 543 Et
2879 487 2982 542 hoc
3013 489 3064 544 in
3089 504 3248 544 omne
3273 487 3448 561 (quod
3474 487 3620 548 latis-

2024 561 2219 634 simum
2264 561 2368 630 est)
2414 561 2812 628 provinciarum
2863 571 3075 634 tuarum
3116 561 3630 634 divulgeturjmpe—

2021 631 2182 698 riunt,
2212 642 2508 706 et‘euncta:
2531 648 2729 706 uxores
2767 643 2874 706 tam
2894 633 3201 706 _lttajorttm,
3233 631 3394 706 quam
3438 631 3618 692 mitio-

2019 718 2160 768 rmn,
2194 701 2440 760 deferant
2473 705 2683 759 maritis
2707 705 2818 759 suis
2847 701 2864 742 ί
2893 703 3174 762 honorem.

2091 773 2296 829 Placuit
2325 776 2608 831 consilium
2639 775 2756 845 ejus
2796 777 2928 846 regi,
2971 785 3025 832 et
3056 776 3386 847 principibus
3417 795 3431 836 :
3467 779 3617 836 fecit-

2016 861 2120 918 que
2153 862 2244 918 rex
2277 847 2422 916 juxta
2447 848 2736 902 consilium
2774 850 3115 914 Mamuehan,
3143 859 3197 904 et
3231 849 3376 904 misit
3411 853 3616 918 episto-

2017 917 2097 972 las
2143 917 2208 972 ad
2252 917 2532 992 universas
2572 921 2876 988 provincias
2924 921 3073 988 regni
3122 920 3230 988 sui,
3290 931 3347 976 ut
3389 917 3618 992 qna-que

2013 1004 2146 1058 gens
2177 990 2364 1045 audire
2399 1003 2451 1063 et
2482 992 2659 1061 legere
2690 999 2918 1061 poterat,
2957 994 3186 1046 diversis
3217 990 3418 1063 linguis
3447 1001 3501 1050 et
3530 990 3614 1050 lit-

2016 1065 2168 1129 teris,
2215 1078 2336 1117 esse
2387 1061 2532 1117 virus
2575 1063 2847 1132 principes
2892 1078 2954 1118 ac
2995 1064 3228 1131 majores
3273 1061 3324 1122 iu
3364 1066 3618 1122 domibus

2015 1137 2174 1204 suis:
2205 1144 2256 1186 et
2290 1133 2393 1188 huc
2423 1150 2517 1200 per
2547 1146 2772 1189 cunctus
2797 1137 3021 1204 populos
3046 1135 3334 1204 divulgari.

2084 1203 2236 1277 [Cap.
2271 1205 2360 1278 IL]
2395 1205 2495 1278 llis
2524 1208 2592 1260 ita
2638 1203 2827 1276 gestis,
2877 1219 3156 1274 poSIquam
3200 1203 3338 1278 regis
3385 1209 3610 1266 Assueri

2011 1274 2358 1332 deferbuerat
2413 1274 2738 1345 indignatio,
2791 1279 3108 1333 recordatus
3155 1274 3495 1343 est'Vastbi,
3556 1290 3611 1336 et

2009 1363 2130 1416 quae
2180 1347 2420 1413 fecisset,
2464 1350 2548 1402 vel
2598 1365 2719 1420 qua:
2772 1364 2925 1418 passa
2975 1361 3120 1405 esset
3175 1368 3187 1404 :
3245 1351 3612 1420 dixeruntque

2012 1420 2161 1485 pueri
2195 1421 2356 1489 regis,
2393 1437 2456 1476 ac
2480 1419 2714 1475 ministri
2735 1422 2852 1489 ejus
2883 1440 2893 1473 2
2921 1422 3244 1488 Qua-rantur
3274 1423 3385 1491 regi
3418 1419 3614 1490 puella:

2010 1492 2246 1561 virgines
2292 1508 2356 1547 ac
2396 1494 2680 1562 Speciosm,
2711 1501 2765 1548 et
2802 1493 3085 1547 tnittantur
3133 1494 3224 1548 oui
3269 1495 3616 1550 eonsidet‘ent

2008 1577 2100 1630 per
2151 1563 2432 1636 universas
2471 1564 2774 1636 provincias
2808 1565 3020 1636 puellas
3062 1567 3334 1632 Speciosas
3368 1575 3424 1619 et
3449 1567 3613 1636 virgi-

2007 1649 2103 1688 nes
2135 1651 2149 1691 :
2182 1646 2235 1689 et
2271 1634 2543 1690 adducant
2565 1651 2657 1689 eas
2692 1635 2758 1690 ad
2788 1635 3062 1691 civitatem
3091 1637 3290 1703 Susan,
3311 1647 3365 1690 et
3394 1634 3613 1692 tradant

2005 1704 2113 1776 [ΑΛ
2147 1706 2272 1761 add.
2311 1707 2426 1779 eas]
2469 1708 2522 1761 in
2553 1707 2771 1762 domum
2801 1707 3120 1763 feminarum
3153 1709 3254 1762 sub
3284 1724 3441 1763 manu
3475 1708 3604 1777 Egei

2003 1780 2258 1845 eunuchi,
2288 1779 2380 1848 qui
2421 1786 2506 1834 est
2533 1783 2855 1848 prxpositus
2881 1788 2934 1834 et
2962 1793 3143 1834 cnsros
3183 1781 3468 1838 mulierum
3520 1797 3607 1835 re-

2000 1851 2206 1915 giarnm
2242 1865 2255 1904 :
2282 1860 2336 1904 et.
2364 1851 2629 1918 accipiant.
2660 1850 2918 1905 tnundum
2952 1851 3294 1915 muliebrem,
3327 1861 3381 1906 et
3409 1862 3603 1908 uetera

1997 1919 2066 1992 ad
2102 1938 2227 1974 Hau.“
2257 1923 2582 1976 necessaria.
2619 1922 2684 1976 Et
2713 1938 3065 1992 quacumque
3097 1923 3236 1978 inter
3259 1939 3447 1992 onmes
3477 1938 3608 1977 reu-

2000 1991 2066 2043 lis
2117 1992 2258 2060 regis
2303 1994 2583 2060 placuerit,
2629 1989 2747 2060 ipsa
2787 1989 3103 2062 regnetpro
3147 1989 3354 2050 Vasthi.
3402 1995 3608 2050 Placuit

1997 2077 2178 2116 serm.»
2204 2066 2311 2134 regi
2340 2080 2350 2114 :
2376 2071 2431 2116 et
2459 2062 2553 2129 ita,
2589 2073 2647 2119 ut
2671 2075 3070 2133 sugges:erant,
3093 2064 3252 2133 jussit
3285 2067 3424 2120 fieri.

2076 2136 2201 2189 Erat
2231 2139 2310 2188 vir
2331 2134 2548 2190 Judteus
2573 2138 2623 2191 in
2651 2136 2805 2189 Susis
2828 2135 3067 2198 civitate,
3100 2136 3360 2193 vocabulo
3388 2137 3608 2192 Mardo—

1998 2206 2182 2280 clteus
2217 2225 2230 2260 :
2263 2207 2406 2260 filius
2435 2205 2569 2280 .lair,
2607 2208 2700 2280 filii
2730 2205 2940 2280 Setnei,
2962 2207 3054 2260 lilii
3087 2206 3194 2274 Cis,
3229 2207 3297 2262 tle
3325 2211 3493 2280 stirpe
3519 2209 3610 2264 Je-

1999 2278 2150 2338 tnini,
2176 2279 2264 2348 qui
2299 2279 2586 2350 translatus
2620 2278 2796 2350 fuerat
2821 2277 2890 2350 de
2913 2275 3210 2350 Jerusalem
3244 2294 3309 2332 eo
3334 2275 3602 2350 teniptrre,

1998 2366 2106 2418 quo
2137 2347 2449 2405 Jeehuniam
2481 2366 2658 2420 regem
2682 2347 2815 2404 Jnda
2848 2349 3347 2404 NabuchodOnosor
3379 2347 3468 2406 rei
3506 2347 3604 2407 Ba;

1999 2421 2210 2492 bylonis
2247 2424 2621 2486 transtulerat,
2679 2422 2771 2493 qui
2813 2421 2915 2480 fuit
2957 2428 3213 2480 tttttrttius
3255 2424 3380 2477 filia:
3426 2424 3503 2477 fta
3533 2426 3607 2479 ris

1998 2508 2080 2546 sui
2116 2493 2341 2560 lidissm,
2375 2508 2496 2561 qua;
2521 2497 2693 2550 altero
2725 2495 2941 2550 nomine
2967 2497 3255 2550 vocabatur
3284 2493 3476 2550 ESther
3504 2513 3518 2550 :
3549 2506 3604 2550 et

2001 2579 2285 2634 utrumque
2311 2575 2589 2633 parentem
2630 2565 2885 2621 amiserat
2913 2585 2925 2620 ε
2955 2568 3182 2636 pulchra
3219 2566 3400 2628 nimis,
3428 2577 3482 2620 et
3515 2568 3612 2622 de-

1998 2650 2126 2710 cora
2156 2636 2310 2710 facie.
2342 2637 2672 2710 Mortuisque
2715 2649 2866 2706 patre
2899 2641 3016 2710 ejus
3054 2659 3119 2696 ac
3149 2650 3346 2708 matre,
3394 2639 3604 2696 Mardo-

1999 2708 2183 2762 cltazus
2210 2709 2312 2765 sibi
2341 2724 2458 2762 eam
2489 2708 2763 2781 adoptavit
2788 2713 2840 2767 itt
2866 2708 3054 2768 tiliam.

2070 2781 2312 2855 (Suntque
2359 2785 2757 2849 percrebuisset
2801 2785 2942 2855 regis
2995 2784 3309 2855 imperium,
3355 2789 3412 2838 et
3449 2783 3604 2854 juxta

1999 2852 2308 2928 mandatum
2357 2854 2500 2908 illius
2531 2855 2712 2910 multa:
2743 2852 2976 2928 virgines
3002 2852 3244 2926 pulchra:
3270 2852 3606 2911 adduceren-

2002 2934 2086 2978 tur
2128 2926 2326 2992 Susao,
2377 2938 2430 2981 et
2481 2929 2624 2999 Egeo
2667 2926 3008 2988 traderentur
3051 2931 3300 2986 eunucho
3344 2945 3360 2984 :
3414 2929 3608 2984 Esther

2000 3011 2216 3067 quoque
2256 2999 2402 3072 inter
2421 3012 2650 3058 mete-ras
2682 3005 2894 3072 puellas
2922 3007 2973 3059 ei
3017 3003 3210 3058 tradita
3235 3010 3342 3069 est,
3383 3013 3435 3056 ut
3486 3016 3602 3056 ser-

2000 3077 2223 3134 varetur
2253 3070 2560 3144 innumero
2585 3070 2927 3130 fetninartnn.
2954 3077 3084 3144 Quae
3109 3075 3309 3144 placuit
3339 3074 3410 3140 ei,
3440 3083 3492 3128 et
3524 3074 3607 3126 itt-

2001 3144 2151 3217 venit
2190 3142 2417 3217 gratiam
2452 3143 2504 3198 in
2530 3156 2826 3216 conspectu
2859 3142 3018 3203 illius.
3063 3142 3121 3202 lit
3157 3147 3406 3217 pratcepit
3436 3161 3607 3200 eunu-

283 3219 434 3282 rant,
468 3219 520 3263 et
564 3210 776 3268 illorum
816 3211 1046 3266 faciebat
1072 3223 1265 3265 cuneta
1315 3209 1560 3274 consilio,
1604 3209 1891 3264 seientium
1925 3211 1968 3274 C
1999 3212 2120 3277 eho,
2151 3213 2544 3274 utacceler..rcr
2566 3209 2821 3275 ιιιυιίιιυιη
2851 3209 3188 3282 "mliebrem,
3213 3230 3266 3273 et
3291 3209 3525 3273 traderet
3555 3217 3604 3271 ei

284 3279 444 3352 leges
475 3297 542 3337 ac
571 3282 686 3350 jura
725 3287 992 3349 majorum
1021 3283 1198 3352 (erant
1227 3291 1407 3334 autem
1441 3282 1607 3352 primi
1630 3291 1684 3335 et
1717 3282 1892 3350 proxi~

283 3355 387 3415 mi,
415 3351 722 3418 Charsena,
755 3368 806 3408 et
832 3351 1048 3410 Setbar.
1079 3363 1134 3408 et
1163 3353 1448 3420 Admatba,
1480 3363 1536 3408 et
1571 3351 1815 3419 Tharsis,
1844 3362 1900 3408 et

258 3422 497 3496 plures,
546 3436 599 3482 et
641 3425 912 3496 Marsana,
963 3436 1017 3480 et
1063 3425 1382 3484 Mamuchan
1412 3466 1427 3488 ,
1470 3437 1680 3492 septem
1712 3424 1898 3496 duces

286 3493 588 3550 Persarum
638 3508 800 3566 atque
843 3506 865 3533 θ
896 3493 1213 3562 Medorum,
1265 3497 1354 3562 qui
1403 3496 1654 3550 videbant
1703 3494 1896 3549 faciem

285 3567 463 3636 regis,
511 3576 566 3623 et
610 3569 766 3638 primi
802 3577 919 3638 post
951 3584 1074 3624 eum
1118 3568 1364 3623 residere
1406 3568 1554 3623 soliti
1592 3566 1770 3636 erant)
1813 3566 1899 3622 cui

287 3638 586 3710 Sententia:
633 3638 819 3695 Vasthi
881 3641 1063 3710 regina
1121 3640 1452 3708 snbjaceret,
1500 3657 1618 3706 qua:
1675 3638 1898 3693 Assuet‘i

286 3709 436 3779 regis
472 3710 779 3781 imperium,
805 3714 945 3782 quod
980 3728 1075 3782 per
1101 3712 1380 3766 eunuchos
1409 3713 1783 3778 mandaverat,
1814 3711 1897 3766 fa-

287 3795 423 3834 cere
453 3783 738 3837 noluisset.

366 3853 780 3925 ltespnnditque
828 3853 1146 3908 Mamuehan
1177 3895 1190 3914 .
1239 3853 1492 3909 audiente
1540 3869 1686 3925 rege,
1717 3861 1900 3925 atque

289 3923 634 3995 principibus
664 3942 675 3976 :
717 3925 828 3979 Non
858 3926 1029 3978 solttnt
1062 3942 1242 3994 regem
1276 3925 1413 3980 lmsit
1454 3923 1638 3995 regina
1683 3923 1895 3992 Vasthi,

288 3993 388 4067 sed
417 4005 476 4050 et
504 4009 692 4067 omnes
723 4000 968 4066 populos,
996 4007 1049 4051 et
1078 3993 1376 4067 principes,
1401 3999 1495 4067 qui
1520 3993 1652 4053 sunt
1681 3997 1734 4052 itt
1763 4011 1900 4051 cun-

289 4066 397 4121 ctis
424 4066 719 4134 provinciis
748 4070 891 4138 regis
923 4066 1164 4124 Assueri.
1197 4066 1517 4137 Egredietur
1541 4069 1685 4123 enim
1716 4084 1898 4124 sermo

288 4139 504 4206 regium
553 4140 616 4191 ad
668 4156 858 4195 omnes
913 4142 1189 4207 mulieres,
1240 4149 1295 4193 nt
1346 4151 1702 4196 contemnant
1752 4143 1898 4198 viros

287 4226 445 4270 suos.
499 4219 552 4265 et
609 4209 793 4266 dicant
837 4229 850 4262 :
899 4210 1016 4266 Rex
1057 4213 1327 4266 Assucrus
1371 4213 1556 4280 jussit,
1607 4222 1664 4266 ut
1711 4211 1896 4280 regina

289 4280 485 4336 Vasthi
532 4284 757 4337 intraret
796 4282 862 4336 ad
906 4298 1067 4346 eunt,
1113 4293 1166 4337 et
1206 4283 1296 4336 illa
1344 4285 1534 4337 noluit.
1568 4282 1743 4352 Atque
1792 4282 1897 4340 hoc

285 4352 553 4426 exemplo
581 4369 771 4409 omnes
805 4354 1107 4423 principum
1132 4353 1390 4424 conjuges
1417 4355 1706 4410 Persarum
1734 4367 1896 4426 atque

289 4422 597 4497 Medorum,
634 4422 1025 4497 parvipendent
1049 4422 1656 4497 7imperia—maritorum
1690 4449 1702 4483 :
1753 4422 1895 4482 unde

289 4496 618 4569 regiS'jttsla
663 4507 747 4569 est
795 4496 1116 4568 indignatio.
1161 4499 1216 4552 Si
1260 4498 1368 4569 [ΑΙ.
1416 4499 1539 4551 add.
1591 4497 1744 4568 ergo]
1799 4499 1896 4554 tibi

292 4566 496 4638 placet,
530 4568 837 4638 egrediatur
860 4566 1099 4624 edicmm
1137 4585 1166 4621 a
1198 4566 1336 4623 faeie
1364 4582 1486 4634 tua;
1526 4578 1583 4624 et
1627 4566 1895 4626 scribatur

285 4637 450 4706 juxta
480 4637 649 4709 legem
679 4640 961 4695 Persarum
987 4648 1146 4708 atque
1168 4640 1464 4706 Medorum,
1489 4657 1648 4707 quam
1673 4651 1892 4710 prwter-

291 4710 356 4765 iri
394 4710 646 4768 illicitum
687 4720 790 4780 est,
822 4723 882 4767 ut
925 4725 1267 4782 nequaquam
1315 4711 1451 4774 ultra
1485 4711 1669 4768 Vasthi
1715 4714 1896 4784 ingre-

362 4859 390 4888 ⁸
414 4849 559 4906 Editi
579 4851 788 4922 legunt,
814 4850 865 4904 in
892 4848 1113 4918 Susum,
1137 4859 1341 4922 atmss.
1357 4865 1546 4906 omnes
1570 4849 1743 4906 Latini
1771 4866 1902 4908 con-

292 4930 508 4980 stanter
552 4920 795 4996 retinent
822 4922 966 4996 quod
999 4920 1393 4996 nos_ed_idimus
1417 4966 1433 4992 ,
1481 4923 1636 4980 Susis
1668 4937 1892 4996 nempe;

292 5003 352 5118 thl’l.
383 4993 639 5064 impressi
665 4991 1069 5051 etiam'ltabent
1097 4992 1372 5050 Nebemia:
1401 4991 1522 5066 eap.
1567 5011 1608 5065 ι,
1640 4991 1814 5052 γεῖς(
1840 4999 1893 5056 1.

345 5081 470 5118 aur.

345 5081 378 5119 Δ
385 5081 449 5122 R'l‘
459 5106 470 5119 .

365 5136 393 5175 δ
419 5138 522 5192 Pro
548 5137 754 5196 mensis.
786 5135 839 5191 in
867 5135 1114 5192 Palatino
1141 5152 1248 5191 ms.
1273 5146 1360 5193 est
1379 5139 1473 5193 eis.

369 5219 392 5247 ο
419 5207 566 5282 [dem
589 5205 961 5282 ms.lialatlta.
976 5205 1079 5264 Pro
1100 5207 1318 5282 Zarath,
1346 5209 1487 5282 quod
1510 5212 1752 5282 sequitur
1775 5227 1892 5268 rec-

298 5277 406 5401 :jus
427 5280 617 5336 saltem
649 5281 714 5336 ad
743 5281 1028 5337 llebrazum
1053 5288 1264 5342 textum
1296 5277 1504 5354 vulgati
1530 5277 1750 5356 habent,
1791 5283 1894 5340 Ze-

337 5367 437 5401 tar.

297 5359 437 5404 tltar.

369 5419 396 5495 ξι
431 5421 506 5476 Ita
541 5422 726 5478 Canon
756 5423 1108 5480 Memmianus
1136 5427 1426 5495 cunctique
1456 5441 1590 5482 mss.
1631 5425 1886 5483 codices:

301 5491 427 5567 editi
453 5509 586 5550 vero
616 5495 801 5566 legunt
823 5495 1015 5550 Zetltar
1038 5496 1191 5567 juxta
1226 5491 1547 5554 hodiernum
1579 5499 1886 5567 llebrteum,

301 5564 389 5619 ubi
421 5564 688 5624 successu“
710 5570 966 5635 temporis
995 5564 1157 5622 facile
1191 5570 1365 5635 potuit
1399 5570 1562 5627 scribi
1605 5570 1730 5625 than
1761 5564 1889 5628 ante

303 5635 468 5708 resclt,
495 5637 546 5691 id
571 5650 674 5704 est,
708 5637 900 5692 Zethar
929 5655 1023 5708 pro
1057 5638 1276 5706 Zeratlt,
1308 5643 1421 5696 sive
1453 5642 1670 5696 Z-iratli.
1711 5642 1884 5698 Nam.

375 5714 398 5742 ε
426 5706 606 5764 Nostri
641 5725 769 5764 mss.
801 5706 1104 5784 Muttine/ta,
1132 5721 1325 5784 septem
1348 5714 1503 5768 duces
1536 5716 1667 5784 regis
1702 5712 1892 5768 Persa-

302 5789 596 5857 rum,_etc.,
618 5797 719 5857 nec
749 5792 930 5842 tamen
954 5783 1039 5840 hic
1064 5782 1221 5854 Regis
1249 5785 1570 5844 vocabulum
1589 5782 1894 5857 Originales

304 5847 392 5900 alii
424 5848 543 5907 libri
567 5853 784 5910 addunt.

2003 3296 2188 3362 partes
2225 3299 2353 3362 suas
2383 3328 2399 3354 ,
2441 3298 2495 3342 et
2535 3301 2740 3360 septem
2792 3292 2996 3360 puellas
3051 3290 3484 3362 speciosissimas
3539 3293 3608 3345 de

2001 3357 2164 3410 domo
2213 3359 2376 3427 regis,
2425 3370 2481 3416 et
2510 3357 2620 3418 tam
2663 3357 2832 3434 ipsam
2882 3361 3044 3434 quam
3083 3357 3606 3434 'pedisseqttasiejus

2001 3439 2222 3503 ornaret
2249 3438 2412 3501 atque
2441 3433 2735 3494 excoleret.
2770 3433 2912 3503 Qua!
2937 3435 3114 3490 noluit
3161 3435 3400 3490 indicare
3431 3433 3478 3487 ei
3513 3449 3608 3502 po-

2003 3499 2184 3568 pulum
2217 3510 2272 3574 et
2303 3499 2528 3573 patriam
2561 3523 2714 3562 suam
2757 3499 3184 3564 :wttlatdoehteus
3223 3509 3366 3562 ettint
3403 3499 3608 3574 pra-re-

2003 3587 2035 3649 p
2057 3580 2155 3649 rat
2184 3572 2255 3639 ei,
2287 3572 2341 3629 ut
2366 3575 2564 3649 debat:
2595 3595 2654 3634 re
2695 3583 2918 3635 omnino
2963 3579 3218 3636 tetieeret
3247 3595 3262 3633 :
3294 3575 3384 3649 (ιιιί
3405 3572 3606 3631 ’ἀντιω-

2002 3644 2218 3698 bnlahat
2269 3648 2510 3714 quotidie
2558 3663 2682 3706 ante
2725 3651 3047 3706 vestibulum
3094 3644 3334 3716 domus,
3392 3650 3442 3703 in
3499 3665 3602 3713 qua

2001 3716 2190 3792 electa:
2211 3717 2448 3786 virgines
2474 3725 2854 3785 servabantur,
2884 3739 3068 3778 curam
3092 3738 3258 3792 agens
3289 3720 3478 3776 salutis
3507 3723 3605 3775 lis-

2004 3789 2145 3864 thenr,
2175 3797 2233 3843 et
2259 3794 2398 3845 scire
2426 3795 2618 3848 volens
2645 3797 2774 3864 quid
2802 3797 2854 3850 ei
2875 3789 3167 3850 accideret.

2073 3858 2207 3913 Cum
2233 3871 2413 3938 autem
2447 3858 2684 3922 venisset
2715 3879 2928 3937 tempus
2960 3867 3293 3938 singularum
3323 3863 3600 3938 perordi-

2004 3945 2126 4009 nem
2160 3933 2481 4009 puellarum,
2516 3947 2573 3992 ut
2600 3933 2874 3994 intrarent
2899 3939 2964 3992 ad
2996 3933 3202 4009 regem,
3234 3933 3466 4007 expletis
3489 3951 3604 3990 om-

2002 4002 2158 4079 nibus
2179 4019 2300 4073 qua:
2328 4008 2392 4060 ad
2423 4011 2625 4065 cultum
2653 4013 2970 4066 muliebrem
3000 4002 3368 4079 pertinebant,
3402 4009 3604 4064 mensis

2000 4073 2351 4148 duodecimns
2385 4081 2731 4136 vertebatur:
2765 4085 2836 4137 ita
2871 4073 3171 4148 dumtaxat,
3203 4090 3260 4136 ut
3283 4073 3377 4135 sext
3406 4081 3608 4132 mensi-

2003 4145 2099 4225 bus
2129 4147 2251 4225 oleo
2284 4161 2617 4220 ungerentnr
2647 4165 2670 4202 κ
2700 4156 2958 4225 tnyrtino,
3001 4163 3054 4208 et
3101 4145 3222 4206 aliis
3255 4169 3347 4208 Sex
3385 4151 3605 4225 ‘luiglms'

2000 4215 2121 4270 dant
2167 4215 2456 4287 pigmentis
2487 4237 2541 4279 et
2570 4215 2904 4279 aromaiibus
2946 4215 3249 4279 uterentur.
3297 4215 3601 4293 Ingredien-

2002 4299 2187 4366 tesqne
2214 4293 2280 4344 ad
2325 4307 2529 4362 regem,
2559 4297 2818 4366 quidquid
2849 4295 3216 4363 posutlassent
3251 4294 3319 4350 ad
3351 4307 3600 4348 ornatum

1999 4361 2299 4435 pertinens,
2337 4361 2794 4434 accipiebant,et
2837 4361 2898 4421 ut
2929 4367 3007 4422 eis
3040 4368 3334 4435 placuerat,
3374 4381 3600 4435 compo-

1999 4434 2116 4508 situ}
2138 4431 2205 4486 de
2227 4431 2471 4508 triclinio
2488 4437 2811 4493 feminarum
2835 4438 2900 4492 ad
2925 4431 3066 4508 regis
3091 4431 3394 4492 cubiculum
3426 4431 3606 4491 trans-

2000 4503 2168 4558 ibant.
2226 4506 2292 4560 Et
2339 4523 2460 4580 quae
2530 4509 2828 4580 intraverat
2883 4503 3156 4580 vespere,
3219 4508 3602 4580 egrediebatur

1925 4605 1973 4665 υ
2002 4584 2397 4665 Ἷιιιιιθξλιιιιιιιο
2448 4578 2573 4665 trude
2606 4581 2660 4636 in
2706 4578 3160 4665 secundas—aedes
3211 4578 3598 4665 deducebatpr,

2000 4660 2119 4721 qua:
2148 4645 2249 4721 sub
2277 4664 2438 4704 manu
2465 4651 2720 4721 Susagazi
2750 4652 2985 4709 eunuchi
3012 4663 3188 4720 erant,
3218 4653 3307 4721 qui
3336 4651 3598 4706 concubi-

1999 4719 2084 4772 nis
2125 4719 2269 4789 regis
2314 4719 2688 4790 praesidebat:
2736 4740 2837 4781 nec
2889 4725 3122 4780 habebat
3172 4719 3488 4796 potestatem
3527 4722 3596 4778 ad

2098 4857 2117 4898 ί
2145 4859 2368 4934 Regina:
2399 4879 2502 4920 ms.
2552 4874 2880 4935 postremam
2921 4863 3062 4919 hanc
3094 4878 3282 4919 vocem
3327 4862 3596 4930 honorem,

2001 4937 2164 4989 tacet.
2199 4935 2322 4990 Mox
2349 4936 2519 5004 addit,
2551 4937 2684 5006 ejus,
2731 4951 3030 5007 pronomen
3053 4935 3194 5006 voci,
3235 4935 3555 5006 principibus
3577 4950 3597 4990 :

2001 5011 2290 5077 utrumque
2316 5007 2497 5065 minus
2527 5008 2689 5066 bene.

2071 5085 2096 5128 α
2149 5077 2359 5154 vulgati
2405 5077 2719 5154 Myrrhine,
2795 5077 3254 5154 quemadmodum
3312 5086 3370 5154 et
3417 5078 3596 5154 Gratci

1995 5146 2174 5222 oleum
2205 5146 2306 5206 hoc
2329 5146 2543 5208 vocant.
2570 5155 2646 5208 Ac
2671 5146 3106 5222 sane'myrrham
3130 5151 3392 5222 ungendis
3424 5150 3596 5219 capit-

1997 5221 2064 5276 lis
2105 5230 2393 5296 matronas
2426 5239 2490 5280 ac
2531 5225 2770 5296 virgines
2817 5221 3183 5293 usurpavisse,
3212 5221 3223 5222 ί
3252 5231 3589 5296 compertum

1997 5302 2100 5360 est,
2133 5307 2198 5348 ex
2226 5310 2334 5366 quo
2361 5295 2493 5351 illud
2525 5296 2831 5367 l'r0pertii:

2245 5394 2464 5447 Orontea
2487 5398 2651 5448 crines
2676 5396 2976 5461 perfundere
3002 5399 3215 5460 myrrha.

1993 5523 2240 5582 Concinit
2269 5534 2319 5581 et
2360 5526 2528 5581 Hebr.
2569 5535 2769 5592 textus,
2797 5538 2928 5587 'lTJt'l
2952 5535 3134 5617 tam,
3171 5506 3386 5582 tametsi
3417 5524 3585 5583 Chal-

1992 5619 2142 5676 dmus
2169 5617 2570 5692 Omphacinum,
2599 5628 2824 5710 pntpx,
2857 5632 3051 5676 vertat.
3089 5621 3157 5677 Ut
3183 5629 3239 5675 ut
3262 5636 3390 5678 vero
3414 5635 3474 5677 se
3501 5636 3592 5678 res

1997 5713 2212 5776 habeat,
2263 5730 2384 5770 cum
2419 5718 2614 5781 nostri,
2662 5725 2770 5770 tum
2802 5730 2942 5785 quos
2985 5725 3186 5782 prrcsto
3226 5713 3414 5769 habuit
3452 5714 3593 5768 Mar-

1997 5786 2132 5838 tian.
2175 5801 2309 5911 lmss.
2345 5787 2462 5855 pari
2499 5801 2693 5844 omnes
2731 5801 2997 5858 consensu
3032 5787 3252 5854 munitio
3280 5827 3295 5854 ,
3329 5796 3387 5842 ut
3422 5786 3596 5842 edidi-

1998 5871 2142 5924 mus.
2193 5867 2380 5929 cgnitt.

2121 5897 2142 5924 ο
2176 5894 2380 5924 Ινομιιιο
