4062 6348
478 283 618 346 “39
1492 279 1554 339 S.
1593 280 1974 340 HIERONYMI
2011 280 2249 342 DIVINA
2286 280 2761 341 BIBLIOTHECA.

3636 284 3783 359 “‘0

481 423 663 489 regem
694 406 835 489 ultra
860 402 1155 489 redeundi,
1187 401 1292 461 nisi
1313 399 1574 460 voluisset
1600 416 1720 473 rex,
1751 410 1806 459 et
1832 416 1953 460 eam
1977 416 2076 460 ve-
2103 404 2154 467 Α
2180 401 2322 489 quod
2343 410 2409 489 tu
2440 401 2733 474 polliceris,
2769 406 2919 457 tuum
2940 398 3033 470 sit,
3068 397 3140 457 de
3161 399 3362 473 populo
3386 414 3487 475 age

481 478 599 536 nire
620 481 871 550 jussisset
891 495 956 535 ex
981 478 1217 533 nomine.

561 544 792 609 Evoluto
834 562 1015 607 autem
1077 558 1319 619 tempore
1363 545 1752 619 perrordinetn
1777 586 1792 611 ,
1831 544 2078 619 instabat

488 623 641 692 dies,
683 638 793 690 quo
820 622 1019 678 Esther
1058 620 1166 675 ﬁlia
1188 616 1421 692 'Abihail
1468 618 1650 692 fratris
1698 616 2071 692 Mardoehazi,

489 689 650 766 quam
674 689 780 751 sibi
802 694 1152 763 adoptaverat
1179 690 1453 766 intibam,
1480 690 1699 766 intrare
1739 689 1965 766 deberet
2009 689 2077 766 ad

489 760 694 836 regem.
737 766 867 832 Quae
896 760 1003 820 non
1036 761 1284 836 quaesivit
1315 761 1639 836 muliebrem
1704 760 1935 836 cultum,
1978 761 2076 817 sed

487 832 844 908 quacumque
868 836 1038 892 voluit
1055 832 1244 908 ’Egeus
1266 833 1551 908 eunuchus
1577 839 1762 908 custos
1782 832 2075 908 virginum,

490 903 609 964 hmo
635 909 688 965 ei
713 903 783 965 ad
810 917 1063 964 ornatum
1094 906 1264 962 dedit.
1290 905 1419 961 Erat
1442 905 1587 963 enim
1616 903 1855 958 formosa
1888 904 2075 968 valde,

489 989 544 1035 et
566 978 876 1036 incredibili
908 978 1331 1049 pulchritudine,
1364 976 1603 1049 omnium
1633 976 1807 1049 oculis
1837 976 2078 1049 gratiosa

489 1060 545 1106 et
573 1051 825 1108 amabilis
857 1044 1164 1108 videbatur.
1197 1050 1367 1104 Ducta
1404 1060 1489 1103 est
1532 1048 1713 1115 itaque
1742 1044 1811 1101 ad
1846 1044 2076 1101 cubicu-

493 1122 606 1177 lum
634 1124 778 1194 regis
808 1122 1027 1178 Assueri
1084 1136 1271 1177 mense
1297 1118 1535 1194 decimo,
1570 1118 1664 1188 qui
1690 1129 1911 1194 vocatur
1934 1117 2081 1194 Tur:-

491 1210 651 1259 neru,
686 1188 921 1264 septimo
949 1209 1093 1249 anno
1124 1195 1277 1264 regni
1308 1192 1448 1262 ejus.
1483 1192 1551 1247 Et
1577 1189 1777 1264 amavit
1806 1188 1922 1264 [ΑΙ.
1942 1191 2080 1264 ada-

494 1264 692 1339 mavit]
713 1260 833 1339 eam
860 1282 956 1322 rex
988 1260 1289 1339 plusquam
1327 1260 1520 1318 omnes
1552 1260 1834 1326 mulieres,
1867 1260 2082 1316 habuit-

490 1353 599 1410 que
620 1335 849 1410 gr'atiam
871 1345 929 1393 et
953 1335 1378 1410 misericordiam
1402 1349 1584 1410 curam
1609 1347 1675 1387 eo
1699 1346 2079 1410 super_omn_es

494 1402 773 1486 muliEres,
805 1415 863 1466 et
889 1408 1067 1478 posuit
1094 1406 1343 1486 diadema
1361 1403 1975 1486 _regtt_i_in_‘capite.ejus,
2002 1402 2079 1486 fe-

492 1480 677 1551 citque
701 1495 820 1537 eam
851 1475 1083 1551 regnare
1115 1479 1169 1534 in
1199 1479 1322 1551 loco
1361 1475 1570 1533 \‘astlti.
1606 1476 1669 1551 Et
1694 1475 1860 1551 jussit
1880 1475 2082 1551 convi-

493 1546 641 1607 vium
684 1546 976 1624 praeparari
1006 1548 1447 1624 permaguilieum
1474 1549 1684 1603 cunctis
1722 1546 2078 1624 principibus,

496 1633 551 1679 et
586 1617 762 1680 servis
799 1617 936 1690 'suis,
970 1617 1070 1693 pro
1108 1617 1835 1693 conjunctione;et_nuptiis_
1858 1617 2076 1693 Esther.

497 1696 562 1749 Et
594 1695 742 1750 dedit
784 1687 1025 1766 requiem
1062 1687 1329 1766 universis
1362 1687 1778 1766 provinciis,’ae
1803 1687 1945 1744 dona
1972 1688 2083 1744 lar-

492 1768 636 1838 gitus
658 1776 739 1823 est
757 1761 907 1837 juxta
939 1761 1394 1835 magniﬁcentiam
1423 1761 1799 1838 principalem.

566 1833 813 1909 Cumque
840 1833 1080 1909 secundo
1104 1844 1478 1909 quaererentur
1506 1833 2083 1909 virgines_et_congre-

500 1903 782 1979 garentu'r,
835 1903 1210 1966 Mardochmtts
1243 1907 1496 1962 manebat
1535 1903 1613 1960 ad
1653 1904 1795 1979 regis
1820 1903 2085 1973 januam:

496 1974 723 2037 necdum
745 1974 1272 2051 prodideratEsther
1286 1979 1539 2051 patriam,
1560 1987 1614 2051 et
1631 1974 1883 2051 populum
1900 1987 2081 2051 suum,

491 2052 643 2121 juxta
677 2045 988 2107 mandatum
1028 2050 1166 2120 ejus.
1197 2045 1467 2121 Quidquid
1499 2047 1773 2121 enim‘ille
1797 2045 2084 2121 prmcipie-

500 2116 611 2189 bat,
634 2122 958 2180 observabat
986 2116 1184 2177 Esther
1207 2116 1305 2176 :et
1333 2116 1406 2175 ita
1435 2129 1628 2176 cuneta
1652 2116 1905 2189 faciebat,
1937 2126 1995 2171 ut
2018 2130 2085 2172 eo

499 2187 749 2269 tempore
778 2193 933 2249 solita
961 2203 1080 2249 erat
1102 2207 1211 2265 quo
1230 2193 1653 2269 eam_parvu_lam
1682 2187 1974 2269 nutriebat.
2009 2256 2021 2269 .

570 2259 649 2321 Eo
681 2265 846 2336 igitur
880 2259 1144 2336 tempore}
1165 2277 1294 2336 quo
1321 2259 1690 2336 Mardochaaus
1729 2259 1809 2336 ad
1838 2259 1981 2329 regis
1997 2259 2088 2336 ja-

499 2352 660 2393 tmam
688 2328 1022 2400 morabatur,
1054 2334 1178 2390 irati
1204 2328 1332 2389 sunt
1359 2332 1634 2404 Bagathan
1665 2339 1723 2387 et
1749 2328 1955 2404 Titares
1976 2328 2085 2404 duo

496 2408 733 2483 eunuchi
757 2408 920 2478 regis,
945 2401 1532 2483 qui_janitores_era'nt,
1573 2412 1630 2459 et
1652 2401 1912 2483 in_primo
1938 2402 2088 2483 pala-

499 2480 557 2535 tii
596 2478 783 2534 limine
817 2474 1183 2548 praesidebant
1214 2495 1228 2531 :
1270 2477 1683 2548 voluertmtque
1708 2474 1988 2542 insurgere
2017 2474 2085 2548 in

497 2566 701 2619 regem,
724 2560 779 2625 et
800 2544 1056 2606 decidere
1085 2564 1231 2625 eum.
1264 2548 1419 2625 Quod
1449 2544 1986 2625 Mardochaeumnnou
2016 2544 2085 2625 la-

499 2614 621 2689 tuit,
645 2621 939 2693 statimque
966 2621 1235 2693 nuntiavit
1255 2614 1677 2693 reginaclslsther
1702 2633 1714 2669 :
1741 2624 1795 2671 et
1811 2614 2085 2693 _illa_rcgi,

498 2710 567 2749 ex
607 2687 1245 2758 rnomine'Mardoehtei,
1286 2687 1379 2762 qui
1416 2688 1485 2745 ad
1526 2703 1587 2744 se
1625 2703 1741 2742 rem
1790 2687 2085 2741 detulerat.

498 2766 797 2834 Quaesitum
828 2774 944 2831 est,
992 2772 1049 2820 et
1087 2766 1421 2834 inventum:
1452 2770 1509 2817 et
1541 2772 1824 2834 appensus_
1851 2764 2088 2834 uterque

499 2827 687 2893 Eorum
724 2849 811 2891 εει
841 2835 893 2891 in
922 2827 1186 2906 patibulo.
1238 2827 1656 2903 Mandatumque
1695 2837 1781 2887 est
1809 2827 2085 2896 historiis,

500 2916 557 2964 et
576 2907 865 2964 annalibus
885 2907 1149 2961 traditum
1177 2920 1363 2962 coram
1393 2920 1557 2976 rege;

569 2978 730 3051 [Cap.
765 2977 894 3051 lll.]
918 2978 1047 3051 Post
1072 2978 1188 3051 hzee
1212 2993 1313 3033 rex
1340 2971 1610 3051 Assuerus
1626 2971 1889 3051 exaltavit
1914 2976 2087 3051 Aman

500 3046 688 3106 iiIi-um'
712 3046 1022 3114 Amadathi,
1055 3049 1146 3120 qui
1176 3057 1298 3105 erat
1323 3050 1392 3104 de
1413 3050 1584 3120 stirpe
1609 3049 1758 3116 Agag
1790 3061 1804 3101 :
1828 3052 1885 3120 et
1909 3046 2090 3120 posuit

498 3122 699 3178 solium
738 3120 858 3192 ejus
897 3114 1278 3192 super‘omnes
1324 3114 1618 3192 principes,
1664 3114 1803 3192 quos
1832 3114 2086 3192 habebat.

2183 478 2380 545 placet.

2252 546 2546 618 Vocatique
2571 553 2700 603 sunt
2725 545 2920 601 scribae
2958 544 3106 614 regis
3131 560 3323 618 mense
3369 546 3547 618 primo
3575 547 3777 617 Nrsu,

2181 619 2341 673 tertia
2367 616 2573 674 decima
2605 619 2693 674 die
2734 618 2978 687 ejusdem
3021 616 3246 681 mensis,
3276 626 3331 673 et
3367 616 3633 688 scriptum
3662 616 3775 688 cst,

2182 700 2238 745 ut
2259 690 2495 759 jusserat
2521 690 2715 758 Aman,
2750 688 2819 762 ad
2845 703 3036 743 omnes
3064 699 3310 760 satrapas
3348 691 3515 759 regis,
3550 699 3607 745 et
3636 691 3782 762 judi-

2179 776 2276 816 ces
2297 762 2722 834 provinciarum,
2760 760 3215 834 diversarumque
3251 762 3517 832 gentium,
3550 775 3610 817 ut
3631 760 3780 834 quae-

2179 848 2286 903 que
2309 848 2443 904 gens
2474 833 2654 904 legere
2683 840 2921 904 poterat,
2954 838 3011 886 et‘
3034 833 3223 889 audire
3254 849 3354 904 pro
3380 833 3782 890 varietatelin-

2180 902 2428 974 gttarum,
2454 902 2770 960 ex'nomine
2801 902 2941 973 regis
2964 904 3182 959 Assueri
3218 902 3308 961 :et
3331 905 3529 960 litterae
3554 907 3781 975 signata:

2182 976 2353 1046 ipsius
2380 976 2601 1045 annulo,
2635 976 2817 1030 missa:
2842 982 2971 1031 sunt
2996 989 3094 1044 per
3116 991 3370 1033 cursores
3390 978 3536 1046 regis
3562 978 3631 1031 ad
3665 978 3783 1032 uni-

2182 1061 2370 1102 versas
2398 1047 2730 1116 provincias,
2760 1054 2822 1101 ut
2849 1047 3162 1102 occiderent
3186 1057 3355 1118 atque
3386 1047 3639 1104 delerent
3659 1066 3779 1104 om-

2182 1133 2279 1174 nes
2309 1118 2547 1183 Judaeos,
2576 1136 2605 1173 a
2644 1134 2833 1190 puero,
2855 1132 3025 1189 usque
3063 1119 3131 1173 ad
3168 1132 3379 1187 senem,
3425 1121 3686 1189 parvulos
3723 1130 3782 1176 et

2183 1190 2468 1256 mulieres,
2509 1205 2619 1246 uno
2644 1187 2783 1257 'die,
2821 1187 3064 1257 hoe'cst,
3104 1190 3270 1246 tertio
3313 1187 3530 1247 decimo
3579 1192 3783 1248 mensis

2182 1261 2489 1318 duodecimi
2500 1261 2593 1334 qui
2612 1270 2834 1318 vocatur
2848 1263 3018 1323 Anan,
3035 1271 3088 1317 et
3103 1262 3243 1334 bona
3256 1278 3444 1334 eorum
3458 1262 3779 1334 diriperent.

2254 1334 2475 1389 Summa
2513 1332 2695 1390 autem
2737 1334 3087 1403 epistolarum
3129 1332 3246 1388 haec
3288 1332 3423 1399 fuit,
3474 1344 3534 1389 ut
3571 1332 3776 1390 omnes

2221 1405 2476 1479 rovineia:
2498 1406 2725 1470 scirent,
2752 1412 2806 1459 et
2824 1405 3251 1479 pararentsead
3274 1406 3590 1477 praedictam
3611 1407 3776 1462 diem.

2231 1476 2543 1532 estiuabant
2578 1476 2853 1543 cursores,
2892 1476 2985 1547 qui
3021 1476 3172 1548 missi
3202 1487 3383 1542 erant,
3429 1479 3573 1548 regis
3612 1479 3785 1548 impe-

2183 1549 2323 1603 rium
2348 1548 2587 1619 explere.
2614 1546 2924 1618 Statimque
2945 1548 2999 1602 in
3029 1546 3475 1619 Susispependit
3496 1546 3780 1618 edictum,

2185 1634 2312 1689 rege
2341 1627 2398 1675 et
2422 1618 2614 1675 ’Aman
2647 1619 2960 1675 celebrante
2988 1618 3300 1675 convivium
3320 1658 3337 1688 ,
3370 1628 3427 1677 et
3466 1622 3682 1678 cunctis
3717 1631 3780 1690 ⁸,

2184 1693 2275 1762 qui
2306 1690 2358 1762 i_n
2388 1693 2524 1762 urbe
2543 1700 2720 1762 erant,
2750 1689 3025 1747 ﬂentibus.

2259 1760 2426 1835 [ϐαρ.
2455 1761 2585 1835 lV.]
2616 1761 2750 1830 Quae
2776 1778 2903 1835 cum
2933 1760 3178 1818 audisset
3204 1760 3599 1835 Mardocharus,
3622 1763 3784 1820 scidit

2111 1809 2162 1872 Β
2190 1809 2512 1907 tartareus
2531 1809 2749 1902 stat};
2772 1809 3609 1907 i'n'iiinGEEQEEEEEBZEEEEBE
3622 1809 3783 1892 23;;

2187 1920 2302 1979 rem
2329 1904 2491 1979 capiti
2524 1922 2539 1959 :
2568 1914 2623 1961 et
2649 1907 2702 1979 in
2727 1906 2901 1975 platea
2926 1906 3116 1979 mediae
3144 1904 3389 1961 civitatis
3412 1904 3551 1979 voce
3579 1922 3774 1979 magna

2185 1976 2473 2044 clamabat,
2506 1978 2802 2033 ostendens
2827 1976 3243 2032 amaritudinem
3267 1978 3432 2034 animi
3458 1979 3566 2046 sui,
3598 1986 3652 2033 et
3677 1976 3782 2036 hoc

2185 2047 2388 2117 ejulatu
2430 2063 2603 2120 usque
2645 2048 2712 2102 ad
2757 2049 2902 2103 tores
2938 2048 3119 2120 palatii
3161 2048 3439 2119 gradiens.
3483 2049 3603 2106 Non
3634 2052 3779 2109 enim

2186 2130 2301 2174 erat
2327 2118 2529 2176 licituni
2563 2120 2809 2175 indutum
2835 2133 2995 2175 sacco
3026 2118 3206 2174 aulam
3238 2122 3383 2191 regis
3410 2123 3634 2177 intrare.

2262 2192 2315 2245 In
2358 2192 2610 2246 omnibus
2646 2206 2863 2261 quoque
2898 2192 3220 2261 provinciis,
3252 2192 3490 2262 oppidis,
3514 2210 3581 2250 ac
3612 2193 3780 2262 locis,

2187 2261 2253 2317 ad
2280 2278 2401 2330 qua:
2421 2262 2815 2334 crudeleiregis
2837 2261 3030 2333 dogma
3063 2261 3402 2333 pervenerat,
3427 2266 3680 2334 planctus
3702 2261 3780 2321 iné

2186 2348 2319 2405 gens
2340 2345 2459 2390 erat
2480 2336 2619 2405 apud
2643 2333 2881 2402 Judazos,
2902 2334 3193 2403 jejunium,
3225 2335 3483 2403 ululatus,
3515 2347 3571 2392 et
3598 2337 3775 2405 ﬂetus,

2185 2419 2345 2460 sacco
2374 2413 2430 2460 et
2454 2406 2638 2462 cinere
2665 2405 2851 2461 multis
2882 2422 2980 2475 pro
2995 2415 3168 2461 strato
3196 2407 3496 2464 utentibus.

2260 2475 2525 2542 Ingressa:
2572 2486 2753 2533 autem
2793 2486 2920 2533 sunt
2960 2478 3150 2547 puella:
3190 2475 3386 2533 Esther
3424 2490 3480 2534 et
3506 2481 3778 2547 eunuchi,

2189 2550 2682 2620 nuntiaveruutque
2719 2548 2793 2604 ei.
2822 2548 2977 2616 Quod
3021 2547 3250 2603 audiens
3279 2559 3626 2606 consternata
3655 2561 3739 2607 est
3763 2570 3777 2606 :

2187 2630 2244 2676 et
2283 2619 2432 2676 misit
2467 2619 2696 2685 vestem,
2737 2626 2814 2684 ut,
2861 2620 3045 2675 ahlato
3080 2634 3271 2690 sacco,
3305 2620 3600 2678 induerent
3628 2638 3775 2690 eum,

2188 2706 2352 2762 quam
2382 2692 2630 2761 accipere
2660 2690 2853 2746 noluit.
2878 2692 3172 2759 Accitoque
3198 2688 3227 2729 δ
3251 2690 3466 2748 Athach
3495 2688 3779 2761 eunucho,

2189 2761 2350 2831 quem
2379 2777 2475 2818 rex
2509 2762 2816 2818 ministrum
2849 2761 2902 2834 ei
2937 2762 3165 2819 dederat
3210 2766 3466 2834 praecepit
3494 2766 3546 2821 ei
3590 2776 3648 2821 ut
3680 2767 3781 2822 iret

2189 2833 2256 2889 ad
2293 2834 2716 2899 Mardochazum,
2748 2842 2805 2889 et
2832 2833 3066 2891 disceret
3098 2835 3166 2889 ab
3204 2848 3271 2890 eo
3300 2833 3401 2891 cur
3425 2836 3529 2892 hoc
3559 2835 3780 2894 faceret.

2191 2906 2557 2976 Egressusque
2587 2905 2820 2973 Athach,
2854 2906 2952 2961 ivit
2990 2905 3060 2961 ad
3097 2905 3498 2975 Mardoehteum
3548 2916 3779 2964 stantem

2189 2976 2245 3050 in
2276 2976 2454 3050 platea
2482 2976 2897 3050 civitatis,ante
2927 2979 3126 3032 ostium
3158 2976 3341 3050 palatii
3367 2995 3381 3030 :
3404 2979 3495 3050 qui
3526 2981 3781 3036 indicavit

2190 3049 2241 3104 ei
2264 3048 2445 3103 omnia
2466 3064 2586 3117 qua:
2618 3048 2952 3121 acciderant,
2991 3048 3265 3121 quomodo
3296 3048 3473 3105 Aman
3504 3052 3783 3121 promisis-

2189 3126 2296 3187 set,
2327 3130 2384 3175 ιιι
2406 3121 2459 3175 in
2496 3122 2781 3192 thesauros
2805 3118 2930 3192 [AL
2965 3118 3249 3192 thesauro]
3275 3121 3421 3190 regis
3454 3118 3553 3190 pro
3570 3122 3786 3178 Iudaeo-

497 3185 802 3263 Cunctique
822 3185 983 3249 servi'
999 3193 1162 3261 regis,
1186 3185 1346 3264 quiin
1364 3185 1572 3264 foribus
1592 3185 1778 3261 palatii
1800 3185 2090 3264 versaban-
2118 3201 2166 3264 ο
2196 3185 2314 3264 rum
2348 3206 2482 3264 nece
2511 3190 2740 3264 inferret
2760 3185 3067 3264 argentum.
3101 3185 3396 3264 Exemplar
3416 3185 3637 3264 quoque
3665 3194 3779 3250 edi-

501 3276 608 3333 tur,
637 3257 926 3321 ﬂectebant
953 3257 1157 3335 genita,
1183 3257 1238 3319 et
1266 3262 1568 3335 adogabant
1588 3257 1769 3335 Aman
1797 3274 1821 3335 :_
1838 3257 1918 3313 sic
1943 3261 2090 3313 enim

499 3331 601 3410 eis
627 3331 979 3410 praeceperat
1007 3335 1328 3410 imperator.
1374 3332 1537 3410 Solus
1586 3331 1957 3410 Mardoehagus
1984 3344 2091 3386 non

500 3399 756 3463 ﬂectebat
789 3399 956 3477 genu,
1002 3399 1180 3476 nedue
1215 3406 1491 3477 adorabat
1522 3400 1807 3477 eum._(_iui
1837 3399 2095 3477 dixerunt

505 3479 655 3549 pueri
696 3472 860 3550 regis,
891 3472 983 3548 qui
1020 3472 1267 3550 ad'lores
1313 3475 1497 3548 palatii
1539 3472 1944 3550 praesidebant}
1983 3472 2095 3529 Cur

505 3543 700 3622 praeter
724 3543 957 3622 caeteros
984 3543 1374 3622 uongobservas
1396 3543 1715 3622 mandatum
1732 3543 1918 3622 regis?

572 3620 820 3693 Cumque
859 3621 963 3676 hoc
996 3621 1246 3677 crebrius
1272 3620 1540 3687 dicerent,
1570 3629 1624 3675 et
1660 3617 1755 3693 ille
1802 3615 1970 3671 nollet
1999 3631 2096 3671 au-

503 3694 651 3757 dire,
698 3689 1090 3748 nuntiaverunt
1134 3693 1344 3761 Aman,
1392 3694 1534 3746 seire
1582 3689 1869 3761 cupientes
1913 3696 2092 3741 utrum

505 3774 889 3831 perseveraret
915 3763 1285 3819 in-seutentia
1311 3758 1567 3819 {dixerat
1604 3761 1749 3816 enim
1782 3758 1861 3814 eis
1890 3773 1952 3831 se
1975 3773 2097 3813 esse

501 3830 775 3892 Judaeum.
807 3834 962 3904 Quod
992 3848 1116 3889 cum
1152 3834 1396 3890 audisset
1414 3841 1609 3896 Aman,
1632 3841 1689 3904 et
1719 3830 2095 3903 experimento

504 3906 812 3977 probasset,
838 3903 983 3974 quod
1003 3905 1377 3961 Mardoehreus
1397 3918 1504 3959 non
1531 3904 1637 3959 sibi
1661 3903 1908 3977 ﬂecteret
1928 3917 2095 3977 genu,

505 3972 607 4033 nec
635 3992 695 4031 se
723 3972 999 4043 adoraret,
1024 3977 1195 4031 iratus
1219 3984 1307 4035 est
1326 3976 1504 4043 valde,
1532 3985 1588 4030 et
1615 3989 1714 4044 pro
1740 3972 1914 4029 nihilo
1938 3972 2095 4028 duxit

504 4050 558 4105 in
590 4064 757 4103 unum
787 4047 1186 4104 Mardochmum
1231 4047 1449 4102 mittere
1478 4061 1674 4101 manus
1702 4060 1830 4100 suas
1864 4059 1879 4100 :
1911 4046 2097 4100 audie-

502 4130 589 4176 rat
617 4121 762 4175 enim
803 4118 946 4190 quod
969 4128 1118 4174 esset
1152 4117 1331 4188 gentis
1357 4116 1579 4173 Judmm.
1617 4117 1892 4186 Magisque
1915 4117 2098 4190 voluit

502 4207 719 4247 omnem
749 4186 1083 4258 Judteorum,
1114 4186 1208 4263 qui
1236 4199 1393 4246 erant
1419 4191 1472 4244 in
1502 4203 1672 4260 regno
1707 4186 1950 4252 Assueri,
1977 4202 2098 4258 pcr-

502 4265 635 4318 dere
662 4264 958 4318 nationetn.

575 4334 761 4411 Mense
791 4334 969 4404 primo
1002 4332 1198 4411 (cujus
1240 4332 1568 4411 vocabulum
1598 4340 1683 4388 est
1711 4328 1916 4411 Nisam)
1953 4343 2098 4385 anno

504 4404 1025 4477 duodecimoregni
1050 4407 1299 4477 Assueri,
1331 4405 1500 4461 missa
1540 4413 1626 4460 est
1647 4417 1767 4477 sors
1797 4404 1849 4456 in
1877 4417 2096 4477 urnam,

503 4492 625 4547 «pne
656 4473 1155 4533 Hebraice'dicitur
1193 4478 1366 4541 Pnon,
1413 4491 1597 4532 coram
1641 4476 1843 4539 Aman,
1874 4488 1982 4547 quo
2007 4473 2100 4529 die

504 4544 559 4603 et
588 4563 695 4618 quo
726 4562 913 4619 inetise
954 4563 1092 4619 gens
1128 4547 1440 4605 Judmorum
1474 4547 1703 4604 deberet
1722 4544 1965 4619 interﬁci
1999 4561 2015 4600 :
2043 4558 2098 4600 et

505 4618 904 4691 cxivitgmensis
933 4617 1310 4688 d'uodecimus,
1333 4621 1427 4691 qui
1457 4631 1680 4691 vocatur
1706 4617 1879 4691 Anan.

578 4689 835 4762 Dixitque
878 4696 1052 4762 Aman
1097 4693 1210 4761 regi
1254 4689 1543 4747 Assuero:
1584 4689 1681 4745 Est
1724 4689 1954 4758 populus
2000 4703 2098 4758 per

503 4777 699 4818 outnes
725 4761 1032 4834 provincias
1058 4764 1209 4833 regni
1238 4764 1313 4819 tui
1342 4762 1643 4833 dispersus,
1676 4770 1729 4817 et
1758 4773 1790 4813 a
1818 4774 1878 4834 se
1909 4768 2098 4815 mutuo

504 4831 816 4907 separatus,
845 4836 1000 4907 novis
1050 4831 1207 4890 utens
1245 4831 1453 4906 legibus
1481 4842 1537 4907 et
1565 4831 1928 4907 ea‘remoniis
1947 4834 2097 4907 insui

507 4902 606 4974 per
645 4917 699 4963 et
728 4902 889 4977 regis
905 4906 1042 4971 scita
1063 4902 1441 4963 contemnens.
1475 4906 1538 4962 Et
1564 4906 1768 4976 optime
1790 4904 1931 4977 nosti
1952 4902 2097 4975 quod

506 4993 612 5033 non
650 4975 906 5050 expediat
936 4994 1101 5049 regno
1135 4990 1226 5033 tuo
1254 4988 1311 5033 ut
1340 4975 1631 5035 insolescat
1670 4991 1766 5050 per
1795 4975 2095 5050 licentiam.

506 5050 577 5121 si
604 5050 700 5106 tibi
724 5046 947 5120 'placet,
989 5046 1227 5107 decerno
1268 5058 1329 5106 ut
1352 5061 1583 5121 pereat:
1620 5046 1679 5105 et
1707 5048 1898 5103 decem
1925 5046 2097 5103 millia

511 5119 837 5195 talentorum
858 5122 1162 5195 appendam
1186 5119 1413 5179 areariis
1441 5136 1590 5191 gaza:
1614 5130 1743 5195 tuae.

584 5190 1023 5267 'l‘ulitergo'i'ex
1064 5196 1351 5267 annulum,
1390 5210 1497 5267 quo
1530 5192 1799 5267 utebatur,
1840 5191 1911 5247 de
1939 5206 2104 5267 manu

513 5280 634 5330 sua,
663 5274 717 5320 et
741 5263 890 5320 dedit
916 5281 1039 5321 eum
1078 5268 1253 5323 Aman
1284 5263 1711 5323 tilio'Amadathi
1748 5264 1818 5334 de
1849 5263 2106 5334 progenie
2150 5282 2155 5286 '

513 5339 685 5410 Agag,
718 5335 860 5393 hosti
887 5335 1227 5410 Iudaeorum,
1250 5338 1493 5411 dixitque
1513 5337 1583 5394 ad
1605 5351 1729 5394 eum
1751 5333 2102 5408 :Argentum,

583 5556 610 5586 ⁸
641 5544 902 5619 Scholion
951 5545 1287 5619 marginale,
1351 5546 1494 5619 quod
1545 5547 1739 5619 visitur
1764 5560 1796 5601 e
1837 5545 2011 5604 latere
2048 5547 2103 5603 in

436 5640 442 5647 ·
514 5621 739 5676 Canone
763 5617 1116 5683 Memmiana,
1147 5617 1462 5675 translatum
1502 5629 1584 5677 est
1626 5618 1681 5673 in
1706 5627 2020 5675 contextum
2043 5620 2109 5674 li-

523 5693 749 5747 brorum
778 5688 1081 5758 editorum,
1113 5690 1339 5745 verbum
1368 5691 1625 5748 videlicet
1653 5690 1796 5747 istud
1821 5732 1838 5757 ,
1885 5690 2106 5747 Judaa’s.

521 5764 598 5817 lta
645 5772 706 5818 ut
750 5763 843 5834 sit,
862 5774 1079 5828 sensus,
1109 5762 1304 5816 cunctis
1340 5760 1544 5834 Judwis
1572 5764 1633 5834 in
1656 5763 1780 5818 urbe
1818 5764 2057 5834 ﬂentibus
2088 5779 2108 5819 :

525 5849 648 5889 cum
694 5834 751 5891 in
799 5832 1033 5893 Hebraeo
1058 5847 1214 5905 aeque
1260 5846 1324 5891 ac
1353 5830 1407 5890 in
1438 5847 1571 5892 mss.
1613 5830 1827 5911 Latinis
1868 5834 2111 5906 legamus

2197 3263 2293 3329 eti,
2334 3263 2477 3338 quod
2528 3263 2800 3333 pendebat
2840 3264 2892 3317 in
2939 3262 3120 3331 Susis,
3169 3262 3320 3338 dedit
3359 3262 3447 3332 ei,
3488 3262 3559 3338 ut
3590 3267 3787 3338 regiam

2198 3335 2535 3409 ostenderet,
2578 3344 2632 3391 et
2663 3343 2912 3390 moneret
2949 3350 3096 3399 eam,
3131 3343 3191 3409 ut
3219 3334 3451 3409 intraret
3479 3337 3549 3392 ad
3579 3334 3786 3409 regem,

2197 3415 2253 3477 et
2276 3405 2669 3477 deprecaretur
2700 3420 2823 3477 eum
2863 3422 2960 3475 pro
2989 3406 3188 3477 popqu
3216 3421 3338 3462 suo.
3382 3405 3690 3475 Regressus
3714 3408 3787 3464 A-

2199 3476 2383 3543 thach,
2416 3477 2686 3533 nuntiavit
2708 3476 2906 3533 Esther
2932 3476 3137 3544 omnia,
3165 3493 3285 3549 quae
3306 3478 3687 3536 Mardoeharus
3707 3481 3785 3535 di-

2198 3559 2371 3604 xerat.
2398 3550 2529 3617 Quae
2570 3548 2851 3619 respondit
2874 3551 2946 3615 ei,
2974 3558 3029 3605 et
3052 3548 3212 3619 jussit
3241 3558 3303 3603 ut
3335 3550 3544 3606 diceret
3576 3551 3790 3607 Mardo-

2196 3620 2379 3674 clueo:
2397 3624 2597 3676 Omnes
2616 3619 2761 3676 servi
2789 3622 2955 3691 regis,
2987 3630 3043 3676 et
3059 3629 3294 3686 cunctas,
3320 3637 3442 3691 quae
3462 3623 3567 3677 sub
3588 3624 3790 3679 ditioue

2195 3691 2315 3759 ejus
2343 3702 2492 3759 sunt,
2526 3700 2723 3747 norunt
2748 3693 3062 3760 provinciae,
3091 3691 3237 3760 quod
3262 3694 3379 3747 sive
3400 3693 3505 3759 vir,
3536 3696 3658 3750 sive
3680 3711 3789 3749 mu-

2197 3761 2319 3834 lier,
2352 3774 2375 3802 ο
2402 3780 2509 3819 non
2538 3773 2783 3832 vocatus,
2815 3762 3042 3819 interius
3070 3765 3268 3819 atrium
3298 3765 3445 3834 regis
3483 3766 3785 3831 intraverit,

2196 3833 2402 3904 absque
2449 3835 2556 3890 ulla
2604 3835 2955 3891 cunctatione
3002 3834 3186 3891 statim
3249 3833 3608 3892 interﬁciatur
3643 3855 3659 3891 :
3690 3838 3787 3892 nisi

2197 3903 2340 3980 forte
2369 3922 2463 3963 rex
2487 3922 2704 3962 auream
2730 3907 2934 3980 virgam
2958 3907 3024 3980 ad
3047 3920 3171 3980 eum
3197 3906 3493 3980 tetenderit
3515 3923 3617 3977 pro
3639 3909 3790 3980 signo

2197 3977 2523 4046 clementiae,
2554 3989 2716 4048 atque
2753 3976 2835 4033 ita'
2872 3978 3045 4048 possit
3067 3976 3270 4032 vivere.
3318 3978 3433 4050 Ego
3462 3976 3627 4049 igitur
3654 3976 3786 4049 quo.

2200 4050 2363 4122 modo
2383 4052 2451 4103 ad
2475 4064 2658 4119 regem
2687 4050 2890 4105 intrare
2909 4059 3127 4122 potero,
3151 4062 3273 4122 quae
3299 4052 3521 4122 triginta
3546 4050 3658 4121 jam
3682 4052 3790 4106 die-

2199 4120 2301 4174 bus
2329 4136 2437 4176 non
2480 4138 2600 4175 sum
2633 4131 2819 4175 vocata
2865 4120 2933 4176 ad
2979 4121 3141 4175 cum?
3181 4120 3337 4186 Quod
3380 4137 3504 4177 cum
3552 4120 3789 4177 audisset

2197 4188 2596 4259 Mardochmus,
2642 4206 2857 4247 rursum
2893 4191 3175 4247 mandavit
3210 4190 3430 4260 Esther,
3463 4193 3789 4250 dicensch

2198 4273 2358 4337 putes
2389 4263 2531 4337 quod
2576 4264 2812 4319 animam
2853 4273 2998 4319 tuam
3043 4271 3261 4337 tantum
3309 4264 3530 4337 liberes,
3580 4265 3709 4337 quia
3739 4267 3789 4319 in

2198 4332 2365 4406 domo
2395 4334 2540 4401 regis
2569 4350 2631 4391 es
2657 4350 2769 4406 pra:
2801 4337 3013 4392 cunctis
3038 4333 3241 4391 Judaeis
3270 4336 3355 4390 :si
3385 4337 3529 4390 enim
3558 4332 3701 4391 nunc
3722 4354 3789 4391 sr-

2199 4405 2384 4470 Ittcris,
2411 4421 2509 4475 per
2533 4405 2692 4461 aliam
2723 4409 3067 4464 occasionem
3099 4407 3477 4462 liberabuntur
3504 4407 3682 4463 Judaei
3710 4417 3793 4463 :et

2205 4485 2360 4549 tu,et
2383 4481 2578 4549 domus
2604 4479 2769 4548 patris
2792 4480 2867 4534 tui
2890 4478 3157 4549 peribitis.
3189 4477 3397 4547 thuis
3420 4481 3592 4545 novit,
3620 4489 3793 4535 utrum

2204 4547 2408 4631 idcirco
2432 4547 2505 4660 3d
2539 4547 2761 4621 regnum
2791 4547 3032 4618 veneris,
3067 4558 3128 4605 ut
3166 4550 3222 4606 in
3262 4550 3359 4606 tali
3401 4559 3650 4623 tempore
3692 4566 3786 4623 pa-

2204 4632 2403 4660 rumne

2201 4632 2403 4675 rarerts
2432 4632 2449 4675 Ξ

2275 4693 2618 4765 [tut-sumque
2650 4691 2850 4750 Esther
2876 4692 2993 4748 haec
3019 4692 3359 4750 Mardochreo
3383 4694 3550 4751 verba
3572 4693 3795 4751 manda-

2200 4762 2276 4818 vit
2304 4778 2320 4819 :
2355 4762 2504 4837 Vade
2529 4762 2582 4821 et
2614 4779 2883 4836 congrega
2907 4765 3367 4837 omnesiJudtcos,
3398 4782 3534 4837 quos
3568 4771 3624 4823 in
3648 4767 3796 4825 Susis

2201 4835 2493 4905 repereris,
2536 4846 2592 4892 et
2621 4847 2774 4893 orate
2804 4854 2902 4907 pro
2930 4852 3041 4893 me.
3077 4836 3192 4893 Non
3221 4835 3550 4904 comedatis,
3596 4850 3653 4894 et
3694 4856 3794 4894 non

2202 4907 2399 4981 bibatis
2430 4908 2603 4981 tribus
2629 4909 2841 4981 diebus,
2873 4918 2930 4965 ct
2946 4908 3124 4981 tribus
3153 4911 3443 4965 noctibus:
3469 4921 3524 4965 et
3546 4927 3649 4981 ego
3677 4926 3791 4966 cum

2201 4979 2413 5033 ancillis
2442 4980 2581 5035 meis
2611 4980 2864 5036 similiter
2883 4979 3169 5052 jejunabo,
3196 4989 3253 5036 et
3275 4992 3402 5037 tunc
3432 4979 3711 5052 ingrediar
3730 4983 3791 5036 ad

2202 5064 2408 5119 regem,
2432 5060 2622 5125 contra
2647 5052 2821 5125 legem
2847 5054 3073 5125 iaciens,
3098 5068 3203 5108 non
3216 5063 3445 5125 vocata,
3472 5054 3794 5125 tradensque

2205 5136 2294 5176 me
2314 5124 2474 5177 morti
2500 5133 2554 5179 et
2577 5124 2843 5194 periculo.
2876 5123 2981 5179 lvit
3006 5124 3194 5195 itaque
3213 5123 3612 5194 Mardoeltteus,
3643 5136 3700 5181 et
3713 5123 3794 5183 te-

2206 5195 2640 5267 cit_omniai_qu_:e
2673 5195 2721 5251 ei
2755 5195 2956 5251 Esther
2987 5207 3346 5267 praeceperat.

2280 5263 2453 5351 [βαρ.
2480 5263 2589 5351 νζ]
2621 5267 2921 5351 Dieautem
2952 5263 3329 5351 tertioinduta
3368 5277 3455 5351 est
3483 5268 3688 5325 Esther
3709 5283 3793 5351 re.

2210 5337 2419 5410 galibus
2449 5337 2816 5409 vestimentis,
2860 5345 2918 5397 et
2943 5340 3094 5397 stetit
3121 5340 3181 5396 in
3208 5339 3351 5396 atrio
3377 5341 3574 5398 domus
3613 5338 3789 5414 regite,

2209 5545 2480 5620 absolute,
2503 5546 2709 5618 absque
2736 5547 3051 5605 Iudaeorum
3080 5547 3371 5620 vocabulo,
3403 5548 3605 5605 cunctis
3630 5549 3718 5620 qui
3745 5549 3794 5603 in

2214 5617 2340 5691 urbe
2368 5629 2515 5675 erant
2542 5617 2805 5691 ﬂentibus.
2840 5622 3018 5677 Mur.

2286 5688 2314 5728 δ
2353 5691 2412 5765 in
2440 5688 2655 5765 Reginae
2675 5706 2779 5748 ms.
2816 5701 3122 5765 arreptoque
3151 5691 3345 5748 Athace
3374 5700 3629 5763 eunucho,
3660 5705 3759 5750 etc.

2290 5762 2475 5840 faU‘tto
2503 5764 2673 5821 verbo
2698 5762 2945 5821 Palatia;
2967 5779 3071 5820 ms.
3100 5765 3389 5822 invocatus.
3420 5762 3623 5837 Sicque
3644 5766 3795 5840 paulo

2222 5835 2359 5894 intra
2388 5836 2627 5894 invocata
2652 5851 2752 5908 pro
2777 5852 2880 5893 non
2907 5844 3108 5893 vocata.
3189 5903 3196 5910 _
